2422 3862
129 234 202 316 ooo„
420 234 453 294 n.
475 233 623 295 annam
645 233 821 295 summu

130 396 200 450 ante
214 387 378 463 loquebar,
395 395 551 462 praestare
566 402 626 446 non
642 391 784 462 possunt.
803 385 879 447 ludit
892 387 960 448 istis
976 384 1108 462 animus,

130 489 190 534 non
206 471 328 547 proficit
341 480 371 531 et
387 469 612 546 philosophiam
627 485 645 529 a
660 470 782 546 fastigio
795 486 852 531 suo
864 469 990 532 deducit
999 471 1031 531 in
1043 474 1108 549 pla·

99 564 210 617 anum.
241 556 348 616 Necte
362 554 570 630 prohibuerim
585 554 751 628 aliquando
765 553 826 614 ista
840 569 941 629 agere,
958 555 1015 614 sed
1026 563 1108 631 tunc,

129 657 197 702 curn
213 641 299 700 voles
314 638 387 699 nihil
402 654 503 714 agere.
520 638 580 698 hoc
595 644 695 698 tamen
711 638 824 698 habent
839 639 869 698 in
882 654 918 698 se
927 638 1107 714 pessimum,

129 725 321 785 dulcedinem
334 723 497 797 quamdam
505 722 553 783 sui
565 722 716 783 iaciuntet
727 721 860 782 animum
872 722 979 798 specie
991 722 1106 786 subtili·

127 809 198 869 tatis
212 809 367 868 inductum
379 812 483 867 tenent
493 822 530 866 ac
544 813 708 879 morantur,
724 823 793 867 cum
804 814 886 868 tanta
895 822 1000 867 rerum
1010 808 1109 868 moles

127 898 231 964 vocet,
253 906 322 950 cum
347 891 399 948 vix
419 896 483 950 tota
503 890 565 949 vita
586 890 734 963 sufficiat,
756 897 789 951 ut
803 889 863 951 hoc
884 906 977 952 unum
992 892 1108 965 discas,

128 975 218 1035 vitam
241 981 445 1034 contemnere.
475 971 590 1047 „Quid
610 979 757 1050 regerer‘
772 974 885 1050 inquis.
930 973 1109 1037 Secundum

129 1074 209 1133 opus
230 1066 291 1119 est:
318 1073 386 1117 nam
407 1072 496 1118 nemo
517 1058 598 1117 illam
618 1057 698 1118 bene
718 1058 798 1118 rexit
819 1059 877 1119 uisi
902 1059 955 1134 qui
972 1067 1107 1121 contem

128 1149 241 1217 pserat.
274 1143 361 1202 Vale.

415 1276 630 1335 arrsrunn
651 1279 697 1336 111.
726 1280 816 1350 (nr.)

392 1370 502 1423 SENECA
520 1372 631 1423 Lucitlo
651 1383 702 1422 SUO
722 1385 862 1424 SALUTEM.

100 1488 114 1540 l
189 1476 284 1551 Cupio
304 1476 494 1538 mehercules
510 1478 734 1539 amicumtuum
746 1476 924 1549 formarint
936 1476 1108 1552 desideras,

127 1568 157 1620 et
168 1561 297 1621 institui:
315 1561 370 1621 sed
384 1562 472 1621 valde
486 1562 582 1620 durus
597 1559 723 1634 capitur,
739 1558 840 1632 immo,
857 1560 941 1635 quod
953 1567 1001 1621 est
1011 1563 1106 1622 mole·

127 1645 218 1718 stius,
244 1644 333 1705 valde
355 1646 454 1705 moltis
470 1645 588 1720 capitur
605 1652 635 1703 et
655 1644 878 1705 consuetudine
892 1644 970 1704 mala
984 1659 1022 1702 ac
1038 1645 1104 1705 diu·

126 1728 189 1788 tina
216 1728 341 1789 fractus.
363 1729 434 1790 volo
461 1729 513 1789 tibi
535 1744 573 1787 ex
594 1735 700 1788 nostro
721 1728 850 1788 artillcio
866 1729 1038 1802 exemplum
1054 1743 1103 1787 re-

97 1813 221 1876 nferre:
245 1829 306 1873 non
328 1812 482 1888 quaelibet
503 1812 675 1873 insitionem
692 1813 760 1872 vitis
777 1811 904 1887 patitur:
927 1816 953 1871 sl
968 1818 1058 1871 vetus
1074 1820 1104 1873 et

124 1912 220 1957 exesa
235 1905 298 1970 est,
320 1898 346 1957 si
363 1896 481 1957 infirma
496 1897 695 1971 gracilisque,
712 1903 764 1957 aut
779 1912 840 1965 non
854 1897 981 1971 recipiet
996 1912 1103 1957 surcu-

123 1981 185 2040 lum
200 1988 325 2042 autnon
341 1981 401 2041 alet
412 1997 469 2042 nec
483 1981 648 2056 adplicabit
661 1980 719 2040 sibi
732 1995 787 2039 nec
802 1982 833 2040 iu
848 1981 1021 2056 qualitatem
1036 1981 1103 2041 eius

124 2070 324 2140 naturamque
341 2066 486 2125 transibit.
509 2066 611 2139 itaque
628 2065 763 2125 solemus
779 2080 873 2140 supra
886 2071 998 2125 terram
1013 2080 1103 2140 prae·

125 2147 235 2219 cidere,
250 2158 293 2222 ut,
310 2149 336 2209 si
351 2166 412 2209 non
427 2150 602 2224 respondit,
617 2149 756 2224 temptari
772 2147 872 2224 possit
887 2149 1026 2209 secunda
1040 2149 1101 2208 lor-

93 2237 196 2293 lttuna
209 2238 240 2290 et
253 2234 360 2293 iterum
375 2234 502 2308 repetita
517 2233 594 2292 inira
605 2240 717 2294 terram
728 2233 888 2294 inseratur.
910 2232 1027 2308 Hicrde
1039 2249 1102 2309 quo

123 2315 232 2376 scribis
247 2323 277 2376 et
292 2318 435 2391 mandas,
452 2332 513 2376 non
531 2317 623 2378 habet
640 2317 735 2377 vires:
755 2316 879 2377 indulsit
894 2315 984 2378 vitiis.
1010 2318 1103 2379 simul

122 2405 152 2460 et
165 2401 312 2461 emarcuit
326 2407 356 2461 et
369 2401 511 2462 induruit.
525 2418 585 2463 non
602 2410 705 2476 potest
715 2402 853 2476 recipere
863 2401 1023 2475 rationem,
1039 2417 1101 2464 non
1153 2417 1155 2422 ·

120 2493 223 2560 potest
243 2486 365 2546 nutrire.
396 2489 456 2561 „At
477 2485 560 2562 cupit
574 2487 674 2561 ipse.“
703 2485 771 2545 Noli
787 2486 923 2546 credere.
952 2502 1015 2548 non
1031 2485 1101 2547 dico

120 2569 203 2629 illum
226 2569 344 2631 mentiri
363 2570 430 2632 tibi=
453 2579 539 2646 putat
558 2586 593 2630 se
613 2585 736 2646 cupere.
758 2569 949 2631 stomachum
969 2570 1012 2631 illi
1032 2571 1103 2632 lecit

90 2654 254 2716 lluxuria=
280 2656 340 2717 cito
362 2672 431 2716 cum
451 2657 503 2715 illa
523 2654 633 2716 redibit
653 2655 683 2714 in
704 2655 841 2730 gratiam.
870 2652 954 2729 „Sed
976 2655 1050 2715 dicit
1066 2671 1102 2716 se

121 2737 234 2799 oliendi
250 2741 311 2800 vita
326 2745 413 2801 sua.“
449 2740 515 2801 Non
533 2739 717 2815 negaverim.
744 2739 814 2813 quis
831 2737 911 2799 enim
925 2754 987 2799 non
1003 2738 1101 2800 offen·

119 2820 220 2880 diturt
244 2823 383 2883 homines
399 2823 472 2885 vitia
486 2841 543 2886 sua
558 2831 588 2884 et
603 2832 706 2885 amant
719 2823 808 2884 simul
823 2830 853 2885 et
867 2822 1013 2885 oderunt=
1027 2831 1102 2886 tunc

118 2901 223 2979 itaque
237 2907 276 2965 de
291 2907 342 2967 illo
358 2907 491 2970 feremus
506 2907 703 2983 sententiam,
719 2924 788 2970 cum
803 2906 897 2969 iidem
911 2907 1002 2970 nobis
1018 2910 1100 2970 lece

117 2988 157 3047 rit
171 2988 300 3050 invisam
322 2991 381 3050 iam
402 2991 461 3053 sibi
483 3009 555 3054 esse
574 2992 738 3054 luxuriam=
761 3008 842 3053 nunc
857 2991 916 3053 illis
930 2995 1010 3054 male
1026 3010 1100 3067 eon·

118 3072 208 3133 venit.
246 3075 333 3136 Vale.

403 3212 622 3300 Epistula
643 3216 690 3272 IV.
717 3217 806 3286 (113.)

365 3308 477 3362 Seneca
493 3310 604 3362 Lucrum
624 3322 676 3362 suo
698 3322 836 3363 susurru.

87 3417 101 3471 l
128 3467 131 3475 ‚
174 3409 342 3474 Desideras
357 3411 415 3473 tibi
425 3411 518 3473 scribi
535 3427 625 3488 arne,
642 3411 715 3489 quid
732 3412 859 3475 sentiam
875 3414 915 3474 de
928 3412 987 3475 hac
1002 3429 1097 3488 quae·

115 3492 215 3555 stione
234 3493 345 3558 iactata
362 3497 446 3574 apud
465 3503 607 3560 nostros=
629 3514 675 3559 an
695 3496 864 3573 iustitia,
886 3497 1097 3574 tortitudo,
