2422 3862
155 245 326 306 EPISTUL.
340 244 435 306 MOR.
448 246 522 306 LlB.
533 247 640 308 XVIII.
661 248 719 309 ΕΡ.
730 257 790 312 2³.
813 258 887 326 (loo.
898 255 973 323 106.)
1015 250 1076 316 ³47

96 401 149 460 bat
168 399 198 457 in
219 404 393 457 contextum
415 397 518 472 operis
540 399 608 458 mei.
636 397 699 459 scis
721 399 801 459 enim
821 416 871 460 mc
894 403 1077 464 moralem

97 481 392 561 philosophiam
410 483 490 541 velie
511 482 664 558 conplecti
684 490 715 544 et
730 500 837 545 omnes
852 485 893 544 ad
908 501 974 545 eam
988 488 1076 562 pcrti-

97 569 197 629 nentis
219 565 417 642 quaestiones
433 565 598 640 explicare.
624 567 729 641 itaque
749 567 885 628 dubitavi
904 576 1003 631 utrum
1021 571 1078 630 dit-

96 655 207 712 ierrem
228 658 258 711 te
275 666 331 725 an,
353 651 453 711 donec
474 664 550 710 suus
571 649 620 710 isti
641 650 687 710 rei
706 652 824 712 veniret
837 652 941 726 iocus,
962 655 1011 715 ius
1025 654 1079 714 tibi

96 743 183 796 extra
204 735 341 796 ordinem
363 735 511 794 dicerem:
539 733 702 794 humanius
724 735 824 795 visum
846 745 894 798 est
907 744 967 797 tam
986 739 1080 813 longe

95 820 268 879 venientem
289 833 352 878 non
373 817 519 878 detinere.
552 819 659 893 ltaque
680 825 710 878 et
729 818 789 880 hoc
807 813 847 878 ex'
868 820 919 880 illa
935 821 1015 881 serie
1029 837 1078 880 re-

96 921 163 965 rum
181 903 409 964 cohaerentium
424 916 588 978 excerpam
606 911 650 975 ει,
674 903 700 962 εἰ
725 919 786 979 qua
805 911 895 964 erunt
915 904 1076 977 eiusmodi,

95 1005 158 1048 non
174 986 333 1064 quaerenti
352 986 405 1046 tibi
428 986 507 1047 ultro
528 987 651 1047 mittam.
681 1003 761 1062 quae
781 987 841 1048 sint
858 989 935 1048 haec
950 988 1077 1049 interro·

96 1078 174 1148 gast
197 1085 278 1147 quae
294 1071 535 1144 sciremagis
551 1070 784 1145 iuvatquam
800 1072 975 1147 prodest,
999 1073 1079 1133 sicut

96 1157 170 1230 hoc,
188 1157 227 1216 de
243 1171 305 1228 quo
325 1152 465 1230 quaeris=
486 1154 622 1215 bonum
637 1170 682 1213 an
698 1170 845 1232 corpus
861 1158 934 1218 sitt
956 1156 1110 1235 Bonumt

96 1239 184 1300 iacite
207 1238 337 1315 prodest
352 1238 441 1297 enim.
466 1237 551 1314 quod
567 1238 647 1312 iacit,
663 1254 777 1314 corpus
794 1246 850 1300 εει.
878 1241 998 1302 Bonum
1016 1239 1078 1314 agi·

96 1331 139 1384 tat
161 1324 293 1384 animum
319 1329 350 1382 ει
376 1321 604 1397 quodammodo
631 1323 741 1385 format
764 1330 795 1384 et
824 1325 972 1399 continet,
999 1338 1079 1400 quae

96 1408 223 1484 propria
238 1414 309 1468 sunt
324 1405 474 1481 eorporis.
497 1421 577 1482 quae
592 1408 732 1483 corporis
747 1407 829 1469 bona
843 1414 929 1479 sunt,
946 1422 1079 1482 corpora

96 1500 183 1553 sunu
212 1507 284 1567 ergo
307 1498 338 1550 et
355 1505 435 1566 quae
457 1491 548 1549 animi
570 1497 650 1551 sunt.
678 1507 748 1551 nam
769 1497 799 1550 ει
813 1492 872 1552 hoc
889 1507 1002 1567 eorpus
1021 1498 1078 1550 est.

94 1577 213 1637 Bonum
228 1572 361 1637 bominis
376 1589 507 1635 necesse
522 1583 570 1634 est
584 1589 698 1650 corpus
715 1574 767 1645 sit,
786 1590 854 1634 cum
872 1576 942 1650 ipse
956 1574 996 1635 sit
1011 1590 1077 1635 cor·
1093 1583 1109 1638 5

96 1661 222 1736 poralis.
251 1657 395 1733 mentior,
416 1657 475 1718 nisi
496 1665 527 1718 et
542 1675 622 1732 quae
637 1661 721 1719 alunt
737 1659 818 1719 iilum
832 1665 863 1718 et
877 1673 957 1734 quae
972 1659 1078 1719 vatitu-

95 1745 197 1805 dinem
219 1743 285 1804 eius
306 1745 355 1802 vei
377 1742 553 1804 custodiunt
573 1745 620 1803 vei
639 1743 815 1817 restituunt,
839 1759 973 1818 corpora
993 1748 1077 1804 sunt:

96 1843 170 1902 orgo
186 1836 216 1889 et
229 1828 343 1889 bonum
355 1827 422 1887 eius
439 1843 552 1902 corpus
564 1834 621 1890 εει.
647 1827 713 1888 Non
728 1833 804 1902 puto
819 1833 849 1887 te
864 1824 1077 1900 dubitaturum,

96 1928 134 1970 an
151 1911 290 1972 adtectus
305 1926 437 1986 corpora
452 1911 520 1985 sint,
531 1918 618 1972 -ut
634 1911 716 1973 aliud
732 1927 872 1988 quoque,
887 1912 926 1972 de
942 1926 1004 1987 quo
1016 1925 1078 1970 non

97 1993 219 2070 quaeris
237 1994 391 2055 infulciam
405 2030 449 2040 -
463 2003 617 2071 tamquam
632 1996 690 2070 ira,
706 2012 807 2068 amor,
823 1995 957 2055 tristitia=
980 1995 1007 2055 si
1022 1995 1077 2054 du-

94 2080 188 2154 bitas,
211 2078 283 2139 vide
299 2094 337 2138 an
353 2081 468 2141 voltum
485 2080 576 2140 nobis
592 2087 720 2157 mutent,
747 2097 785 2140 an
800 2081 929 2142 frontem
946 2078 1077 2139 adstrin-

94 2171 180 2239 gant,
202 2179 240 2223 an
263 2162 371 2224 iaciem
391 2162 577 2238 diffundant,
600 2181 637 2224 an
652 2165 795 2225 ruborem
810 2173 952 2237 evocent,
976 2180 1015 2223 an
1031 2163 1078 2224 iu·

93 2255 166 2322 gent
187 2248 376 2322 sanguinem.
406 2247 480 2322 quid
501 2255 597 2323 ergot
624 2256 684 2310 tam
707 2248 885 2309 maniiestas
903 2255 995 2310 notas
1010 2262 1076 2308 cor-

93 2330 163 2407 pori
184 2331 285 2391 credis
306 2330 428 2405 inprimi
448 2330 507 2391 nisi
523 2347 540 2391 a
556 2339 708 2407 corporet
736 2332 769 2393 Si
790 2333 929 2394 adiectus
946 2343 1109 2407 corporae

95 2422 181 2486 sunt,
198 2422 228 2474 et
241 2415 339 2472 morbi
355 2413 522 2473 animorum
539 2422 570 2474 et
583 2417 724 2491 avaritia,
741 2417 921 2490 crudelitas,
936 2417 1079 2475 indurata
1159 2475 1162 2485 ,

93 2498 167 2556 vitia
182 2505 212 2556 et
228 2497 258 2554 in
276 2502 387 2557 statum
404 2497 657 2557 inemendabilem
675 2499 822 2559 adducta:
854 2514 928 2574 ergo
948 2506 978 2559 ει
993 2497 1078 2557 mali-

93 2582 136 2642 tia
151 2586 180 2639 et
195 2580 318 2656 speeies
335 2579 401 2641 eius
418 2595 539 2654 omnes,
561 2580 746 2655 malignitas,
769 2580 898 2653 invidia,
916 2580 1077 2656 superbias

94 2681 169 2739 ergo
192 2673 220 2725 ει
243 2664 342 2737 bona,
364 2664 491 2739 primum
514 2664 585 2739 quia
605 2664 757 2724 contraria
771 2663 839 2723 istis
855 2672 941 2738 sunt,
966 2663 1108 2732 deindet

94 2749 167 2824 quia
181 2749 288 2809 eadem
303 2747 357 2809 tibi
369 2748 483 2809 indicia
498 2747 712 2824 praestabunt:
734 2763 772 2806 an
785 2763 845 2808 non
858 2748 964 2821 vides,
982 2763 1078 2824 quan·

92 2842 155 2894 tum
178 2833 275 2894 oculis
297 2834 349 2894 det
371 2833 505 2908 vigorem
526 2831 694 2893 fortitudo?
721 2838 864 2908 quantam
881 2833 1078 2894 intentionem

96 2918 280 2993 prudentior
314 2925 456 2992 quantam
479 2915 661 2978 modestiam
682 2925 712 2976 et
734 2916 865 2992 quietem
886 2916 1079 2977 reverentiae

94 3008 236 3077 quantam
250 3002 443 3063 serenitatem
455 3001 588 3062 laetitia?
610 3008 755 3077 quantum
766 2999 898 3075 rigorem
910 3002 1080 3062 severitas?

94 3092 239 3161 quantam
258 3085 471 3147 remissionem
492 3087 620 3147 lenitas?
649 3101 782 3161 corpora
801 3100 875 3159 ergo
891 3092 976 3158 sunt,
999 3097 1079 3158 quae

94 3170 230 3230 colorem
249 3169 446 3245 habitumque
468 3185 633 3246 corporum
655 3175 784 3243 mutant,
808 3184 889 3243 quae
910 3168 1015 3228 inillis
1031 3181 1079 3225 re·

94 3269 186 3327 gnum
202 3270 292 3314 suum
308 3261 462 3314 exercent.
485 3270 592 3314 omnes
608 3261 723 3325 autem,
740 3269 817 3329 quas
832 3253 936 3326 retuli,
951 3252 1079 3312 virtutes

93 3336 176 3396 bona
197 3346 267 3397 sunt
287 3345 317 3396 et
332 3336 479 3412 quicquid
495 3353 534 3396 ex
549 3337 608 3397 inis
624 3339 681 3398 εει.
709 3335 864 3412 Numquid
882 3343 930 3396 est
945 3332 1111 3406 dubium&

96 3435 134 3480 an
149 3418 197 3493 id,
214 3437 275 3495 quo
292 3421 365 3496 quid
379 3421 462 3495 tangi
476 3427 593 3496 potest,
612 3436 726 3495 corpus
742 3421 803 3480 sitt
918 3444 938 3463 ε

160 3508 298 3580 -tuapcrc
307 3507 385 3566 enim
399 3510 428 3566 et
442 3507 528 3580 tonui
538 3507 599 3565 nist·
609 3520 718 3581 corpus
734 3507 820 3564 nullu
827 3508 922 3579 potest
934 3517 992 3573 res,
