2422 3862
180 258 243 322 teo
469 230 861 315 annolusmacm

178 413 261 471 nulla
289 408 489 471 inmortalitas
521 426 590 470 cum
619 406 801 481 exceptione
828 409 875 465 est
902 419 960 465 nec
990 403 1156 479 quicquam

179 493 304 555 noxium
321 499 444 552 aeterno
460 500 516 552 est.
539 494 627 553 Vale.

477 629 694 686 EPISTULA
711 626 759 680 Vl.
782 626 853 696 (58.)

432 723 544 774 Seneca
560 726 672 775 Lucrtro
693 733 745 772 suo
766 732 907 772 sutorem.

155 848 166 898 ι
244 824 391 898 Quanta
417 825 624 887 verborum
646 825 760 886 nobis
789 830 1014 900 paupertas,
1046 821 1157 883 im'mo

180 905 339 982 egestas
362 909 415 980 sit,
443 925 606 985 numquam
634 909 732 984 magIs
754 925 845 984 quam
865 907 1014 970 hodierno
1039 907 1089 966 die
1111 907 1156 966 ib·

178 991 297 1052 tellexi=
319 991 428 1052 mille
449 1007 511 1052 res
532 993 770 1064 inciderunt,
800 1008 868 1052 cum
884 993 961 1053 torte
976 990 1156 1052 dePlatonc

178 1077 390 1150 loqueremur,
414 1092 511 1151 quae
532 1077 686 1138 nomina
706 1075 981 1136 desiderarent
1002 1090 1070 1135 nec
1092 1074 1156 1134 ba·

178 1159 329 1231 herent,
358 1160 546 1234 quaedam
572 1173 678 1233 vero,
708 1176 790 1220 cum
817 1160 1069 1230 habuissent,
1101 1158 1156 1218 la-

83 1287 85 1292 .
180 1243 302 1302 stidio
329 1250 466 1303 nostro
496 1244 775 1319 perdidissent.
815 1241 885 1318 quis
906 1250 1006 1305 autem
1028 1241 1156 1302 leratin

151 1332 315 1401 aegestate
334 1327 511 1387 fastidium?
541 1328 630 1388 Hunc
652 1343 742 1402 quem
759 1325 867 1387 Graeci
890 1319 1024 1406 οἶστρον
1045 1332 1169 1386 vocant·

179 1426 294 1486 pecora
308 1419 505 1484 peragentem
521 1418 551 1470 et
564 1411 634 1472 totis
646 1411 775 1472 saltibus
786 1409 1001 1486 dissipantem,
1017 1411 1157 1471 asilum

180 1494 277 1555 nostri
294 1493 455 1556 vocabant.
480 1495 539 1554 boc
553 1493 689 1569 Vergilio
705 1496 774 1556 licet
789 1495 914 1555 credes:

263 1579 317 1638 Est
328 1582 427 1639 lucum
441 1577 537 1638 Silari
548 1580 634 1639 iuxta
647 1579 818 1654 ilicibusque
832 1581 972 1639 virentem

258 1665 410 1738 plurimus
423 1661 589 1723 Alburnum
602 1666 739 1734 volitans,
754 1667 804 1723 eui
816 1679 920 1724 nomen
935 1664 1010 1723 asilo

262 1746 430 1807 Romanum
442 1753 499 1819 est,
517 1753 643 1807 oestrum
659 1748 745 1807 droit
757 1753 872 1807 uertere
885 1752 1029 1821 meantes,

263 1848 366 1906 asper,
382 1831 492 1892 acerbo
506 1846 630 1904 sonans,
648 1847 705 1905 qao
719 1836 778 1890 toto
791 1833 937 1891 exterrito
949 1832 1030 1891 silvia

262 1914 582 1989 diffugiantormenlo.
1076 1925 1079 1930 '

146 2007 164 2059 3
178 2007 252 2072 puto
265 1998 397 2072 intellegi
409 1997 491 2059 istud
502 1998 630 2058 verbum
641 1997 794 2058 interisse.
809 1999 853 2057 Ne
863 2005 893 2057 te
904 1999 997 2073 longe
1007 1997 1156 2073 differam,

181 2082 332 2155 quaedam
354 2081 504 2157 simplicia
525 2080 554 2142 in
571 2098 631 2143 usu
651 2089 751 2155 erant,
775 2082 854 2142 sicut
874 2092 1035 2142 cernere
1053 2083 1156 2142 terro

180 2164 280 2224 inter
298 2180 339 2224 se
354 2164 565 2244 dicebant[ur].
594 2166 674 2226 idem
685 2165 839 2241 Vergilius
853 2165 913 2226 hoe
931 2166 1073 2240 probabit
1088 2166 1157 2227 tibia

264 2251 390 2322 inpeoo's
401 2253 514 2323 pantos
527 2251 652 2312 diveas
665 2251 800 2326 portibus
814 2251 892 2311 orbis

265 2335 341 2393 inter
354 2349 386 2393 se
400 2337 502 2394 coiisse
515 2338 592 2396 ot'ros
606 2341 635 2394 et
647 2351 771 2395 cerm
782 2335 880 2408 ferro.

183 2415 266 2490 quod
289 2432 369 2477 nunc
394 2418 606 2478 decernere
628 2418 767 2478 dicimus.
801 2417 949 2493 simplicis
969 2417 1051 2477 illius
1073 2417 1157 2476 verbi

152 2504 257 2559 lusus
273 2502 407 2562 amissus
422 2508 478 2563 est.
506 2501 655 2564 Dicebant
669 2501 784 2577 antiqui
806 2502 839 2562 si
861 2502 986 2572 iusso,
1010 2502 1041 2561 id
1063 2508 1112 2562 est
1126 2500 1157 2560 si

181 2581 347 2646 iussero.
369 2586 429 2646 boc
444 2587 515 2648 nolo
530 2586 603 2646 mihi
618 2586 743 2660 credas,
762 2587 819 2645 sed
832 2585 930 2646 eidem
945 2585 1098 2660 Vergilio:

267 2671 385 2743 Cema,
399 2688 460 2746 quo
473 2674 565 2745 iusso,
581 2687 694 2731 mearam
706 2687 812 2731 mnus
825 2670 942 2743 inferat
953 2670 1052 2730 ormo.

153 2751 247 2812 allon
268 2751 300 2812 id
320 2769 379 2828 ago
395 2769 474 2814 nunc
489 2754 546 2814 hac
562 2753 733 2829 diligentia,
755 2760 789 2814 ut
810 2754 986 2825 ostendam,
1011 2761 1157 2829 quantum

180 2843 301 2911 tempus
324 2839 406 2912 apud
427 2839 655 2913 grammaticum
676 2837 878 2912 perdiderim,
901 2838 957 2899 sed
972 2843 1005 2897 ut
1019 2843 1083 2911 [ex]
1099 2838 1158 2897 hoc

180 2919 353 2995 intellegas,
377 2930 520 2997 quantum
542 2923 625 2997 apud
646 2921 775 2982 Ennium
797 2931 827 2982 et
846 2923 973 2982 Accium
994 2920 1156 2983 verborum

182 3003 259 3063 situs
280 3008 490 3080 occupaverit,
517 3022 585 3067 cum
607 3004 689 3080 apud
711 3006 948 3081 huncquoque,
972 3005 1025 3079 qui
1046 2984 1159 3066 cotidie

152 3087 345 3163 dentaliter,
360 3089 462 3165 aliqua
478 3090 568 3150 nobis
584 3088 736 3151 subducta
750 3090 818 3150 sint.
841 3090 940 3164 „Quid
954 3088 1028 3163 sibi,
1044 3089 1157 3165 inquis,

180 3171 239 3232 ista
255 3175 446 3250 praeparatio
460 3176 545 3234 vulti
563 3189 624 3247 quo
639 3179 805 3247 spectatt“
825 3173 892 3234 Non
909 3175 1016 3234 celabo
1031 3180 1078 3234 te:
1094 3189 1157 3232 cu·

181 3254 258 3331 pio,
276 3256 309 3318 si
327 3259 416 3319 lieri
434 3264 579 3333 potest,
596 3256 782 3332 propitiis
797 3258 959 3318 auribus
974 3258 1052 3320 tuis
1070 3272 1157 3332 „es-

181 3342 371 3402 sentiam“
393 3343 534 3402 dicero.
570 3341 596 3400 si
612 3341 728 3414 minus,
753 3341 853 3402 dicam
869 3349 899 3401 et
913 3340 1008 3402 iratis.
1037 3341 1158 3402 Cicero-

181 3441 249 3485 nem
271 3434 426 3487 auctorem
446 3424 539 3485 huius
560 3424 645 3484 verbi
667 3423 782 3498 habeo,
808 3433 881 3500 puto
903 3426 1099 3501 locupletem.
1132 3422 1159 3484 ei

163 3511 373 3571 recentiorem
391 3509 535 3588 quaeris,
557 3508 746 3586 Fabianum,
767 3508 918 3570 disertum
934 3516 968 3568 et
984 3510 1164 3580 elegantem,
