2422 3862
255 241 425 304 unsrun.
440 243 534 305 uon.
555 245 705 305 uravn.
728 245 784 304 nu.
796 257 821 308 5.
843 250 914 323 (er.)
1015 247 1077 312 153

96 411 178 456 mum
196 394 272 472 quia
291 394 358 456 fieri
384 412 448 457 non
472 405 591 472 potest,
614 405 647 460 ut
661 398 763 472 aliquo
778 413 829 458 res
850 398 932 459 bona
953 401 1075 475 quidem

96 481 150 554 sit,
173 480 233 541 sed
249 479 393 555 optabilis
409 496 471 541 non
488 480 537 541 sit.
572 480 690 542 Deinde
705 483 731 542 si
747 481 842 543 virtus
858 482 1001 559 optabilis
1018 495 1074 559 est,

95 567 213 626 nullum
221 573 324 624 autern
336 562 639 627 sinevirtutebondm
647 573 703 636 εει,
713 567 921 628 omnebonum
931 569 1075 644 optabile.

93 648 215 711 Deinde
230 647 350 708 etiamsi
362 646 426 684 ***
437 655 656 710 tormentorum
673 650 758 710 tortis
773 651 917 724 patientia
931 652 1076 728 optabilis

93 740 152 794 est.
182 732 366 793 Etiamnunc
380 732 550 808 interrogo:
572 748 683 810 nempe
698 734 841 794 tortitudo
858 735 999 810 optabilis
1013 747 1075 798 cst:
1088 746 1105 800 6

93 816 180 893 atqui
198 817 338 892 pericula
358 818 523 877 contemnit
542 825 572 878 et
587 826 745 892 provocat.
781 818 985 892 pulcherrima
1003 837 1075 897 pars

93 904 162 962 eius
183 901 382 975 maximoque
403 899 549 961 mirabilis
569 901 620 960 illa
636 909 705 975 est,
727 918 789 962 non
811 904 923 963 cedere
943 904 1075 979 ignibus,

94 985 220 1046 obviam
237 985 283 1044 ire
301 982 496 1057 volneribus,
517 982 669 1045 interdum
690 985 808 1053 telane
828 986 923 1046 vitare
941 989 1074 1064 quidem,

94 1069 152 1128 sed
174 1076 303 1144 pectore
325 1068 485 1142 exciperez
507 1068 533 1128 si
555 1069 698 1130 tortitudo
720 1069 864 1144 optabilis
879 1078 941 1146 εει,
964 1080 994 1133 ει
1014 1080 1074 1133 tor-

94 1159 199 1213 menta
214 1152 365 1227 patienter
379 1152 460 1211 terre
475 1152 610 1228 optabile
625 1160 681 1213 cst.
716 1153 776 1213 hoc
792 1154 872 1214 enirn
888 1155 1074 1216 tortitudinis

93 1251 168 1312 pars
184 1243 242 1296 εει
280 1233 344 1295 Sed
366 1251 478 1311 separa
498 1236 571 1310 ista,
594 1244 627 1297 ut
648 1237 725 1296 dixi:
747 1236 820 1296 nihil
842 1240 898 1298 erit
920 1239 1004 1314 quod
1022 1241 1075 1300 tibi

93 1321 189 1381 faciat
203 1335 350 1381 errorem.
378 1335 440 1381 non
455 1320 535 1380 enim
550 1321 611 1396 pati
624 1328 774 1381 tormenta
791 1321 926 1397 optabile
941 1330 1001 1396 est,
1019 1324 1074 1385 sed

92 1403 158 1481 pati
174 1404 301 1464 fortiter.
326 1403 400 1463 illud
412 1412 485 1479 opto
499 1405 670 1478 fortiter,
687 1405 771 1480 quod
786 1413 833 1466 est
849 1405 954 1467 virtus.
981 1406 1102 1481 „Quisi

91 1497 195 1550 tamen
211 1503 358 1563 umquam
373 1488 432 1547 hoc
447 1485 506 1546 sibi
522 1493 647 1564 oplatt“
689 1488 844 1563 Quaedam
870 1498 942 1550 vota
967 1499 1075 1564 aperta

93 1581 125 1634 ει
151 1572 297 1648 professa
322 1580 407 1644 sunt,
429 1587 498 1631 num
516 1573 716 1647 particulatim
739 1572 829 1632 liunt:
858 1573 1009 1647 quaedam
1032 1576 1074 1632 ta·

93 1663 175 1730 lent,
192 1671 261 1717 cum
273 1670 334 1715 uno
347 1663 419 1717 voto
431 1656 525 1715 muita
536 1671 711 1732 conprensa
725 1664 805 1718 sunt.
833 1664 988 1732 tamquam
1000 1664 1073 1733 opto

92 1740 167 1800 milri
185 1739 278 1800 vitam
291 1738 462 1801 honestum.
496 1740 558 1799 vita
574 1748 674 1802 antem
690 1740 821 1801 honesta
835 1740 1007 1801 actionibus
1021 1757 1073 1801 va-

92 1824 149 1884 riis
176 1831 312 1884 constat:
334 1824 363 1883 in
388 1823 447 1883 hac
473 1832 520 1883 εει
540 1824 650 1898 Reguli
677 1839 762 1895 arca,
792 1825 914 1884 Catonis
941 1823 1074 1885 scissum

93 1925 186 1969 manu
208 1924 267 1969 sua
285 1908 414 2000 volnus,
436 1906 539 1968 Rutilii
559 1908 697 1978 exilium,
720 1911 803 1968 calix
817 1915 998 1982 venenatur,
1022 1908 1074 1983 qui

93 1992 256 2055 Socratem
270 1993 422 2053 transtulit
435 2008 452 2051 e
467 2007 592 2052 carcere
605 1990 636 2050 in
651 1992 780 2052 coelum.
809 1991 869 2067 lta,
886 2008 954 2053 cum
970 1992 1073 2068 optavi

91 2077 168 2137 mihi
184 2077 276 2136 vitum
292 2075 468 2150 honestam,
490 2084 520 2136 el
539 2076 617 2136 haec
632 2073 752 2150 optavi,
772 2077 839 2137 sine
855 2075 967 2151 quibus
981 2077 1071 2138 inter·

92 2163 169 2222 drrrn
183 2161 315 2221 honesta
331 2176 392 2222 non
409 2166 513 2235 potest
527 2176 607 2221 esse.
1082 2168 1101 2224 8

367 2243 391 2304 0
411 2251 512 2319 terque
535 2252 696 2320 quumque
715 2245 806 2319 beuti,

179 2332 245 2405 quis
259 2335 329 2388 unte
347 2343 403 2388 nra
419 2335 542 2403 potrum
560 2329 666 2390 Troiae
682 2330 735 2389 sub
754 2331 903 2391 moenibus
919 2332 987 2390 ultis

179 2414 300 2487 conticit
312 2409 467 2488 oppetere!

95 2496 174 2571 Quid
196 2495 336 2569 interest,
360 2503 450 2571 optes
470 2496 531 2556 hoc
551 2496 641 2557 alicui
656 2513 694 2556 an
716 2497 849 2572 optabile
865 2496 961 2557 luisse
978 2496 1070 2556 latea-

93 2581 160 2641 risa
193 2578 308 2640 Decius
332 2595 367 2639 se
391 2596 449 2655 pro
474 2579 630 2655 republica
653 2580 791 2641 devovitz
820 2586 872 2653 [et]
900 2581 930 2638 in
953 2578 1101 2646 medioss

94 2664 203 2727 hostes
219 2664 370 2725 concitato
392 2678 473 2739 equo
493 2671 619 2724 mortem
641 2671 747 2740 petens
764 2663 865 2723 inruit.
900 2663 986 2724 Alter
1002 2671 1073 2738 post

94 2750 191 2822 hunc,
212 2754 359 2823 paternae
379 2747 498 2808 virtutis
520 2749 673 2821 aemulus,
697 2747 855 2822 conceptis
870 2746 1071 2808 sollemnibus

96 2849 133 2893 ac
148 2832 208 2893 iam
223 2831 424 2893 familiaribus
440 2832 541 2892 verbis
557 2833 586 2891 in
603 2831 699 2892 aciem
715 2831 969 2892 confertissimam
985 2833 1070 2891 incu-

96 2916 204 2988 curril,
234 2917 274 2975 de
296 2916 356 2977 hoc
381 2916 528 2978 sollicitus
554 2922 683 2988 tantum,
712 2924 746 2977 ut
766 2917 879 2992 litaret,
908 2914 1072 2992 optabilem

96 3017 159 3060 rem
175 3008 288 3076 putans
303 3001 413 3061 bonam
430 3008 567 3060 mortem.
601 2999 729 3061 Dubitas
750 3016 839 3075 ergo,
864 3016 901 3060 an
925 2999 1071 3076 optimum
1181 3000 1184 3005 '

96 3085 135 3144 sit
148 3084 375 3145 memorabilem
396 3084 472 3144 mori
493 3090 523 3143 ει
542 3081 572 3143 in
588 3084 691 3159 aliquo
707 3099 802 3159 opere
816 3082 960 3145 virtutis?
998 3084 1071 3143 Cum
1081 3099 1115 3152 10

98 3169 209 3244 aliquis
231 3175 383 3229 tormenta
399 3165 516 3228 lortiter
530 3168 657 3243 patitur,
681 3167 823 3228 omnibus
839 3168 1000 3229 virtutibus
1016 3169 1071 3227 uti·

97 3260 145 3313 tur
171 3255 320 3314 sortasse:
348 3268 410 3312 una
434 3253 463 3312 in
492 3260 633 3327 promptu
658 3250 696 3312 sit
720 3260 749 3313 et
772 3251 902 3312 maxime
926 3253 1073 3327 adpareat

99 3337 252 3411 patientia.
290 3344 423 3397 ceterum
444 3336 504 3398 illic
525 3343 573 3396 est
592 3335 753 3408 fortitudo,
774 3336 861 3396 euius
885 3335 1028 3410 patientia
1043 3341 1073 3394 et

97 3422 262 3495 perpessio
290 3429 320 3481 et
344 3420 503 3482 tolerantia
527 3419 603 3480 rami
627 3428 708 3483 sunt.
745 3419 809 3482 illie
832 3425 884 3480 est
905 3418 1088 3495 prudentia,

97 3504 163 3560 sine
187 3520 246 3576 qna
271 3505 386 3563 nullum
410 3503 507 3567 initur
533 3507 719 3587 consilium,
747 3523 835 3588 quae
858 3504 997 3576 suadet,
1015 3495 1111 3573 duab
