2422 3862
483 255 721 311 Parnasum.
1078 275 1106 311 rx

84 399 214 450 babuntnr
231 404 275 446 aut
292 396 494 456 excusabuntur,
518 409 583 458 quae
598 395 631 444 ad
649 393 792 460 supplendo
811 394 908 458 aliquot
929 398 1006 448 verbo
1029 399 1108 464 perti·

83 474 152 521 nent.
191 465 273 516 Multa
288 473 402 531 poteram
419 471 550 530 praeterea
568 463 599 513 de
613 463 729 513 codicum
739 478 801 518 mss.
817 465 956 516 rationibus
970 481 1108 534 exponere,
1184 469 1189 480 '

83 552 148 602 qnae
166 536 211 585 hic
227 536 297 585 locus
315 549 364 584 non
380 535 460 598 cepit;
478 539 582 598 apparet
597 547 671 591 vero,
690 548 740 584 non
755 548 832 599 posse
850 535 995 585 universam
1010 537 1107 602 primae

82 607 161 672 partis
178 604 344 669 epistularum
365 601 566 654 emendationem
591 602 690 652 duobus
714 602 766 652 illis
786 603 893 654 vetustis
917 603 989 655 libris
1011 620 1028 671 p
1046 614 1071 656 et
1088 608 1109 656 P

81 679 117 725 its
136 674 271 732 contineri,
289 680 317 723 ut
333 671 445 736 reliquos
464 672 594 738 negligere
610 671 699 732 liccat;
725 682 784 722 sunt
801 673 868 722 eninr
890 674 956 724 iuter
979 674 1109 726 Parisinus

82 754 106 795 et
122 746 263 803 Romanos,
284 758 389 806 quorum
409 750 525 791 accurata
543 739 642 791 collatio
661 755 711 790 non
729 750 826 804 exstat,
851 741 931 806 aliqui
947 743 1108 809 integriores,

82 815 125 878 qui
142 827 334 874 nonnumquam
359 810 401 862 vel
423 812 455 861 ad
479 825 496 875 p
518 811 614 861 codicis
630 812 812 875 praestantiam
830 827 910 878 prope
934 815 1055 866 accedere
1069 815 1108 865 vi-

82 885 204 942 deantur;
221 881 268 931 sed
287 881 318 931 de
335 879 376 930 his
396 880 512 931 omnibus
528 894 681 944 quamquam
693 881 842 947 ambiguum
856 882 977 932 iudicium
990 891 1037 942 est,
1055 899 1104 933 ma.

83 954 150 1003 xime
173 959 257 1001 tamen
281 950 419 1015 optandum
444 949 560 1008 videtur,
588 956 617 998 ut
644 948 693 998 nisi
721 949 766 999 alii
795 952 993 1015 praestantiores
1014 952 1108 1004 alicubi

83 1028 228 1086 emergant,
246 1020 377 1069 Parisinus
395 1021 419 1068 b.
439 1017 534 1084 (8539)
553 1025 577 1069 et
594 1017 845 1087 Urbiuo-lioumanus
864 1035 882 1068 v
900 1020 979 1086 (219)
999 1022 1108 1089 diligen·

83 1093 131 1140 tius
148 1091 325 1148 excutiantur3
350 1102 398 1154 ego
422 1089 483 1138 novi
501 1086 592 1137 auxilii
614 1085 677 1136 nihil
695 1087 774 1139 habui
790 1089 839 1138 nisi
856 1091 924 1153 quod
940 1085 1049 1141 Fickerti
1065 1093 1107 1142 be·

84 1161 170 1210 ueiloio
190 1160 332 1223 scripturae
349 1158 550 1222 discrepantias,
576 1170 639 1218 quas
664 1156 707 1207 ille
732 1173 764 1207 ex
789 1159 892 1224 optimis
916 1160 990 1210 codd.
1010 1175 1027 1225 p
1047 1163 1106 1213 etP

84 1231 175 1294 partim
194 1229 251 1293 ipse
268 1232 415 1276 enotaverat
438 1227 531 1292 partim
551 1225 690 1276 enotandas
714 1227 763 1277 sibi
782 1235 927 1292 curaverat,
951 1230 1043 1278 iterum
1064 1246 1107 1280 ex-

85 1301 197 1348 aminare
213 1297 298 1357 licuit;
322 1310 403 1358 neque
428 1311 459 1346 ea
482 1309 558 1360 opera
579 1294 676 1345 inutilis
702 1295 764 1355 luit;
787 1296 842 1346 deri
864 1297 930 1347 enim
949 1312 999 1349 non
1015 1301 1107 1365 potnit,

85 1369 142 1430 quin
158 1368 184 1416 in
202 1373 274 1416 tanta
289 1373 426 1430 apparatus
442 1366 524 1415 critici
540 1363 668 1430 farragine
687 1364 807 1415 nonnulla
819 1366 930 1416 Flclrerti
949 1367 1107 1434 diligentiam

87 1435 217 1503 ingereutg
235 1434 286 1485 alia
298 1433 343 1484 ‘sel
359 1435 440 1499 ipsius
458 1434 542 1498 aliquo
562 1434 602 1484 vel
622 1448 757 1498 operarum
776 1450 860 1486 errore
877 1451 927 1487 non
944 1445 1010 1487 recte
1028 1439 1108 1488 relata

86 1514 156 1566 aaut,
176 1505 227 1556 alia
246 1505 321 1554 etiam
342 1505 458 1554 consulto
476 1510 577 1569 spreta,
604 1517 669 1566 quae
687 1519 735 1570 ego
754 1506 896 1569 spernenda
917 1521 966 1555 non
982 1507 1106 1567 iudicavi3

85 1576 167 1640 itaque
183 1573 290 1640 gavisus
304 1588 359 1622 sum
379 1588 461 1623 messe
477 1573 545 1623 iacta
556 1570 719 1639 spicilegium
732 1574 849 1624 relictum
861 1589 934 1634 esse;
953 1589 1002 1625 non
1022 1584 1106 1626 autem

85 1659 146 1711 opus
161 1659 219 1695 esse
238 1643 381 1693 existimavi
400 1659 428 1694 ea
448 1644 543 1707 omnia,
562 1657 627 1705 quae
644 1658 692 1708 ego
709 1658 741 1693 ex
760 1643 830 1692 libris
848 1643 898 1693 illis
915 1657 981 1692 nova
998 1645 1106 1704 adscivi,

85 1728 247 1772 enumerare;
267 1714 383 1775 quotiens
401 1713 466 1762 enim
483 1711 621 1761 aFiclrerti
635 1712 745 1761 editione
763 1713 886 1772 discessi,
904 1711 979 1761 lacile
998 1712 1106 1779 diligen-

83 1785 133 1833 tior
151 1783 235 1845 quivis
253 1782 377 1846 reperiet,
401 1781 461 1845 quid
480 1781 543 1830 illud
561 1782 611 1838 sit,
635 1781 703 1843 quod
722 1796 822 1844 quoque
840 1779 895 1830 loco
912 1795 962 1830 non
979 1783 1107 1846 potuerim

84 1869 98 1902 e
117 1852 224 1901 materia
243 1851 274 1900 ab
289 1850 332 1901 illo
348 1851 479 1915 proposita
498 1857 626 1914 repetere;
650 1863 709 1898 nam
728 1850 772 1900 ubi
791 1864 841 1899 non
860 1850 973 1900 codicum
993 1850 1044 1902 flde
1059 1853 1106 1902 sed

85 1922 230 1970 coniectum
247 1921 334 1970 nititur
349 1921 473 1984 scriptura
491 1933 563 1981 mea,
583 1917 711 1967 inclinatis
728 1918 819 1969 litteris
837 1933 899 1968 usus
916 1933 982 1968 sum.

155 1989 256 2040 Accede
273 1991 325 2039 iam
351 1989 384 2038 ad
408 1988 514 2037 alterum
532 1986 700 2054 epistularum
720 1987 852 2050 volumen,
876 1988 949 2038 cuius
967 1988 1108 2056 simplicior

83 2059 148 2109 ratio
167 2065 219 2118 este
243 2074 302 2109 nam
324 2059 346 2108 si
370 2057 483 2122 excipias
508 2056 571 2107 lolia
588 2058 638 2107 duo
657 2071 671 2106 e
687 2064 786 2107 vetusto
804 2057 869 2108 libro
890 2059 1022 2125 decerpta,
1042 2075 1107 2125 quae

82 2128 167 2178 medio
187 2128 268 2178 codici
286 2143 302 2193 p
323 2141 385 2176 casu
407 2127 492 2190 aliquo
516 2134 574 2192 post
592 2141 632 2191 ep.
650 2125 734 2187 47‚8
758 2129 908 2193 interposita
928 2136 1001 2194 sunt,
1026 2132 1106 2181 eonti-

84 2199 169 2248 nentia
187 2197 230 2246 illa
244 2208 344 2262 partem
361 2212 402 2262 ep.
424 2196 472 2247 121
489 2198 547 2246 inde
563 2212 578 2245 a
596 2197 613 2259 S
632 2196 674 2247 11.
694 2205 718 2247 et
736 2203 814 2247 totam
834 2213 875 2263 ep.
892 2198 958 2263 122,
979 2200 1042 2249 duos
1061 2199 1107 2248 ha·

84 2268 171 2318 bemus
190 2266 291 2317 codices
315 2265 423 2329 reliquis
446 2267 564 2317 omnibus
581 2265 658 2333 longe
676 2268 874 2331 praestantiores
893 2263 1106 2335 Bambergensein

84 2344 106 2387 et
123 2339 381 2402 Argentoratensem,
401 2336 444 2399 qui
463 2344 487 2385 et
506 2336 619 2386 eiusdem
633 2336 714 2386 seculi
729 2344 788 2387 sunt
800 2336 835 2386 IX
850 2337 890 2388 vel
903 2335 935 2385 X.
956 2346 981 2387 et
996 2338 1106 2389 fortasse

85 2407 171 2457 eadem
192 2420 269 2455 manu
288 2406 392 2470 scripti;
411 2405 457 2455 sed
476 2406 506 2455 de
524 2406 732 2472 Argentoratensi
757 2406 852 2457 incerta
875 2421 915 2455 res
934 2415 986 2468 est,
1012 2408 1106 2473 quippe

85 2478 154 2526 cuius
165 2476 328 2540 scripturam
348 2472 573 2540 Schweighaeuser
590 2489 640 2525 uon
659 2475 795 2541 diligenter
806 2475 944 2536 notaverim
965 2491 1046 2540 neque
1057 2492 1105 2541 ego

86 2543 142 2595 olim
166 2559 225 2594 cum
252 2543 399 2594 militarium
427 2545 579 2609 scriptorum
606 2559 667 2594 cura
691 2552 829 2610 occupatus
854 2546 879 2593 in
898 2544 1008 2594 Fickerti
1032 2560 1105 2594 usunr

86 2614 191 2664 eundem
211 2612 304 2663 librum
327 2615 494 2678 inspicerem,
519 2613 605 2678 plures
623 2629 699 2677 quam
717 2629 781 2677 quos
795 2614 837 2664 ille
855 2615 963 2664 iusserat
979 2613 1049 2665 locos
1068 2621 1105 2664 at-

86 2683 142 2750 tigi3
163 2683 232 2746 quod
247 2698 399 2746 quamquam
415 2682 488 2733 doleo
506 2698 585 2743 nune,
605 2697 656 2732 non
672 2692 756 2733 tamen
770 2683 844 2734 credo
859 2681 938 2733 nrulta
950 2698 1020 2744 esse,
1040 2699 1105 2746 quae

86 2762 139 2816 post
158 2751 280 2802 collatum
297 2754 510 2818 Bamhergensem
522 2752 615 2802 librum
628 2767 661 2803 ex
672 2754 881 2817 Argentoratensi
895 2753 948 2818 peti
961 2753 1104 2819 potuerint;

86 2821 167 2885 itaque
186 2836 228 2872 res
244 2837 274 2871 eo
291 2823 370 2882 redit,
389 2831 417 2871 ut
437 2822 470 2871 ad
488 2836 567 2871 unum
583 2821 656 2871 illum
675 2822 818 2873 emendatio
837 2823 970 2888 dirigenda
989 2822 1036 2883 sit;
1060 2837 1104 2872 ne·

86 2904 130 2952 que
150 2894 218 2940 enim
237 2891 303 2940 iuter
314 2891 427 2954 reliquos
443 2890 521 2940 libros
539 2892 692 2942 recentiores
709 2890 776 2941 ullus
794 2898 846 2951 est,
872 2893 915 2955 qui
936 2893 1041 2959 propria
1059 2892 1106 2942 eli·

86 2974 131 3022 qua
151 2962 244 3009 virtute
267 2960 377 3027 insignis
402 2961 450 3021 sit;
475 2960 533 3010 fons
555 2969 641 3012 autem
663 2961 775 3010 omnium
799 2962 940 3011 communis
958 2961 1008 3012 luit
1025 2962 1105 3012 codex

85 3028 191 3092 aliquis,
210 3030 254 3092 qui
266 3031 313 3079 sub
330 3031 406 3081 flnem
418 3031 530 3080 maxime
546 3031 584 3081 vel
603 3029 679 3096 culpa
691 3029 791 3080 librarii
808 3029 952 3080 festinantis
970 3031 1008 3080 vel
1028 3032 1104 3081 etiarn

84 3098 187 3148 madore
204 3097 288 3148 aliove
310 3101 470 3150 incommodo
489 3103 640 3166 scripturam
660 3099 766 3149 haberet
784 3100 921 3150 admodum
941 3101 1105 3165 depravatam

83 3175 124 3217 aut
141 3167 209 3217 lectu
224 3167 362 3218 difficilem.
385 3186 463 3233 quare
478 3170 572 3236 exigua
589 3184 648 3235 spes
667 3176 706 3218 est
723 3168 777 3220 lore
790 3176 818 3218 ut
833 3169 969 3232 aliquando
987 3171 1105 3235 graviora

82 3237 159 3295 vitis,
186 3251 251 3299 quoe
276 3239 327 3287 iam
347 3239 431 3289 seculo
449 3237 493 3293 IX.
512 3239 668 3298 insederant,
695 3238 815 3289 librorum
841 3253 889 3304 ope
912 3237 966 3288 tolli
992 3239 1104 3304 possint;

82 3306 127 3356 sed
146 3320 212 3369 quae
228 3315 286 3355 sunt
305 3308 401 3370 reliqua
418 3308 570 3359 emendandi
588 3307 698 3370 auxilia,
726 3308 839 3359 nondum
865 3321 910 3371 ea,
930 3322 980 3371 qua
993 3321 1041 3372 par
1055 3314 1103 3366 est,

81 3376 216 3442 diligentia
239 3375 353 3426 adhibita
375 3385 447 3436 sunt;
473 3384 548 3440 atque
567 3392 615 3443 ego
639 3377 756 3440 quidem,
781 3376 830 3426 etsi
852 3377 967 3427 breviore
992 3386 1104 3440 tempore

79 3460 158 3510 quam
174 3444 308 3508 cupiebam
324 3445 478 3496 absolvenda
493 3447 541 3496 luit
558 3445 622 3497 haec
635 3446 729 3508 editio,
747 3453 832 3495 tamen
848 3460 906 3495 oum
925 3443 972 3494 has
987 3444 1050 3493 mihi
1068 3443 1103 3492 le·

79 3530 127 3582 ges
158 3513 319 3578 scripserim,
344 3530 407 3578 ques
428 3514 462 3564 in
479 3514 652 3580 superioribus
672 3529 772 3578 quoque
788 3512 860 3565 libris
879 3513 1052 3563 emendandis
1069 3524 1114 3557 ao-
