2422 3862
460 221 692 280 FRAGMENTA.
1012 218 1074 283 425

93 377 224 434 induunt:
240 376 355 432 numina
368 380 486 445 vocant,
502 391 575 447 quac
590 375 614 430 si
629 375 727 447 spiritu
743 379 859 447 accepto
871 376 962 432 subito
977 392 1072 432 occur·

94 468 201 530 rorent,
218 467 343 516 monstra
353 458 555 515 haberentur.“

157 544 265 600 Deinde
281 544 421 614 aliquanto
433 549 498 614 post
512 558 597 615 quum
610 542 780 615 theologiam
792 541 947 599 naturalem
963 543 1076 616 praedi·
1086 548 1121 603 32

95 646 162 684 cans
178 628 356 699 quorundam
368 621 604 699 philosophorum
620 628 772 683 sententias
785 627 967 700 digessisset,
985 644 1074 700 oppo-

94 715 148 768 suit
163 713 216 766 sibi
231 709 425 782 quaestionem
440 716 468 766 et
481 712 532 765 ait:

156 796 236 865 „Hoc
256 797 318 851 loco
341 794 415 851 dicet
435 795 550 865 aliquis:
578 794 692 850 credam
714 810 768 866 ego
790 795 901 850 coelum
920 801 948 850 et
971 801 1075 851 terram

94 882 164 937 deos
186 897 251 935 esse
266 884 294 934 et
315 895 401 950 supra
414 879 509 933 lunam
524 879 610 944 alios,
633 879 704 934 inira
725 879 817 934 alios?
843 895 897 951 ego
920 881 1008 935 leram
1029 885 1076 934 aut

93 966 236 1019 Platonem
248 962 514 1034 autPeripateticum
520 960 692 1034 Stratonem,
707 979 825 1035 quorum
838 964 907 1019 alter
920 962 1075 1019 iecitdeum

94 1050 155 1102 sine
170 1062 306 1119 corpore,
322 1047 391 1102 alter
406 1046 467 1101 sine
484 1045 625 1102 animol“

157 1130 191 1185 Et
206 1129 312 1187 adhoc
327 1128 519 1202 respondens:

155 1213 247 1283 ,de
263 1231 331 1285 ergo
347 1213 483 1269 tandem?
511 1213 614 1284 inquit,
635 1213 749 1269 veriora
768 1214 816 1268 tibi
830 1213 961 1272 videntur
973 1214 1006 1271 T.
1022 1213 1074 1269 Ta·
1086 1219 1121 1274 33

94 1298 123 1352 tii
136 1304 184 1352 aut
196 1295 307 1352 Romuli
321 1305 369 1352 aut
382 1296 454 1352 Tulli
465 1296 573 1351 Hostilii
586 1297 716 1352 somniat
741 1295 900 1354 Cloacinam
914 1299 1010 1353 Tatius
1025 1298 1075 1353 de-

95 1381 200 1437 dicavit
213 1380 311 1447 dcam,
333 1382 428 1436 Picum
443 1380 659 1451 Tiberinumquc
673 1379 824 1452 Romulus,
839 1381 971 1437 Hostilius
984 1381 1076 1438 Pavo·

94 1480 155 1518 rem
171 1470 254 1534 atque
275 1466 428 1533 Pallorem,
447 1464 603 1520 teterrimos
624 1463 768 1521 hominnm
790 1465 931 1533 adlectus,
956 1480 1075 1535 quorum

95 1550 165 1602 alter
179 1549 279 1603 mentis
294 1550 406 1604 territae
421 1554 511 1603 motus
527 1554 583 1618 est,
604 1550 674 1604 alter
690 1551 816 1621 corporis
832 1565 868 1604 ne
882 1550 996 1604 morbus
1015 1547 1074 1618 qui·

96 1632 161 1686 dem
176 1631 227 1686 scd
243 1635 334 1687 color:
349 1633 421 1688 hacc
433 1632 546 1687 numina
559 1633 651 1703 potius
663 1632 763 1688 credes
777 1633 893 1688 etcoelo
905 1629 1074 1703 recipiesl“

158 1713 198 1770 De
230 1717 299 1788 ipsis
327 1733 397 1773 vero
425 1717 521 1772 ritibus
546 1716 695 1772 crudeliter
727 1719 853 1788 turpibus
880 1731 964 1786 quam
987 1716 1122 1780 liberesa

96 1800 221 1870 scripsit!

159 1883 242 1951 „llle,
263 1884 365 1954 inquit,
386 1885 482 1941 viriles
498 1883 550 1940 sibi
565 1890 660 1956 partes
675 1889 815 1956 amputat,
838 1883 883 1938 ille
896 1885 1016 1939 lacertos
1030 1899 1075 1937 se·

87 1972 154 2020 cat:
170 1966 217 2021 ubi
232 1966 317 2023 iratos
333 1968 403 2024 deos
416 1969 527 2036 timent,
546 1968 593 2038 qui
609 1968 650 2024 sic
663 1967 799 2040 propitios
821 1962 952 2043 [habere]
964 1982 1075 2021 meren-

95 2052 160 2104 tur?
176 2049 214 2104 dii
227 2057 321 2107 autem
332 2053 407 2108 nullo
420 2053 524 2108 debent
535 2053 588 2108 coli
600 2067 723 2124 genere,
737 2052 762 2106 si
777 2058 804 2108 et
820 2051 875 2107 hoc
888 2053 999 2108 volunta
1015 2055 1075 2105 tan-

94 2141 138 2188 tus
155 2139 197 2188 est
213 2138 391 2205 perturbatae
408 2137 506 2192 mentis
523 2142 550 2191 ct
569 2137 684 2192 sedibus
699 2137 758 2191 suis
772 2137 872 2208 pulsae
888 2137 979 2205 furor,
992 2140 1021 2190 ut
1035 2134 1076 2190 sic

96 2217 133 2271 dii
148 2220 309 2289 placentur,
331 2220 570 2291 quemadmodum
591 2237 626 2276 nc
646 2220 776 2277 homines
800 2220 914 2291 quidem
935 2221 1075 2276 saeviunt.

95 2301 240 2355 Teterrimi
264 2308 291 2358 et
311 2304 340 2359 in
360 2305 468 2360 labulas
485 2304 603 2360 traditae
619 2304 788 2361 crudelitatis
804 2303 914 2376 tyranni
928 2306 1075 2360 lacerave-

96 2389 160 2436 runt
173 2384 330 2454 aliquorum
348 2389 490 2456 membra,
513 2389 653 2443 neminem
667 2405 719 2444 sua
733 2390 861 2444 lacerare
875 2388 1027 2444 iusserunt.
1048 2386 1077 2440 in

96 2551 162 2618 sibi,
185 2565 221 2604 ne
243 2550 287 2606 vir
309 2557 399 2622 esset,
420 2553 531 2607 iubente
553 2552 666 2608 domino
689 2569 788 2608 manus
804 2553 906 2608 intulit:
925 2569 957 2606 se
979 2551 1033 2622 ipsi
1047 2551 1076 2606 in

94 2634 206 2704 templis
225 2635 430 2704 contrucidant,
450 2637 614 2692 vulneribus
629 2637 686 2690 suis
705 2653 738 2691 ac
755 2636 893 2707 sanguine
909 2634 1076 2706 supplicant.

95 2716 125 2773 Si
141 2717 185 2772 cui
201 2718 302 2773 intueri
315 2725 413 2788 vacet,
429 2735 502 2790 quae
518 2719 622 2789 iaciunt
637 2734 766 2789 quaeque
781 2719 936 2790 patiuntur,
953 2718 1077 2775 inveniet

96 2809 151 2856 tam
172 2801 307 2857 indecora
325 2802 466 2872 honestis,
491 2810 547 2858 tam
570 2801 686 2874 indigna
711 2803 821 2872 liberis,
847 2807 903 2856 tam
930 2801 1077 2858 dissimilia

95 2886 187 2954 sanis,
204 2892 233 2941 ut
247 2903 330 2942 nemo
345 2888 427 2942 luerit
441 2887 614 2943 dubitaturus
629 2889 723 2942 furere
739 2904 804 2954 eos,
822 2887 921 2942 sicum
935 2886 1077 2957 pauciori-

95 2972 147 3024 bus
171 2971 311 3026 furerent:
334 2987 409 3028 nunc
431 2971 555 3027 sanitatis
575 2969 762 3043 patrocinium
781 2969 980 3026 insanientium
997 2972 1077 3026 turba

96 3054 167 3108 cst.“

159 3138 216 3192 lain
232 3139 294 3210 illa,
316 3154 388 3208 quae
408 3139 437 3193 in
454 3138 516 3209 ipso
531 3138 667 3210 Capitolio
686 3137 750 3194 lieri
769 3139 862 3194 solere
876 3141 1122 3203 conmemorat&

96 3226 123 3275 ct
137 3221 276 3293 intrepide
291 3224 403 3278 omnino
422 3223 564 3294 coarguit,
585 3222 647 3294 quis
662 3222 760 3278 credat
771 3222 826 3277 nisi
845 3224 880 3279 ab
896 3221 1074 3278 irridentibus

96 3310 143 3358 aut
159 3305 311 3360 lucentibus
325 3305 410 3362 fierit
425 3322 490 3362 nam
505 3322 590 3378 quum
604 3308 634 3362 in
648 3307 735 3363 sacris
749 3304 900 3379 Aegyptiis
915 3304 1019 3362 Osirim
1033 3307 1076 3361 lu·

96 3386 158 3457 geri
185 3387 341 3459 perditum,
371 3407 438 3446 mox
458 3396 552 3447 autem
579 3392 724 3450 inventum
751 3406 854 3463 magno
880 3405 944 3444 esse
970 3388 1080 3458 gaudio

97 3469 256 3541 derisisset,
273 3489 357 3543 quum
371 3474 491 3546 perditio
509 3477 570 3533 eius
588 3478 776 3551 inventioque
787 3473 939 3546 iungatur,
955 3471 1043 3524 notor
1054 3470 1106 3514 xa-
