2422 3862
247 243 417 304 unsrun.
432 242 527 303 mon.
548 243 621 303 me.
636 241 714 302 xm.
736 242 794 302 ur.
808 251 835 304 a.
856 249 927 318 (ar.)
1003 215 1085 308 'ata

97 417 175 461 urna
188 416 296 460 aurum
317 399 377 472 dat,
395 395 467 473 quia
482 396 618 471 viperam
632 393 733 470 habet,
749 397 806 456 sed
820 411 926 457 aurum
941 397 1002 472 dat,
1018 414 1087 460 cum

96 493 127 545 ει
141 485 280 560 viperam
295 481 422 542 habeat:
443 481 553 541 eodem
570 480 662 541 modo
681 495 720 539 ex
736 480 898 554 sacrilegio
913 481 1030 542 lucrum
1045 483 1087 557 m,

95 567 249 644 nunquia
268 575 357 642 turpe
379 574 409 626 et
429 564 611 626 sceleratum
632 572 679 625 εει
699 563 909 638 saerilegium,
939 566 996 625 sed
1017 567 1089 643 quia

95 662 127 715 ει
137 655 256 713 lucrum
272 651 374 711 habet.
413 650 675 730 Quemadmodum
696 649 726 708 in
742 648 794 708 iila
809 664 888 710 urna
901 647 1010 723 vipera
1024 667 1088 711 ma·

94 740 158 798 lum
173 745 231 812 est,
247 752 308 797 non
324 750 447 805 aurum,
465 735 549 809 quod
565 749 633 793 cum
650 731 757 807 vipera
771 733 863 808 iacet,
887 733 933 794 sic
947 734 977 793 in
994 735 1087 794 sacri-

94 821 177 896 legio
191 822 303 881 malum
318 826 367 880 est
379 818 491 891 scelus,
511 834 572 878 non
588 820 736 878 lucrum.“
780 818 820 890 [A
842 818 954 892 quibus
974 820 1130 883 duan-tt

94 909 157 978 tia]
191 904 394 965 dissimillima
413 903 574 977 utriusque
587 902 633 961 rei
649 900 791 962 condicio
814 909 875 962 est:
898 901 959 963 iilic
979 919 1087 964 aurum

95 1005 227 1065 possum
248 988 317 1049 sine
331 989 440 1063 vipera
459 987 576 1046 toliere.
613 984 675 1045 illic
695 987 813 1045 lucrum
834 986 902 1046 sine
925 987 1088 1063 sacrilegio

95 1075 198 1134 iacere
213 1089 274 1134 non
290 1088 430 1148 possum.
463 1071 581 1131 lucrum
596 1069 672 1129 iliud
687 1085 747 1129 non
765 1078 812 1129 est
829 1070 1004 1146 adpositum
1020 1087 1087 1132 sce-

94 1160 159 1232 leri,
178 1157 236 1218 sed
250 1157 417 1217 inmixtum

164 1243 298 1316 „Quod
329 1242 415 1301 dum
444 1237 640 1313 consequi
673 1242 866 1315 volumus,
905 1239 941 1298 in
969 1182 1131 1308 multans

93 1325 430 1396 malaincidimus,
452 1324 490 1382 id
512 1322 649 1384 bonum
670 1341 743 1385 non
767 1332 836 1384 est.
882 1326 967 1384 dum
988 1323 1089 1385 divi·

94 1411 173 1471 tias
193 1417 320 1470 autem
342 1407 533 1482 consequi
558 1409 759 1482 volumus,
787 1409 824 1467 in
845 1410 964 1469 muita
989 1408 1089 1469 mala

94 1493 323 1555 incidimus:
339 1508 433 1567 ergo
452 1490 617 1552 divitiae
637 1491 775 1554 bonum
794 1509 867 1552 non
885 1496 1004 1553 sunt.“

159 1578 280 1651 ‚,Dnas,
297 1576 407 1652 inquit,
423 1575 663 1649 significationes
678 1576 771 1637 habet
786 1577 957 1652 propositio
975 1584 1087 1651 vestra,

94 1678 201 1724 tutam:
218 1662 290 1720 dum
303 1660 424 1721 divitias
442 1658 593 1734 consequi
611 1661 763 1733 volumus,
780 1661 811 1720 in
828 1662 921 1722 muita
935 1676 993 1720 nos
1009 1664 1088 1721 maia

94 1746 240 1809 incidere.
272 1746 302 1804 in
318 1746 411 1806 muita
426 1751 525 1804 autem
544 1744 624 1803 maia
638 1744 800 1805 incidimus
815 1752 845 1805 et
860 1746 932 1805 dum
946 1746 1088 1806 virtutem

95 1829 248 1905 consequi
262 1830 416 1889 volumus.
461 1829 589 1902 aliquis,
616 1829 688 1888 dum
714 1830 839 1905 navigat
864 1829 957 1890 studii
983 1845 1087 1905 causa,

94 1915 288 1988 naufragium
310 1914 398 1987 secia·
423 1912 535 1987 aliquis
558 1919 667 1987 captus
686 1920 742 1973 est.
785 1915 892 1974 Altera
907 1913 1130 1988 significatione

95 1999 165 2060 tatis
183 2005 245 2058 est:
268 2014 325 2074 per
340 1997 423 2073 quod
441 1997 472 2055 in
486 1996 566 2056 mala
578 1996 755 2071 incidimuS‚
777 1996 810 2058 id
824 2000 939 2059 bonum
954 2015 1015 2059 non
1032 2005 1089 2074 εει,

93 2084 173 2143 Huic
195 2082 404 2157 propositioni
423 2097 485 2141 non
509 2079 564 2142 erit
590 2096 787 2157 consequens
808 2099 865 2158 per
884 2082 1007 2144 divitias
1029 2099 1088 2144 nos

95 2174 147 2227 aut
165 2183 221 2242 per
236 2167 411 2240 voluptates
425 2166 456 2225 in
470 2167 550 2225 maia
564 2165 715 2226 incidere=
738 2173 790 2229 aut
805 2168 832 2227 si
849 2183 904 2243 per
919 2166 1040 2229 divitias
1057 2167 1088 2229 in

94 2253 189 2312 motta
215 2251 295 2310 mala
319 2250 497 2325 incidimus,
523 2265 585 2309 non
610 2257 726 2311 tantum
746 2251 862 2313 bonum
882 2250 1006 2312 divitiae
1025 2267 1086 2312 non

94 2344 181 2410 sunt,
198 2334 255 2394 sed
271 2336 383 2395 maium
396 2342 481 2394 sunt:
503 2344 677 2396 vosautem
698 2342 813 2396 tanturn
833 2336 901 2397 iilas
917 2336 1017 2398 dicitis
1032 2337 1086 2397 bo·

93 2437 168 2482 num
182 2436 244 2480 non
261 2434 343 2479 esse.
378 2419 555 2493 Praeterea,
577 2418 690 2494 inquit,
713 2421 882 2481 conceditis
897 2420 1019 2480 divitias
1033 2419 1086 2479 ha-

94 2505 169 2565 bere
192 2503 307 2578 aliquid
321 2521 408 2564 usus.
452 2503 530 2562 inter
544 2504 706 2564 commoda
720 2504 788 2564 ilias
804 2504 986 2564 numeratis:
1002 2502 1087 2577 atqui

95 2589 204 2648 eadem
229 2588 347 2650 ratione
369 2603 409 2647 ne
432 2587 625 2670 commodum
649 2587 773 2662 quidem
797 2595 894 2647 erunt.
938 2601 995 2661 per
1019 2586 1086 2646 illas

94 2673 175 2733 enim
190 2673 284 2733 multa
298 2673 388 2732 nobis
404 2670 600 2733 incommoda
615 2671 788 2729 eveniunt.“
817 2670 871 2729 His
888 2670 1012 2746 quidam
1027 2668 1129 2739 hoeau

93 2757 301 2832 respondent:
331 2756 482 2831 „Erratis
509 2754 562 2831 qui
586 2753 782 2816 incommoda
798 2753 912 2814 divitiis
929 2753 1086 2830 imputetis.

94 2841 165 2901 ittae
180 2843 332 2902 neminem
353 2842 493 2902 laedunt:
515 2855 568 2900 aut
585 2855 642 2900 sua
656 2847 748 2900 nocet
767 2839 878 2915 cuique
894 2839 1020 2900 stultitia
1035 2847 1088 2902 aut

95 2927 195 2987 atiena
210 2925 363 3000 nequitia,
379 2925 424 2986 sic
440 2924 699 3001 quemadmodum
712 2925 850 2999 gladius,
867 2925 920 3000 qui
936 2925 1087 2986 neminem

96 3010 222 3085 oceidit,
249 3011 417 3071 occidentis
439 3012 531 3071 tetum
553 3017 609 3069 est.
654 3025 715 3068 non
736 3007 807 3071 ideo
824 3008 948 3070 divitiae
964 3009 1086 3082 tibine·

94 3102 180 3169 cent,
207 3097 234 3155 si
262 3102 388 3170 propter
410 3094 530 3154 divitias
551 3093 604 3154 tibi
626 3098 784 3153 nocetur.“
828 3092 1029 3167 PosidoniuS,
1055 3099 1127 3155 uidi

94 3196 152 3254 ego
172 3180 330 3253 existimo,
353 3177 476 3252 melius,
499 3178 550 3253 qui
571 3179 613 3238 ait
627 3176 750 3238 divitias
766 3192 837 3238 εεεε
852 3195 978 3239 cansam
991 3179 1085 3240 maio-

93 3281 171 3337 rum,
187 3281 249 3324 non
266 3264 337 3339 quia
352 3265 440 3340 ipsae
456 3263 570 3323 iaciunt
584 3261 710 3336 aliquid,
726 3262 782 3322 sed
804 3264 875 3337 quia
891 3265 1026 3324 facturos
1042 3263 1085 3322 in-

94 3348 193 3409 ritant.
238 3347 297 3408 aiia
318 3355 366 3409 est
386 3350 466 3410 enim
490 3363 585 3407 causa
605 3345 759 3419 efficiens,
783 3363 863 3421 quae
879 3348 1018 3422 protinus
1033 3363 1085 3406 ne·

95 3449 187 3493 cesse
207 3439 255 3492 est
276 3441 399 3507 noceat,
424 3432 484 3492 alia
503 3431 705 3506 praecedens.
748 3429 827 3490 hanc
850 3431 1086 3506 praecedentem

96 3533 222 3578 causam
245 3516 368 3579 divitiae
388 3517 516 3577 habent=
545 3514 652 3576 inflant
673 3514 807 3588 animos,
833 3513 1010 3638 supepbiam
1033 3529 1086 3586 pn·

867 3607 908 3658 &a
