2422 3862
221 223 395 286 EPISTUL.
409 223 503 287 molt.
524 226 597 286 LlB.
613 227 648 285 11.
671 226 728 285 ΕΡ.
740 236 767 289 8.
776 235 802 289 9.
823 234 945 301 (2021.)
1034 228 1074 293 45

93 387 134 440 est
149 378 457 454 inspiciendumque,
479 379 582 437 anille
597 377 769 453 paupertati
784 379 953 453 indulgeat,
972 397 1009 439 aa
1025 382 1074 443 lric

93 463 202 523 divitiis
226 478 288 522 non
305 461 475 537 indulgeat:
498 462 632 537 alioquin
651 463 719 522 leve
733 470 944 537 argumentum
959 473 1007 524 est
1021 466 1075 526 bo·

93 565 146 609 nae
160 547 330 609 voluntatis
345 546 489 621 grabatus
505 554 557 606 aut
569 562 706 621 pannus,
721 547 780 607 nisi
791 547 931 622 adparuit
943 548 1075 624 aliquem

93 632 139 692 illa
160 648 225 692 non
246 629 431 692 necessitate
453 631 530 705 pati,
558 630 615 689 sed
641 630 740 690 malle.
782 631 921 691 Ceterum
946 640 1116 707 magnaela

94 715 201 777 indolis
224 724 273 776 est
296 716 335 775 ad
356 715 414 776 ista
429 732 490 774 non
505 730 673 790 properare
687 722 841 790 tamquam
854 716 995 790 meliora,
1018 718 1074 776 sed

95 800 269 875 praeparari
291 806 448 875 tamquam
467 799 508 859 ad
529 799 639 861 facilia.
673 806 704 859 et
721 808 805 873 suat,
826 800 937 874 Lucili,
959 800 1074 861 facilia:

95 900 158 944 cum
176 899 254 944 vero
269 885 363 944 multo
381 890 450 943 ante
464 884 626 944 meditatus
641 884 827 957 accesseris,
850 884 982 945 iucunda
998 902 1074 961 quo·

95 984 160 1044 que.
190 968 273 1028 inest
294 968 375 1028 enim
395 967 469 1041 illis,
493 969 559 1027 sine
581 983 642 1043 qua
662 967 734 1027 nihil
755 975 802 1028 est
823 966 1002 1044 iucundum,
1025 986 1073 1030 se·

94 1054 214 1114 caritas.
252 1051 465 1112 Necessarium
488 1067 562 1126 ergo
583 1052 702 1124 iudico,
728 1051 760 1111 id
783 1053 867 1127 quod
890 1053 944 1113 tibi
965 1055 1118 1130 scripsira

93 1153 222 1212 magnos
244 1137 329 1197 viros
356 1152 451 1211 saepe
475 1136 601 1211 iecisse,
631 1136 752 1211 aliquos
778 1137 845 1196 dies
869 1135 1073 1214 interponere,

95 1222 205 1297 quibus
229 1236 288 1281 nos
303 1220 482 1296 imaginaria
497 1227 676 1296 paupertate
691 1236 890 1281 exerceamus
906 1223 944 1283 ad
961 1239 1074 1283 veram.

93 1307 177 1382 quod
198 1320 237 1365 eo
258 1302 357 1381 magis
379 1306 551 1365 laciendum
572 1311 633 1377 est,
658 1305 743 1379 quod
766 1304 883 1365 deliciis
902 1308 1074 1380 permadui-

92 1407 159 1451 mus
181 1398 214 1450 et
232 1391 335 1450 omnia
355 1389 432 1450 dura
452 1405 488 1449 ac
509 1387 646 1449 difficilia
666 1388 850 1449 iudicamus:
874 1389 976 1465 potius
992 1390 1074 1451 exci-

92 1475 203 1536 tandus
225 1490 244 1534 e
265 1490 375 1534 somno
396 1480 426 1533 et
441 1472 630 1533 vellicandus
646 1480 694 1533 est
711 1474 830 1533 animus
848 1475 1073 1536 admonendus·

94 1575 154 1634 que
169 1567 309 1620 naturam
324 1557 414 1619 nobis
426 1556 581 1618 minimum
593 1556 799 1618 constituisse.
832 1557 928 1618 Nemo
940 1559 1075 1620 nascitur

94 1643 191 1704 dives.
225 1642 368 1719 quisquis
389 1641 451 1702 exit
467 1642 497 1701 in
515 1643 629 1715 lucem,
650 1639 755 1702 iussus
771 1647 819 1701 est
833 1643 912 1702 lacte
927 1649 957 1702 et
972 1658 1073 1716 panno

92 1723 163 1788 csse
189 1734 369 1789 contentus=
398 1726 509 1787 abhis
534 1725 626 1786 initiis
651 1742 709 1786 nos
736 1740 831 1799 regna
855 1740 916 1784 non
940 1725 1073 1801 capiunt.

92 1813 178 1872 Vale.

389 1947 606 2005 EPlSTULA
632 1946 678 2002 IX.
707 1947 778 2018 (21.)

348 2044 459 2096 Seneca
476 2046 589 2095 Lucrrro
610 2055 661 2094 suo
680 2054 818 2094 sanorem.

155 2150 230 2210 Cum
246 2147 313 2209 istis
329 2147 380 2209 tibi
396 2163 466 2208 esse
483 2147 636 2223 negotium
652 2147 786 2222 iudicas,
802 2147 841 2207 de
854 2147 965 2222 quibus
978 2147 1071 2224 scrip·
1089 2166 1100 2218 l

93 2242 201 2295 seras?
221 2234 388 2293 maximum
404 2231 557 2307 negotium
572 2239 671 2292 tecum
684 2231 790 2293 habes.
813 2239 846 2292 tu
859 2231 912 2293 tibi
923 2234 1074 2296 molestus

93 2336 142 2380 es:
173 2317 250 2394 quid
271 2317 347 2377 velis
367 2317 480 2376 nescis.
507 2315 615 2376 melius
641 2317 753 2392 probas
769 2317 899 2378 honesta
917 2333 1008 2392 quam
1027 2333 1074 2376 se-

94 2401 206 2479 queris.
235 2403 340 2476 vides,
362 2401 473 2461 ubisit
496 2400 596 2477 posita
614 2401 757 2473 felicitas,
782 2401 836 2461 sed
853 2401 989 2461 odiliam
1004 2417 1074 2476 per-

94 2487 199 2548 venire
214 2504 276 2548 non
292 2486 400 2546 audes.
423 2485 499 2561 quid
514 2486 553 2546 sit
568 2493 682 2561 autem,
700 2486 782 2560 quod
798 2492 828 2546 te
840 2486 984 2560 inpediat,
1003 2485 1075 2558 quia

94 2588 201 2647 parum
217 2573 287 2647 ipse
303 2569 446 2646 dispicis,
471 2570 584 2631 dicame
606 2586 716 2645 magna
730 2587 802 2630 esse
817 2568 894 2629 haec
908 2569 1074 2642 existimas,

94 2672 172 2732 quae
192 2657 356 2717 relicturus
378 2671 427 2728 es,
455 2662 485 2715 et
506 2671 587 2715 cum
608 2653 857 2729 proposuisti
879 2651 948 2713 tibi
971 2653 1074 2713 illam

93 2740 358 2812 securitatem,
386 2739 561 2815 adquam
586 2737 826 2799 transiturus
849 2754 904 2812 ea,
932 2739 1076 2798 retinet

94 2834 128 2886 tc
155 2825 272 2886 huius
300 2824 418 2896 vitae,
449 2841 467 2883 a
496 2839 568 2900 qua
594 2839 827 2884 recessurus
858 2838 912 2895 eS,
945 2823 1076 2897 lulgor

96 2926 286 2985 tamquam
309 2909 344 2968 in
367 2908 529 2968 sordida
552 2914 587 2967 et
608 2909 778 2969 obscura
799 2924 985 2967 casurum.
1015 2907 1104 2975 Ena

94 3009 171 3068 ras,
192 2993 332 3055 Lucili=
356 3008 394 3052 ex
409 2992 466 3052 hac
481 2991 543 3053 vita
556 2993 596 3053 ad
611 2992 691 3052 illam
706 2991 912 3052 adscenditur.
932 2992 1016 3065 quod
1032 2990 1075 3050 in-

97 3085 190 3140 terest
213 3078 292 3138 inter
313 3076 509 3152 splendorem
532 3084 561 3137 et
576 3078 688 3149 lucem,
711 3092 779 3137 cum
794 3077 870 3137 haec
888 3082 999 3137 certam
1016 3075 1074 3135 ori·

96 3165 194 3237 ginem
217 3162 330 3222 habeat
344 3175 381 3222 ae
398 3178 500 3236 suam,
523 3162 573 3221 ille
589 3160 681 3222 niteat
695 3162 809 3236 alieno,
833 3161 891 3222 hoc
906 3160 983 3221 inter
997 3161 1076 3220 hanc

98 3248 185 3308 vitam
213 3255 244 3308 et
269 3247 366 3306 illam:
395 3245 471 3307 haec
492 3247 611 3320 fulgore
631 3246 823 3308 extrinsecus
846 3246 985 3306 veniente
1006 3261 1075 3321 per-

99 3347 189 3393 cussa
210 3339 274 3406 est,
304 3346 439 3391 crassam
461 3330 503 3390 illi
524 3331 623 3392 statim
645 3329 781 3391 umbram
803 3331 906 3404 saciet,
934 3330 1076 3406 quisquis

101 3415 261 3478 obstiterim
288 3415 339 3475 illa
361 3430 418 3475 suo
436 3415 550 3476 tantine
564 3415 700 3478 inlustris
715 3423 773 3478 est.
805 3415 943 3478 studia
960 3421 1001 3476 te
1017 3421 1090 3472 tna

100 3502 239 3560 clarum
265 3507 302 3560 et
324 3497 490 3561 nobilem
520 3500 720 3570 efficient.
757 3495 1142 3584 Exemplumlltpieur‘xa
