2422 3862
127 222 149 286 8
414 222 446 280 L.
469 222 615 283 ANNAEl
639 223 823 285 SENECAE.

129 392 220 451 quam
243 382 355 450 potens
377 376 416 436 sit
437 374 654 451 quamtimes,
679 380 747 435 cum
762 375 808 450 id,
832 384 957 452 propter
972 376 1056 452 quod
1071 377 1103 435 ti-

93 457 112 514 d
129 475 210 533 mes,
228 475 318 519 nemo
334 475 395 519 non
409 459 529 534 possita
554 461 595 520 At
610 461 636 520 si
652 460 728 521 forte
745 460 775 519 in
791 476 897 520 manus
913 460 1046 521 hostium
1061 461 1105 520 in·

129 543 257 615 cidaris,
283 543 380 605 victor
398 551 429 604 te
450 544 520 604 duci
535 544 664 604 iubebit:
691 559 728 604 eo
744 559 868 620 nempe,
896 561 957 619 quo
974 546 1106 605 duceris.

130 626 204 702 quid
217 635 247 688 te
263 625 332 703 ipse
347 628 465 703 decipis
481 635 512 688 et
528 627 587 688 hoc
603 644 683 690 nunc
700 628 844 704 primum,
862 629 947 704 quod
962 628 1033 688 olim
1054 645 1105 703 pa·

128 710 268 784 deberis,
290 712 462 786 intellegist
488 713 533 773 lta
547 712 631 773 dico:
657 728 696 772 ex
717 729 778 787 quo
794 720 883 773 natus
899 728 948 787 es,
974 713 1106 772 duceris.

128 793 212 855 Haec
224 803 256 856 at
269 795 420 856 eiusmodi
436 797 590 856 versanda
604 797 633 857 in
649 797 849 871 animo-sunt,
865 797 892 857 si
908 797 1049 858 volumus
1062 799 1106 856 ul-

128 879 231 938 timam
243 880 324 939 illam
336 879 442 941 horam
456 881 565 955 placidi
576 889 773 956 exspectare,
791 881 877 942 cuius
890 889 986 941 metus
1000 896 1108 940 omnes

128 963 204 1024 alias
220 963 372 1039 inquietas
388 965 468 1025 lacit.

90 1051 120 1102 10
197 1046 260 1107 Sed
280 1056 313 1110 ut
333 1048 424 1108 finem
448 1049 598 1123 epistulae
619 1049 777 1124 inponam,
802 1049 924 1125 accipe,
949 1050 1034 1122 quod
1054 1048 1106 1108 ho-

67 1186 69 1190 ,
130 1131 236 1191 diemo
253 1131 303 1192 die
317 1132 390 1192 mihi
407 1135 527 1208 placuit.
558 1141 588 1193 et
606 1133 667 1193 hoc
688 1149 813 1208 quoque
825 1149 864 1192 ex
878 1132 987 1193 alienis
1005 1132 1107 1194 hortu-

129 1215 166 1276 lis
183 1222 337 1292 sumptum
355 1226 416 1277 est:
441 1228 625 1292 „magnae
647 1217 810 1277 divitiae
831 1224 920 1278 sunt
942 1219 1107 1292 legana-

130 1308 238 1360 turae
261 1301 472 1375 conposita
499 1306 745 1377 paupertas.“
779 1301 842 1360 Lex
864 1308 962 1362 autem
984 1302 1035 1362 illa
1056 1317 1108 1360 na-

130 1394 214 1445 turae
230 1385 292 1444 scis
311 1401 389 1460 quos
402 1385 491 1447 nobis
507 1387 652 1446 terminos
669 1391 801 1446 statuat?
820 1402 880 1446 non
896 1387 1028 1459 esurire,
1045 1402 1106 1446 non

130 1469 226 1540 sitire,
250 1485 311 1530 non
327 1470 439 1545 algere.
467 1472 508 1532 Ut
522 1470 631 1530 larrrem
647 1469 789 1544 sitimque
805 1469 960 1545 depellas,
983 1487 1045 1530 non
1062 1477 1106 1531 est

130 1569 261 1614 necesse
289 1554 433 1628 superbis
469 1553 613 1614 adsidere
644 1552 798 1614 liminibus
826 1568 883 1614 nec
912 1554 1109 1630 supercilium

129 1653 224 1714 grave
240 1646 269 1699 et
285 1636 537 1705 contumeliosam
552 1637 642 1699 ctiam
657 1636 873 1698 humanitatem
890 1637 1023 1713 perpeti,
1047 1655 1108 1698 non

130 1730 178 1799 est
202 1737 332 1783 necesse
353 1722 448 1783 maria
471 1730 619 1798 temptare
640 1738 697 1783 nec
719 1721 808 1797 sequi
829 1730 944 1783 castrat
973 1723 1111 1797 parabile

88 1819 120 1872 11
133 1815 194 1879 est,
220 1807 304 1882 quod
321 1813 428 1869 natura
443 1808 612 1878 desiderat,
636 1815 665 1867 et
681 1805 867 1883 adpositum.
896 1807 946 1866 Ad
962 1823 1111 1882 superva-

59 1898 63 1907 '
131 1906 187 1951 cua
203 1890 341 1951 sudatur.
374 1892 426 1952 illa
441 1901 525 1967 sunt,
549 1907 628 1967 quae
642 1900 742 1967 togam
758 1897 934 1964 conterunt,
956 1907 1035 1965 quae
1051 1908 1111 1952 nos

130 1990 295 2035 senescere
317 1975 375 2037 sub
397 1977 526 2039 tentorio
548 1984 674 2050 cogunt,
694 1991 773 2049 quae
795 1975 825 2034 in
847 1974 945 2035 aliena
959 1976 1048 2035 litora
1065 1975 1110 2035 in-

131 2057 273 2134 pingunt:
297 2059 336 2119 ad
351 2077 472 2122 manum
488 2069 550 2134 est,
566 2061 712 2136 quodsat
726 2066 781 2118 est.
802 2059 889 2118 Vale.

491 2195 708 2253 EPISTULA
729 2197 763 2251 V.

384 2293 494 2345 Suuucn
512 2295 622 2349 Lucuro
643 2304 694 2344 suo
714 2306 852 2345 saturum.

98 2410 113 2462 1
188 2399 276 2476 Quod
291 2397 484 2475 pertinaciter
495 2397 600 2458 studes
613 2406 643 2458 et
655 2398 796 2459 omnibus
810 2399 934 2460 omissis
947 2396 1006 2458 hoc
1017 2412 1110 2456 unum

132 2486 212 2562 agis,
235 2493 268 2545 ut
287 2491 317 2545 te
337 2482 493 2545 meliorem
508 2479 620 2543 cotidie
636 2482 747 2557 lacius,
771 2490 801 2543 et
820 2482 916 2558 probo
932 2488 962 2541 et
974 2480 1109 2556 gaudeo,

130 2586 188 2631 nec
202 2576 317 2630 tantum
332 2568 451 2637 hortor,
469 2574 500 2627 ut
516 2581 714 2642 perseveres,
730 2567 787 2627 sed
802 2568 891 2628 etiam
903 2581 990 2640 rogo.
1014 2564 1111 2623 illud

131 2662 232 2715 autern
257 2660 294 2714 te
318 2653 524 2723 admoneo,
558 2666 602 2710 ne
628 2667 758 2713 corum
790 2666 911 2724 more,
945 2649 1009 2724 qui
1035 2663 1109 2707 non

132 2733 1109 2814 proliceresedconspicicupiunt,laciasaliqua‚

132 2836 229 2896 quac
251 2822 287 2880 in
309 2819 444 2880 habitu
467 2828 530 2883 tuo
553 2828 616 2881 aut
638 2815 1110 2895 generavitaenotabiliu

99 2923 115 2976 2
130 2906 217 2966 sint.
240 2906 392 2980 Asperum
409 2908 521 2966 cultum
536 2912 565 2965 et
579 2905 733 2966 intonsum
749 2910 886 2980 caputet
902 2900 1109 2977 neglegentio-

74 3003 77 3007 ·
132 3004 196 3051 rern
217 2989 341 3049 barbam
364 2997 393 3049 ct
413 2988 559 3051 indictum
582 2997 709 3064 argento
730 2990 834 3049 odium
856 2996 885 3049 et
908 2987 1008 3047 cubile
1026 2983 1109 3044 humi

132 3075 278 3150 positum,
294 3079 324 3134 et
340 3073 486 3148 quicquid
501 3074 583 3136 atiud
598 3073 814 3152 ambitio[nem]
833 3086 980 3148 perversa
996 3069 1046 3128 via
1061 3083 1129 3127 se·-

133 3159 250 3234 quitur,
275 3158 364 3218 evita.
397 3160 472 3219 satis
493 3159 595 3235 ipsum
610 3173 720 3218 nomen
738 3155 967 3233 philosophiae,
990 3151 1109 3214 etiamsi

132 3242 272 3303 modeste
286 3248 445 3316 tractetur,
464 3243 648 3304 invidiosum
666 3250 729 3303 est=
746 3242 820 3317 quid
835 3242 862 3301 si
877 3255 934 3300 nos
952 3238 1109 3299 homiuum

132 3327 347 3389 consuetudini
370 3327 562 3403 coeperimus
578 3333 767 3402 excerperet
796 3326 880 3386 Intus
903 3323 1004 3385 omnia
1019 3319 1109 3381 dissi·

99 3411 212 3474 emilia
228 3411 303 3487 sint,
324 3413 410 3473 lrons
432 3411 547 3487 populo
570 3416 697 3486 [nostra]
721 3411 890 3471 conveniat.
923 3407 991 3468 Non
1008 3406 1109 3480 splen·

120 3497 196 3556 dea!
208 3504 296 3570 toga,
318 3513 360 3557 ne
374 3497 501 3559 sordeat
520 3495 654 3573 quidem.
679 3511 743 3556 non
756 3495 924 3554 habeamus
940 3495 1111 3566 argentum,
