2422 3862
118 228 179 295 rto
404 228 436 287 1..
457 227 605 288 annam
625 224 801 288 sannone
874 189 876 193 ’

117 381 196 442 citus
222 380 339 455 aegris,
365 378 415 440 bic
441 378 581 455 turpibus
607 387 637 440 et
661 377 795 454 aliquam
816 378 918 454 passis
939 378 1096 444 infamiam

116 464 222 527 tristis.
256 464 340 524 illum
364 464 485 525 videbis
508 462 627 524 alienae
648 461 757 524 uxoris
772 477 876 523 amore
892 463 1037 539 cruciari,
1062 468 1095 528 il·

117 551 179 610 lum
195 564 280 609 suae.
313 565 374 610 non
391 549 503 621 deerit,
520 563 610 623 quern
625 549 751 623 repulsa
765 545 967 621 distorqueat.
997 561 1094 627 erunt,

88 648 197 709 squos
211 634 280 708 ipse
298 631 398 693 honor
411 641 513 692 vexet.
548 633 599 691 illa
619 647 693 693 vero
713 632 845 691 maxima
860 647 901 690 ex
916 632 1000 693 omni
1015 650 1096 696 mor-

116 717 219 779 talium
235 718 350 792 populo
366 717 454 777 turba
466 717 661 791 miserorum,
678 730 768 792 quam
782 715 974 791 exspectatio
989 721 1095 781 mortis

116 803 250 877 exagitat
269 802 407 876 undique
429 801 611 877 inpendens.
648 801 722 860 nihil
742 802 822 861 enim
843 807 904 873 est,
929 802 1012 861 unde
1034 820 1095 864 non

116 886 236 947 subeat.
263 887 381 961 itaque,
402 893 434 946 ut
448 886 478 944 in
493 883 595 945 hostili
615 885 741 959 regione
759 885 968 959 versantibus,
989 886 1049 948 buc
1067 897 1097 950 et

116 969 188 1030 illuc
212 968 521 1045 circumspiciendum
545 977 642 1030 estet
664 969 703 1028 ad
724 979 844 1029 omnem
857 970 1016 1044 strepitum
1038 974 1095 1032 cir-

117 1055 308 1130 cumagenda
329 1055 448 1114 cervix:
470 1052 529 1114 nisi
543 1051 593 1113 hic
614 1054 704 1115 timor
724 1060 883 1128 epectore
905 1054 1021 1116 eiectus
1037 1065 1090 1130 est,

86 1150 105 1204 4
117 1137 336 1215 palpitantibus
348 1137 538 1213 praecordiis
547 1139 665 1198 vivitur.
679 1137 912 1199 Occurrentacti
925 1138 955 1197 in
968 1139 1093 1200 exilium

118 1231 148 1284 et
162 1223 274 1284 evoluti
286 1222 387 1283 bonis.
409 1229 579 1294 occurrent,
600 1222 685 1297 quod
703 1237 799 1298 genus
813 1223 959 1297 egestatis
975 1225 1094 1298 gravis-

117 1308 228 1369 simum
241 1315 297 1382 est,
312 1307 341 1366 in
356 1307 468 1368 divitiis
483 1307 604 1382 inopes.
621 1314 784 1367 occurrent
797 1307 936 1382 naunagt
944 1304 1101 1370 similiave

118 1392 275 1469 naufragis
290 1391 386 1467 passi,
402 1408 482 1467 quos
496 1398 549 1453 aut
561 1390 721 1467 popularis
733 1390 778 1451 ira
790 1399 842 1452 aut
855 1391 977 1466 invidia,
993 1396 1096 1467 perni-

118 1477 238 1538 ciosum
260 1476 383 1551 optimis
403 1477 510 1549 telum,
536 1477 729 1551 inopinantes
757 1491 948 1552 securosque
974 1477 1097 1538 disiecit

117 1562 273 1637 procellae
284 1576 378 1632 latore,
392 1560 512 1634 quaein
524 1559 914 1636 ipsasereniilduciasolet
927 1575 1094 1637 emergere,

117 1655 171 1706 aut
184 1644 316 1705 fulminis
325 1642 425 1718 subiti,
440 1645 478 1704 ad
492 1647 580 1705 cuius
593 1646 683 1705 ictum
692 1644 781 1704 etiam
789 1644 888 1704 vicina
895 1653 1095 1707 tremuerunt.

118 1746 188 1789 nam
204 1737 238 1790 ut
253 1729 313 1789 illic
333 1728 475 1804 quisquis
490 1729 528 1789 ab
544 1729 614 1805 igne
632 1730 760 1805 propior
773 1729 869 1802 stetit,
886 1744 1037 1804 percusso
1054 1732 1094 1792 si·

118 1814 197 1874 milis
212 1812 382 1889 obstupuit,
405 1813 451 1873 sio
475 1813 505 1871 in
521 1811 569 1873 his
586 1829 642 1888 per
656 1815 789 1889 aliquam
805 1812 867 1872 vim
881 1811 1095 1877 accidentibus

117 1914 212 1958 unum
224 1897 381 1959 calamitas
395 1897 554 1972 obprimit,
571 1904 691 1959 ceteros
708 1903 822 1969 metus,
840 1912 1008 1972 paremque
1023 1915 1095 1974 pas·

89 1982 162 2046 osis
173 1982 323 2044 tristitiam
336 1980 409 2043 iacit
421 1981 483 2057 pati
498 1997 602 2057 posse.
625 1981 763 2042 Omnium
774 1982 895 2042 animos
906 1983 985 2042 mala
995 1984 1095 2043 aliena

119 2082 156 2125 ac
170 2065 330 2140 repentina
345 2065 516 2127 sollicitant.
551 2066 809 2143 quemadmodum
831 2081 906 2126 aves
927 2067 1016 2126 etiam
1031 2067 1094 2127 ina·

120 2150 168 2208 nis
184 2151 297 2210 fundae
319 2166 415 2211 sonus
436 2150 564 2224 territat,
586 2152 627 2212 ita
646 2166 704 2211 nos
724 2167 785 2210 non
808 2152 847 2211 ad
867 2151 957 2212 ictum
980 2158 1094 2213 tantum

120 2232 319 2307 exagitamur,
337 2234 392 2292 sed
411 2235 451 2294 ad
464 2234 623 2311 crepitum.
644 2235 710 2294 Non
728 2241 829 2310 potest
842 2249 917 2310 ergo
933 2234 1096 2311 quisquam

120 2316 230 2377 beatus
256 2332 341 2391 esse,
371 2319 423 2393 qui
448 2318 518 2379 huic
540 2335 574 2379 sc
595 2319 733 2394 opinioni
755 2318 894 2379 credidit.
931 2321 1094 2381 nonenim

120 2401 242 2462 beatum
263 2409 326 2475 est,
349 2401 408 2461 nisi
429 2402 512 2478 quod
532 2404 729 2478 intrepidum:
754 2403 831 2463 inter
850 2411 996 2479 suspecta
1017 2405 1096 2464 male

91 2486 239 2555 avivitur.
267 2486 412 2561 Quisquis
426 2503 462 2546 se
476 2487 600 2547 multum
613 2486 744 2548 fortuitis
761 2487 852 2560 dedit,
869 2487 1021 2562 ingentem
1038 2488 1096 2549 sibi

121 2570 277 2630 materiam
289 2570 525 2645 perturbationis
538 2577 567 2631 et
579 2571 822 2646 inexplicabilem
841 2572 926 2633 iecit:
943 2589 1004 2633 una
1019 2572 1096 2633 haec

123 2656 172 2713 via
193 2662 242 2715 est
265 2655 304 2713 ad
325 2663 390 2714 tuta
410 2653 549 2727 vadenti,
578 2661 705 2715 externa
731 2655 891 2731 despicere
913 2663 944 2716 et
964 2656 1095 2717 honesto

123 2744 299 2797 contentum
321 2751 402 2797 esse.
441 2752 511 2797 nam
534 2739 585 2814 qui
608 2737 723 2814 aliquid
748 2740 857 2800 virtute
878 2741 986 2801 melius
1010 2748 1096 2816 putat

123 2827 174 2879 aut
188 2820 281 2879 ullum
298 2828 419 2895 praeter
435 2819 516 2881 illam
531 2823 660 2897 bonum,
679 2823 824 2896 adhaec,
844 2840 924 2898 quae
940 2841 958 2884 a
973 2826 1096 2886 fortuna

124 2911 328 2978 sparguntur,
351 2902 451 2964 sinum
475 2907 624 2982 expandit
650 2915 681 2968 ct
706 2907 855 2969 sollicitus
877 2908 1005 2968 missilia
1029 2909 1096 2969 eius

92 2987 317 3064 'l[ex]spectat.
354 2987 439 3048 Hanc
462 2991 541 3050 enim
562 2992 725 3066 imaginem
745 2990 846 3051 animo
870 2999 923 3053 tuo
944 3008 1095 3069 propone,

121 3071 213 3133 ludos
234 3072 336 3130 lacere
355 3071 504 3134 loctunam
527 3083 557 3135 et
578 3076 608 3135 in
622 3074 703 3136 hunc
721 3076 892 3137 mortalium
909 3085 1029 3138 coetum
1044 3078 1097 3139 ho-

123 3170 232 3226 nores,
255 3153 390 3231 divitias,
410 3159 537 3231 gratiam
552 3166 710 3234 excutere,
733 3175 864 3235 quorum
885 3159 946 3222 alia
960 3162 1039 3222 inter
1054 3163 1098 3222 di-

120 3239 298 3321 ripientium
311 3255 420 3299 manus
433 3240 533 3302 scissa
544 3250 625 3312 sunt,
641 3245 700 3304 alia
711 3244 807 3305 infida
821 3245 972 3308 societate
989 3246 1098 3320 divisa,

122 3323 182 3386 alia
213 3337 325 3398 magno
354 3323 535 3385 detrimento
566 3341 686 3399 eorum,
727 3328 757 3388 in
791 3343 872 3404 quos
901 3329 1098 3405 devenerant,

121 3423 246 3486 prensa.
282 3422 320 3466 ex
343 3407 455 3483 quibus
473 3409 623 3485 quaedam
640 3411 723 3472 aliud
740 3414 901 3488 agentibus
915 3414 1097 3487 inciderunt,

114 3493 283 3566 quaedam,
305 3492 377 3568 quia
390 3493 479 3556 nimis
493 3495 708 3572 captabantur,
731 3497 848 3561 amissa
856 3505 901 3568 et,
922 3499 995 3560 dum
1007 3501 1099 3560 avide
