2422 3862
173 210 235 276 272
451 210 486 271 L.
507 209 655 272 ANNAEI
677 209 852 270 SENECAE

162 367 254 441 nire,
277 380 512 440 praesumamus
527 363 645 438 animo,
665 364 692 423 si
706 365 849 425 nolumus
869 366 1000 442 obprimi
1020 384 1079 429 nec
1092 371 1164 433 ultis

70 449 73 456 '
173 449 324 511 inusitatis
345 449 429 509 velut
452 448 541 510 novis
567 447 783 523 obstupederi=
808 449 837 508 in
860 450 983 524 plenum
999 454 1165 527 cogitanda

145 533 294 596 9lortuna
306 539 362 594 est.
400 532 547 606 Quotiens
561 532 666 606 Asiae,
683 531 825 606 quotiens
841 534 978 594 Achaiae
992 537 1086 598 urbes
1102 556 1164 601 uno

172 625 305 679 tremore
321 617 520 677 ceciderunt?
541 623 615 690 quot
629 616 745 691 oppida
761 615 905 694 insyria,
923 625 999 693 quot
1015 620 1045 679 in
1061 621 1163 682 Mace-

174 700 268 764 donia
292 702 442 774 devorata
466 706 560 760 suntt
608 698 731 777 Cypron
758 702 902 775 quotiens
927 704 1061 765 vastavit
1086 705 1164 766 haec

174 787 299 847 cladest
336 784 478 860 quotiens
499 784 529 843 in
544 799 579 844 se
592 782 717 859 Paphus
733 785 873 845 conruit?
917 786 1096 861 frequenter
1109 806 1163 850 no-

172 871 221 931 bis
236 869 364 931 nuntiati
376 876 448 930 sunt
470 875 601 928 totarum
619 867 740 928 urbium
765 869 904 938 interitus
928 878 959 930 et
983 887 1057 946 nos,
1087 874 1165 935 inter

174 969 255 1030 quos
271 955 449 1028 frequentur
464 953 524 1012 ista
541 953 729 1027 nuntiantur,
760 960 854 1028 quota
868 969 941 1028 pars
962 956 1097 1017 omnium
1113 975 1163 1019 su·

173 1044 263 1098 must
299 1037 527 1110 Consurgamus
544 1035 647 1111 itaque
661 1038 812 1098 adversus
828 1037 952 1098 fortuita
968 1046 998 1100 et
1016 1039 1164 1116 quicquid

173 1120 328 1196 inciderit,
355 1121 489 1182 sciamus
513 1137 574 1183 non
597 1137 668 1180 esse
689 1127 749 1180 tam
771 1137 916 1195 magnum
933 1139 1025 1197 quam
1040 1141 1163 1197 rumore

131 1204 308 1268 loiactetur.
350 1205 462 1265 Civitas
484 1206 558 1266 arsit
579 1206 723 1278 opulenta
744 1214 1019 1282 ornamentumque
1038 1209 1162 1282 provin·

174 1290 303 1364 ciarum,
327 1289 440 1364 quibus
461 1295 491 1348 ct
508 1290 623 1353 inserta
642 1296 707 1349 erat
721 1296 751 1349 et
767 1297 913 1365 excepta,
930 1292 983 1350 uni
1003 1296 1101 1351 tamen
1117 1293 1160 1351 in·

173 1375 276 1450 posita
291 1382 321 1434 et
336 1375 407 1434 huic
424 1389 486 1434 non
501 1373 649 1434 altissimo
664 1374 774 1434 monti=
798 1374 929 1434 omnium
947 1374 1073 1435 istarum
1089 1376 1161 1436 civi-

172 1458 292 1532 tatium,
320 1474 398 1534 quas
414 1473 496 1517 nunc
510 1456 690 1532 magnificas
710 1473 748 1517 ac
768 1458 887 1519 nobiles
903 1459 1007 1533 audis,
1033 1460 1164 1535 vestigia

175 1558 300 1619 quoque
318 1552 440 1617 tempus
468 1542 582 1602 eradet.
627 1557 688 1601 non
714 1542 819 1616 vides,
849 1543 1107 1618 quemadmodum
1132 1545 1162 1603 in

172 1627 291 1688 Achaia
306 1626 543 1686 clarissimarum
554 1624 673 1686 urbium
689 1624 750 1685 iam
765 1626 961 1687 fundamenta
976 1636 1164 1701 consumpta

173 1712 233 1771 sint
247 1726 304 1770 nec
321 1711 485 1785 quicquam
502 1716 617 1781 exstet,
651 1725 689 1769 ex
717 1727 778 1784 quo
805 1709 951 1784 adpareat
971 1709 1039 1769 illas
1061 1711 1164 1770 saltim

131 1794 292 1857 11luisset
332 1795 398 1855 Non
422 1802 534 1855 tantum
550 1810 642 1853 manu
656 1794 736 1854 iacta
750 1795 892 1854 labuntur
905 1809 963 1852 nec
976 1799 1091 1854 tantum
1107 1795 1163 1854 hu-

173 1896 263 1940 mana
287 1886 351 1938 arte
376 1885 469 1952 atque
490 1878 640 1938 industria
661 1879 762 1952 posita
776 1879 867 1938 vertit
880 1878 962 1939 dies:
991 1878 1063 1953 iuga
1077 1894 1163 1938 mon·

172 1965 247 2024 tium
263 1962 416 2023 diffluunt.
447 1970 529 2023 totae
544 1963 695 2023 desedere
707 1963 861 2037 regiones.
894 1969 1003 2038 operta
1017 1969 1089 2022 sunt
1105 1963 1162 2023 ssu-

174 2049 289 2121 etibuS‚
312 2063 390 2121 quae
411 2046 519 2121 procui
534 2063 553 2106 a
567 2055 736 2121 conspectu
756 2046 849 2107 maris
864 2047 993 2107 stabant.
1032 2049 1165 2108 vastavit

173 2129 253 2206 ignis
269 2128 285 2167 *
299 2134 410 2203 solum,
426 2131 537 2203 colles,
553 2146 610 2206 per
625 2146 705 2206 quos
719 2131 890 2203 relucebat,
910 2130 1005 2192 erosit
1019 2136 1049 2189 et
1066 2148 1162 2205 quon-

174 2216 244 2274 dam
260 2214 425 2274 altissimos
442 2212 590 2288 vertices,
607 2215 716 2276 solatia
731 2214 938 2289 navigantium
953 2231 990 2275 ac
1005 2217 1162 2290 speculas

173 2298 213 2359 ad
227 2297 341 2357 humile
356 2297 492 2374 deduxit.
515 2298 618 2371 Ipsius
629 2308 756 2360 naturae
770 2313 867 2374 opera
881 2306 1031 2358 vexantur
1045 2305 1076 2359 et
1091 2299 1162 2361 ideo

132 2395 165 2450 12
172 2398 272 2458 aequo
288 2382 389 2440 animo
405 2383 485 2440 serre
500 2381 648 2443 debemus
664 2383 783 2443 urbium
799 2383 929 2442 excidia.
977 2382 1093 2443 Casura
1110 2399 1163 2442 ex-

173 2473 262 2528 stant.
306 2482 413 2528 omnes
434 2463 484 2525 hic
507 2465 606 2527 exitus
627 2474 743 2526 manet:
774 2467 841 2526 sive
861 2467 981 2527 interna
994 2467 1041 2526 vis
1056 2465 1162 2528 flatus·

173 2568 233 2627 que
247 2551 411 2627 praeclusa
428 2550 572 2611 violentia
587 2551 719 2626 pondus,
735 2551 793 2611 sub
810 2557 1035 2626 quaterentur,
1051 2566 1163 2611 excus-

172 2637 281 2711 serint,
315 2637 381 2696 sive
402 2635 580 2696 torrentium
602 2634 632 2695 in
654 2633 757 2696 abdito
779 2633 844 2712 [ais]
871 2635 987 2696 vastior
1011 2634 1165 2695 obstantia

172 2717 340 2794 effregerit,
365 2720 430 2778 sive
446 2719 636 2779 flammarum
649 2720 796 2780 violentia
816 2720 1017 2794 conpaginem
1036 2719 1094 2780 soti
1114 2736 1163 2779 ru-

171 2801 259 2878 perit,
278 2800 345 2861 sive
358 2808 512 2875 vetustas,
534 2805 564 2862 in
588 2820 650 2878 qua
669 2803 742 2863 nihil
757 2811 853 2863 tatum
869 2809 925 2876 est,
940 2802 1165 2877 expugnaverit

172 2885 348 2959 minutatim,
364 2885 430 2944 sive
444 2888 578 2960 gravitas
593 2888 671 2948 coeli
688 2887 808 2949 eiecerit
823 2890 958 2963 populos
971 2894 1001 2946 et
1015 2887 1094 2946 situs
1110 2886 1163 2945 de-

174 2975 256 3029 serta
271 2970 455 3043 conruperit.
486 2971 673 3033 Enumerare
687 2988 794 3033 omnes
809 2974 940 3032 latorum
956 2971 1022 3030 vias
1037 2972 1163 3045 longum

172 3058 234 3112 est:
260 3050 320 3112 hoc
341 3069 434 3113 unum
451 3056 534 3116 scio:
566 3056 669 3117 omnia
682 3056 852 3117 mortalium
868 3070 964 3130 opera
980 3055 1181 3116 mortalitate·

130 3145 165 3200 13
172 3136 314 3197 damnata
336 3145 421 3213 sunt,
450 3138 529 3199 inter
543 3141 677 3215 peritura
693 3139 833 3200 vivimus.
879 3140 963 3199 Haec
979 3154 1054 3213 ergo
1071 3145 1164 3213 atque

172 3220 325 3282 eiusmodi
341 3224 451 3286 solatia
465 3224 616 3285 admoveo
631 3225 763 3285 Liberali
777 3233 882 3286 nostro
898 3223 1070 3283 incredibili
1086 3239 1163 3298 quo·

173 3305 242 3365 dam
257 3308 373 3388 patriae
389 3323 464 3367 suae
478 3324 582 3371 amore
597 3307 755 3384 flagranti,
773 3325 852 3383 quae
869 3310 1002 3369 tortasse
1019 3322 1163 3368 consum-

171 3397 224 3465 pta
239 3398 295 3463 est,
311 3397 344 3451 ut
358 3390 388 3451 in
403 3392 512 3452 melius
532 3394 729 3454 excitaretur=
751 3409 871 3470 saepe
884 3392 1022 3452 maiori
1039 3394 1162 3452 tortu·

171 3490 240 3534 nae
255 3477 380 3536 locum
403 3476 499 3539 iecit
518 3477 669 3537 iniuria.
703 3482 795 3539 multa
811 3478 1002 3552 ceciderunt,
1023 3483 1057 3536 ut
1072 3474 1163 3537 altius
