2422 3862
128 223 192 288 ³62
421 223 453 283 t.
474 222 622 282 ΑΝΝΑΕΙ
634 221 820 319 SENECAE

129 374 285 453 putaveris
300 374 442 450 dignum,
458 382 563 451 optes,
579 381 613 435 ut
626 374 755 434 infestos
770 373 848 434 deos
864 373 991 435 habeat:
1008 373 1110 447 habet,

103 475 106 517 z
128 460 268 534 inquam,
291 458 408 518 etiamsi
429 458 550 519 videtur
564 473 668 518 corum
690 462 775 531 [cura
790 463 830 530 et]
847 458 953 518 favore
969 458 1110 534 produci.

99 543 250 610 :Adhibe
265 541 450 617 diligentiam
465 549 547 603 tunm
562 550 593 602 et
606 542 732 616 intuere,
748 542 822 617 quid
834 542 895 603 sint
909 558 960 603 res
976 549 1110 616 nostrae,

129 625 1110 702 uonquidvocentur:etsciespluramalacontingere

128 712 243 773 nobis
271 725 380 785 quam
400 709 594 770 accidere.
629 710 771 784 quotiens
798 707 877 769 enim
902 710 1054 770 felicitatis
1081 716 1111 768 et

129 811 225 856 causa
239 802 270 855 et
285 793 399 854 initium
415 793 479 867 fuit,
495 795 577 870 quod
593 794 748 854 calamitas
763 794 952 854 vocabaturt
967 794 1109 869 quotiens

128 894 239 954 magna
264 878 465 952 gratulatione
491 885 620 952 excepta
644 893 695 936 res
718 877 846 951 gradum
870 878 929 937 sibi
953 879 1064 938 struxit
1080 878 1108 936 in

127 977 280 1039 praeceps
295 967 325 1021 et
340 962 472 1037 aliquem
486 963 544 1020 iarn
560 961 739 1022 eminentem
755 962 907 1021 adlevavit
928 962 1109 1033 etiamnunc,

98 1053 281 1122 clamquam
293 1044 393 1105 adhuc
407 1045 449 1106 ibi
464 1053 571 1117 staret,
587 1046 670 1105 unde
684 1052 747 1106 tuto
762 1045 896 1105 caduott
930 1044 993 1105 Sed
1007 1044 1108 1119 ipsum

127 1130 202 1191 illud
224 1130 335 1189 cadere
355 1145 415 1190 non
438 1129 530 1189 habet
547 1130 576 1188 in
598 1145 633 1189 se
654 1130 724 1189 mali
747 1129 925 1204 quicquam,
953 1131 979 1188 si
997 1129 1109 1189 exitum

128 1220 267 1291 spectes,
287 1213 366 1272 ultra
388 1229 479 1288 quem
500 1222 607 1274 natura
628 1215 779 1274 neminem
795 1212 913 1272 deiecit.
946 1229 1046 1287 prope
1064 1220 1109 1272 est

127 1313 227 1358 rerum
240 1297 372 1356 omnium
385 1297 547 1357 terminus:
563 1312 661 1372 prope
672 1304 729 1375 est,
744 1297 876 1371 inquam,
888 1304 918 1357 et
929 1294 1014 1368 illud,
1027 1297 1109 1356 unde

127 1381 201 1441 felix
215 1381 335 1454 eicitur,
353 1389 383 1440 et
397 1380 487 1452 illud,
509 1381 591 1440 unde
608 1381 714 1440 infelix
729 1380 885 1441 emittitur:
906 1395 964 1439 nos
981 1376 1109 1454 utraque

127 1463 322 1525 extendimus
337 1472 367 1523 et
384 1467 476 1540 longa
491 1480 549 1538 spe
567 1480 604 1524 ac
617 1471 700 1525 metu
714 1464 852 1524 facimus.
888 1463 945 1523 sed
966 1463 993 1523 si
1013 1464 1108 1538 sapiS,

127 1549 229 1609 omnia
249 1548 382 1610 humana
405 1547 587 1608 condicione
602 1548 722 1607 metire:
743 1549 831 1608 simul
846 1555 876 1606 et
890 1549 973 1622 quod
989 1547 1108 1620 gaudes

126 1640 157 1693 et
171 1633 255 1707 quod
269 1635 366 1702 times
383 1632 537 1693 contrahe.
553 1639 600 1692 est
615 1639 714 1692 autem
726 1632 798 1690 tanti
814 1630 887 1690 nihil
898 1631 950 1690 diu
962 1631 1108 1705 gaudere,

96 1732 165 1785 nne
181 1716 255 1792 quid
274 1718 329 1777 diu
350 1717 468 1779 timeas.
504 1715 566 1776 Sed
587 1731 682 1791 quare
702 1715 781 1774 istuc
802 1717 912 1774 malum
926 1714 1108 1786 adstringo?

125 1807 287 1873 nonest,
305 1799 1109 1876 quodquicquamtimendumputes.vana

125 1892 216 1945 sunt
241 1883 333 1958 ista,
365 1900 462 1960 quae
490 1900 560 1944 nos
587 1891 754 1956 movent,
784 1898 881 1958 quae
904 1881 1108 1942 adtonitos

124 1967 274 2027 liabent.
306 1983 395 2029 nemo
414 1975 567 2039 nostrum,
591 1967 664 2042 quid
679 1968 742 2026 veri
760 1974 858 2039 esset,
880 1966 1034 2039 excussit,
1051 1966 1107 2025 sed

124 2059 236 2110 metum
257 2052 332 2111 alter
353 2053 438 2112 alteri
459 2051 592 2112 tradidit.
621 2066 710 2110 nemo
731 2068 827 2111 ausus
845 2057 892 2111 est
912 2050 951 2109 ad
972 2049 1019 2121 id,
1045 2066 1107 2125 quo

124 2134 366 2209 perturbabatur,
384 2136 533 2194 accedere
549 2144 579 2196 et
593 2143 730 2195 naturam
745 2150 781 2193 ac
798 2135 911 2194 bonum
926 2132 1044 2193 timoris
1060 2134 1108 2192 sui

124 2232 229 2276 nosse.
252 2218 354 2292 itaque
367 2233 418 2278 res
433 2219 511 2278 falsa
525 2225 556 2277 et
572 2219 670 2279 innuis
685 2218 776 2278 habet
789 2218 889 2279 adhuc
904 2218 1011 2290 fidem,
1035 2217 1109 2292 quia

95 2311 185 2365 onon
201 2303 384 2374 coarguitur.
406 2301 490 2360 Tanti
509 2311 650 2377 putemus
667 2304 774 2362 oculos
790 2302 962 2362 intendere:
978 2301 1038 2360 iam
1054 2301 1108 2360 ad·

101 2398 105 2439 τ
124 2383 252 2460 parebit,
271 2400 360 2459 quam
376 2385 490 2456 brevia,
507 2403 598 2461 quam
614 2387 737 2456 incerta,
755 2402 845 2461 quam
860 2393 924 2446 tuta
935 2382 1108 2445 timeantur.

121 2469 190 2528 talis
213 2475 260 2528 est
286 2467 455 2530 animorum
476 2477 650 2531 nostrorum
665 2471 821 2543 confusio,
843 2469 944 2544 qualis
965 2470 1107 2529 Lucretio

121 2552 190 2613 visa
203 2560 265 2614 est:

205 2653 276 2697 nam
289 2639 478 2712 velutipueri
491 2639 644 2713 trepidant
660 2646 750 2713 atque
762 2640 861 2698 omniu
875 2640 972 2698 coecis

204 2723 236 2779 in
250 2722 376 2781 tenebris
389 2728 528 2793 moueant,
543 2724 585 2782 fta
598 2738 652 2782 nos
665 2725 696 2781 in
707 2726 773 2782 lnce
783 2724 924 2781 timemus.

123 2799 200 2872 Quid
215 2810 310 2877 ergot
327 2803 393 2863 Non
410 2806 491 2864 omni
507 2820 604 2879 puero
619 2807 773 2866 stultiores
790 2821 906 2879 sumus,
923 2804 1020 2880 quiin
1037 2806 1107 2866 luce

91 2882 284 2952 utimemusl
304 2885 367 2945 Sed
382 2888 490 2948 falsum
506 2897 570 2962 est,
585 2888 720 2961 Lucreti,
743 2905 802 2950 non
818 2889 960 2949 timemus
975 2889 1005 2948 in
1022 2889 1107 2948 luce:

121 2969 248 3027 omnia
264 2968 375 3029 nohis
391 2971 556 3032 fecimus
572 2973 765 3032 tenebras.
786 2972 860 3032 nihil
874 2973 1032 3046 videmus,
1048 2989 1108 3032 nec

122 3048 196 3122 quid
210 3052 326 3112 noceat
335 3068 391 3113 nec
407 3055 480 3129 quid
493 3055 648 3130 expediat.
665 3063 728 3116 tola
742 3057 803 3115 vita
817 3056 1036 3119 incursitamus
1048 3071 1108 3115 nec

120 3131 160 3226 ob
184 3133 243 3195 hoc
268 3137 440 3198 resistimus
468 3145 521 3197 ant
545 3138 795 3214 circumspectius
818 3140 927 3214 pedem
949 3141 1106 3214 ponimus.

119 3214 207 3277 vides
222 3227 337 3292 autern,
354 3236 445 3295 quam
460 3221 500 3280 sit
515 3222 631 3283 furiosa
643 3239 695 3282 res
711 3223 888 3283 intenebris
908 3223 1049 3298 inpetus:
1077 3233 1108 3282 at

119 3298 308 3391 mehercules
325 3304 356 3364 id
374 3305 502 3376 agimus,
520 3311 552 3366 ut
563 3306 682 3380 longius
693 3306 860 3367 revocandi
871 3307 977 3381 simus,
993 3315 1024 3367 et
1036 3322 1107 3366 cum

118 3394 311 3461 ignoremus,
327 3403 387 3462 quo
403 3387 551 3461 feramur,
567 3390 714 3451 velociter
727 3400 826 3451 tamen
844 3391 912 3462 illo,
928 3408 990 3465 quo
1006 3392 1107 3449 inten-

89 3460 233 3545 adimus,
255 3485 502 3548 perseveramus.
539 3471 602 3532 Sed
625 3474 845 3538 lucescere.
869 3475 900 3534 si
920 3475 1104 3546 velimus,
