2422 3862
208 243 491 324 transmarina.
511 246 583 307 ma.
598 246 647 306 m.
669 246 727 322 ap.
742 255 769 308 ι.
785 256 811 309 s.
836 252 893 318 (a.
907 253 966 320 aa>
1035 247 1077 310 so

101 415 185 462 suum
200 397 307 473 clusit,
324 413 393 458 cum
408 397 479 472 ipso
494 398 567 463 Iove
583 398 621 458 de
636 398 778 459 solicitata
793 399 973 469 contendat,
988 407 1021 459 ut
1035 399 1077 459 ait

100 483 265 560 Epicurus,
288 481 376 542 cuius
390 482 525 557 aliquam
540 497 647 543 vocem
661 481 732 543 huic
746 483 897 558 epistulae
911 483 1074 543 involvam.

152 566 240 642 „Sic
255 567 326 641 iac,
342 566 447 641 inquit,
464 566 597 638 omnia
615 573 805 643 tamquam
821 565 1073 642 spectetEpi·
1090 570 1108 624 5

47 684 49 719 ;
99 655 246 714 curus.“
280 649 411 711 Prodest
431 651 499 710 sine
520 649 614 710 dubio
637 651 796 711 custodem
817 650 875 711 sibi
897 649 1075 726 inposuisse

98 744 123 798 at
135 736 264 807 habere,
281 749 373 810 quem
386 732 547 810 respicias,
571 750 663 808 quem
674 735 825 796 interesse
840 734 1075 810 cogitationibus

97 821 150 882 tuis
164 818 299 881 iudices.
319 818 379 878 hoc
395 818 518 894 quidem
533 819 624 894 ionga
639 819 883 893 magnificentius
898 826 955 892 est,
971 818 1017 879 sic
1032 818 1075 879 vi-

96 920 165 965 vore
178 912 338 977 tamquam
353 903 412 963 sub
433 901 562 962 alicuius
577 902 650 963 boni
665 903 774 963 viriae
791 919 915 979 semper
929 917 1075 978 praesen·

95 988 129 1049 tis
144 986 262 1049 oculis:
286 985 344 1047 sed
361 982 419 1062 eg'o
443 986 533 1046 etiam
554 985 613 1047 hoc
635 994 797 1047 contentus
813 1004 896 1062 sum,
921 996 954 1049 ut
968 987 1013 1047 sic
1032 987 1074 1047 ia·

95 1074 169 1147 cias,
187 1085 405 1146 quaecumque
420 1069 532 1145 iacies,
556 1077 710 1145 tamquam
726 1078 845 1146 spectet
860 1070 986 1147 aliquis:
1010 1086 1074 1132 om-

93 1158 140 1218 nia
156 1157 251 1218 nobis
271 1155 351 1215 mala
371 1154 504 1216 solitudo
527 1155 703 1228 persuadet.
736 1153 809 1215 Cum
831 1156 890 1215 iam
906 1155 1104 1231 proieceristi

94 1246 223 1311 tantum,
252 1246 287 1299 ut
305 1237 346 1299 sit
363 1239 415 1299 tibi
436 1236 526 1299 etiam
546 1239 588 1298 tui
609 1238 794 1310 reverentia,
820 1237 924 1301 licebit
942 1239 1074 1300 dimittas

93 1325 327 1401 paedagogum:
353 1322 473 1383 interim
493 1322 665 1396 aliquorum
687 1331 717 1384 te
737 1324 917 1384 auctoritate
943 1322 1074 1384 custodi.

93 1418 143 1471 aut
165 1409 243 1470 cato
264 1407 316 1466 iile
333 1403 373 1467 sit
394 1413 447 1468 aut
469 1405 573 1481 Scipio
594 1413 646 1468 aut
664 1406 787 1469 Laelius
810 1414 861 1467 aut
882 1407 969 1469 cuius
984 1408 1074 1468 inter-

93 1501 184 1554 ventu
206 1489 319 1568 perditi
340 1506 466 1567 quoque
487 1490 627 1552 homines
647 1492 720 1552 vitia
734 1491 974 1566 subprimerent,
1000 1490 1073 1551 dum

92 1583 120 1638 te
134 1577 237 1638 aiflois
251 1591 336 1647 eum,
365 1590 433 1635 cum
455 1591 517 1650 quo
539 1590 669 1650 paccare
689 1592 750 1636 non
773 1575 906 1636 audeam
933 1589 1001 1635 cum
1014 1574 1074 1635 hoc

93 1661 244 1734 edoceris,
260 1667 291 1720 et
305 1660 408 1736 aliqua
420 1660 557 1735 coeperit
571 1659 653 1734 apud
668 1665 697 1720 te
711 1660 754 1721 tui
769 1674 842 1720 esse
856 1655 1008 1733 dignatio,
1030 1657 1074 1717 in-

93 1746 202 1821 cipiam
231 1744 286 1805 tibi
314 1743 504 1819 permittere,
541 1744 624 1819 quod
653 1742 734 1803 idem
762 1742 872 1805 suadet
903 1741 1073 1816 Epicurus:

93 1837 203 1904 „tunc
229 1829 445 1904 praecipue
464 1825 501 1888 in
522 1836 560 1888 te
585 1828 671 1902 ipse
698 1827 858 1899 secede,
884 1840 964 1885 cum
985 1840 1073 1885 esse

93 1912 251 1990 cogeris
266 1910 304 1972 in
322 1910 465 1973 turba.“
500 1911 684 1971 dissimilem
700 1918 730 1971 te
744 1910 810 1970 fieri
824 1909 924 1969 moitis
943 1915 1073 1985 oportet.
1086 1908 1103 1964 7

92 1999 163 2059 dum
179 2003 279 2059 tutum
293 1995 348 2056 tibi
363 2011 424 2055 non
440 2004 487 2056 est
502 1994 542 2056 ad
556 2002 586 2056 ta
607 1996 768 2066 recodere,
797 1992 998 2068 circumspice
1013 1994 1073 2053 sin-

92 2083 199 2158 gulosa
222 2096 314 2141 nemo
334 2088 396 2151 est,
423 2080 472 2141 cui
495 2096 555 2141 non
576 2079 673 2140 satius
696 2077 736 2139 sit
756 2094 825 2139 cum
846 2077 982 2154 quolibet
1002 2093 1073 2139 esse

93 2183 184 2242 quam
201 2181 320 2226 secum.
354 2165 460 2240 „Tunc
475 2165 640 2239 praecipue
661 2163 691 2223 in
712 2171 743 2225 te
763 2163 831 2238 ipse
851 2162 978 2236 secede,
1005 2178 1074 2224 cum

92 2265 164 2312 esse
185 2249 309 2325 cogeris
330 2247 360 2309 in
381 2249 508 2310 turba“=
530 2247 558 2308 si
572 2248 674 2308 bonus
692 2248 752 2320 vir,
768 2247 796 2308 si
811 2247 941 2323 quietus,
958 2247 985 2306 si
999 2255 1073 2308 tam·

92 2349 223 2410 perans:
254 2333 390 2408 alioquin
415 2332 446 2393 in
470 2329 589 2393 turham
612 2329 666 2392 tibi
692 2348 709 2391 a
732 2339 762 2394 ta
783 2331 990 2393 recedendum
1010 2336 1072 2390 est=

91 2417 160 2480 istic
178 2419 259 2479 maio
274 2415 343 2478 viro
361 2416 490 2492 propius
505 2432 550 2477 es.
581 2417 669 2476 Vale.

399 2553 618 2612 EPISTULA
638 2554 673 2609 V.
696 2556 767 2625 (26.)

349 2649 459 2702 Seneca
475 2650 588 2702 Luomro
605 2660 657 2700 suo
675 2660 815 2699 susurru.

154 2752 250 2813 Modo
267 2751 409 2812 dicebam
423 2751 491 2826 tihi,
512 2752 542 2812 in
558 2760 728 2828 conspectu
743 2767 815 2812 csse
828 2766 877 2811 ma
893 2752 1073 2813 senectutis:
1089 2762 1101 2813 t

94 2837 157 2897 iam¹
167 2852 289 2908 vereor,
305 2852 345 2897 ne
360 2843 548 2898 senectutem
563 2845 634 2911 post
648 2852 696 2897 me
711 2835 895 2912 reliquerim.
917 2833 1000 2895 aliud
1014 2833 1074 2895 iam

93 2920 255 2995 hisarnis,
271 2927 356 2981 certe
369 2919 440 2982 huic
456 2921 595 2997 corpori,
614 2921 796 2982 vocabulum
817 2919 973 2990 convenit,
998 2936 1073 2995 quo-

94 3005 173 3066 niam
188 3005 314 3081 quidem
331 3013 474 3066 senectus
488 3006 591 3066 iassae
606 3006 723 3077 aetatis,
741 3021 801 3066 non
816 3005 947 3076 fractae,
964 3020 1074 3064 nomen

94 3097 154 3150 est:
182 3090 262 3151 inter
281 3088 456 3164 decrepitos
480 3104 529 3150 me
549 3105 675 3150 numera
696 3095 725 3149 et
748 3096 883 3149 extrema
903 3095 1073 3163 tangentes.

93 3171 214 3235 Gratias
227 3175 330 3233 tamen
345 3173 416 3235 mihi
433 3174 516 3249 apud
531 3181 561 3235 te
574 3190 648 3249 ago=
673 3190 734 3234 non
746 3175 845 3234 santio
860 3174 890 3232 in
907 3173 1008 3233 auimo
1023 3183 1102 3233 aea

93 3259 161 3319 tatis
182 3256 343 3333 iniuriam,
369 3273 437 3318 cum
459 3258 587 3320 sentiam
609 3259 639 3318 in
661 3273 801 3333 corpore.
824 3263 937 3319 tantum
959 3256 1033 3317 vitia
1045 3263 1076 3316 et

92 3340 236 3404 vitiorum
251 3341 420 3403 ministeria
435 3350 616 3404 senuerunt:
641 3342 747 3417 viget
766 3343 916 3402 animus
939 3349 976 3402 ct
989 3356 1074 3415 gau-

92 3426 246 3487 detnon
262 3427 417 3486 mulium
432 3426 511 3486 sibi
526 3441 615 3488 esse
636 3442 716 3486 cum
733 3441 912 3507 corpore.
933 3440 1082 3500 magnam

93 3519 211 3584 partam
232 3509 337 3570 crarta
357 3512 409 3569 sui
427 3512 542 3586 posuit.
567 3514 706 3578 exsultat
717 3522 749 3580 et
767 3514 846 3579 mihi
867 3512 949 3577 tucn
968 3516 1097 3572 contro·
