2422 3862
243 214 411 274 nPlSTUL.
427 215 521 276 ΜΘΗ
543 218 614 278 LlB.
625 219 689 280 xx.
710 221 807 285 uua
829 231 917 298 (ιιι.)
1007 226 1072 291 403

95 369 151 428 des
171 374 317 427 exserunt
336 373 366 425 et
386 366 558 445 obliquant,
580 369 679 431 doneo
699 374 740 433 ad
756 375 857 436 looum
871 389 1069 452 reponantur.

96 453 209 512 nullum
229 458 413 512 tormentum
430 453 521 513 sentit
536 451 645 527 supina
659 458 795 518 testudo:
815 459 952 536 inquieta
963 470 1012 524 est
1024 470 1067 524 ta-

94 553 163 596 men
180 535 336 596 desidsoio
348 536 496 597 natusalis
507 544 606 598 status
620 554 677 599 neo
691 549 764 602 onte.
772 542 887 604 desinit
894 545 984 618 [nitit
992 562 1067 622 qna-

95 627 159 679 tere
180 635 229 693 se,
252 636 343 695 quarn
359 618 388 679 in
408 621 504 695 pedes
519 624 661 684 constitit
703 625 784 701 Ergo
802 628 947 690 omnibus
957 630 1069 690 eonsti-
1081 639 1098 692 9

94 703 219 764 tutionis
234 720 309 766 suae
324 719 436 765 sensus
451 712 502 766 est
512 713 542 767 et
553 705 626 768 inde
637 709 839 772 membrorum
853 719 921 772 tann
925 712 1072 787 expedita

93 787 244 862 tractatio,
268 803 325 849 neo
349 789 443 850 ullum
466 791 566 853 maius
585 790 728 853 indicium
749 794 897 856 hebemus
921 811 990 856 oum
1010 796 1072 858 bae

94 873 145 931 illa
158 872 200 931 ael
214 872 378 932 vivendum
390 873 493 934 venire
505 874 620 950 ooliba,
635 893 725 951 quarn
738 880 822 952 quod
833 879 1069 940 nullumauirnol
1147 903 1150 908 ·

94 957 132 1016 ad
148 973 236 1017 usum
251 959 299 1018 sui
314 957 389 1018 rode
411 966 472 1019 est..
511 960 731 1035 „Consualium
748 963 861 1038 inquit,
881 971 944 1037 eet,
965 969 1112 1026 utvoslo

94 1041 206 1115 dicitis,
231 1042 401 1117 principale
418 1041 509 1103 animi
532 1044 665 1118 quodam
688 1046 787 1106 niodo
803 1060 842 1107 se
859 1047 979 1108 liabens
995 1063 1074 1122 erga

93 1142 216 1200 corpus.
248 1125 306 1186 hoo
328 1134 391 1187 tant
409 1124 589 1201 perplexum
610 1135 641 1187 et
660 1128 770 1189 subtile
791 1138 821 1191 et
839 1131 1069 1206 vobis-quoque

92 1211 144 1273 vix
159 1211 328 1273 enarrabile
342 1210 789 1287 quomodoinlansintellegltt
815 1214 916 1274 omnia
927 1213 1069 1274 animatia

92 1298 250 1359 dialectica
265 1296 349 1357 nasoi
366 1302 500 1371 oportet,
516 1302 549 1356 ut
561 1295 653 1355 islant
664 1295 836 1357 linitionem¹
847 1311 976 1372 magnae
991 1296 1069 1373 parti

93 1381 247 1441 hominum
268 1387 437 1455 togatorum
453 1380 614 1440 obscuram
629 1379 832 1454 intellegente
875 1383 989 1441 Verum
1005 1383 1109 1441 eratll

94 1467 180 1541 quod
199 1465 346 1539 obponis,
372 1465 398 1523 si
420 1480 477 1539 ego
500 1464 540 1524 ab
557 1464 738 1524 animalibus
760 1464 982 1524 constitutionis
1003 1464 1068 1523 lini·

94 1552 204 1610 tionem
220 1548 353 1623 intellegi
368 1547 510 1623 dicerem,
528 1564 589 1608 non
606 1547 706 1621 ipsam
718 1549 973 1608 constitutionem.
996 1547 1069 1606 faoi

92 1635 151 1694 lius
167 1641 274 1693 natura
288 1633 469 1707 intellegitur
488 1645 581 1707 quarn
595 1637 760 1691 enarratur.
782 1631 886 1706 itaque
897 1628 1070 1703 intersitio,

94 1718 167 1792 qnid
182 1718 221 1777 sit
236 1716 419 1790 constitutio,
435 1733 497 1776 non
511 1717 603 1788 novit,
619 1714 864 1775 constitutionem
876 1728 963 1775 suam
974 1713 1069 1775 novit.

93 1810 122 1861 et
138 1801 212 1875 quid
228 1801 267 1861 sit
280 1803 399 1875 animal,
414 1801 520 1872 nescit,
536 1798 648 1859 animal
658 1811 777 1882 essese
787 1799 887 1859 sentit.
910 1798 1112 1859 Praetereala

92 1886 191 1959 ipsam
214 1884 457 1944 constitutionem
475 1887 586 1956 [suam]
603 1897 708 1942 orasse
729 1879 877 1957 intellegit
892 1889 923 1941 et
938 1897 1070 1942 summa-

92 1969 144 2028 tim
160 1975 190 2028 et
204 1968 345 2028 obscure.
372 1984 430 2028 nos
452 1982 577 2042 quoque
592 1965 724 2025 animum
740 1964 853 2026 habere
868 1981 925 2026 nos
941 1965 1070 2026 seimus:

94 2052 167 2125 quid
188 2052 227 2111 sit
249 2053 383 2124 animus,
405 2051 530 2122 ubisit,
552 2050 651 2126 qualis
672 2048 713 2109 sit
724 2057 779 2110 ‘aut
791 2049 888 2121 unde,
904 2047 1070 2108 nescimus.

93 2134 196 2207 Qualis
215 2136 254 2194 od
271 2152 328 2196 nos
343 2132 538 2210 [pervenerit]
554 2133 645 2194 animi
667 2133 762 2193 nostri
781 2149 909 2204 senene,
931 2131 1071 2208 quamvis

91 2227 227 2278 naturam
240 2218 307 2279 eius
320 2218 495 2293 ignoremus
506 2235 543 2278 ao
554 2218 669 2291 sedem,
685 2216 754 2278 telis
765 2217 804 2277 ad
817 2216 918 2278 omnia·
930 2213 1072 2275 animalia

93 2302 316 2361 constitutionis
324 2317 519 2362 suaesensus
528 2310 584 2362 est
595 2297 1070 2368 necesseestenimidssntiaot,

94 2398 148 2457 per
165 2384 247 2458 quod
263 2385 321 2442 alia
342 2400 466 2460 quoque
484 2386 626 2454 sentiunt.
654 2400 784 2444 neeesse
799 2391 847 2445 est
864 2384 930 2444 eius
946 2397 1072 2442 sensnm

92 2465 233 2539 habeant,
250 2467 297 2525 oni
313 2475 429 2542 parent,
445 2484 463 2527 a
481 2483 543 2543 quo
556 2476 716 2549 reguntur
740 2467 835 2526 Nemo
851 2483 912 2526 non
928 2481 972 2524 ex
982 2462 1072 2524 nobis
1082 2473 1117 2527 13

93 2550 237 2624 intellegit
252 2564 322 2608 esse
337 2549 468 2623 aliquid,
491 2550 574 2624 qnod
591 2549 714 2625 inpetus
737 2565 812 2610 suos
833 2555 970 2608 moveat·
998 2544 1073 2622 quid

94 2634 132 2693 stt
146 2633 235 2706 illud
257 2633 385 2707 ignorat.
415 2638 445 2692 et
466 2639 608 2691 sonatum
627 2631 685 2692 sibi
700 2648 772 2691 esse
787 2632 860 2692 sort
883 2630 1073 2706 quissitaut

92 2717 175 2777 unde
197 2717 250 2789 sit,
277 2714 384 2776 nescit.
419 2716 463 2776 sio
488 2713 653 2776 infantibus
680 2730 805 2789 qnoque
830 2713 1074 2789 animalibusque

93 2799 271 2877 principalis
290 2800 383 2876 partis
399 2815 474 2860 suae
492 2814 604 2860 sensus
620 2807 668 2860 est
681 2814 742 2859 non
759 2799 833 2859 satis
848 2797 1001 2860 dilucidus
1016 2813 1074 2859 neo

93 2901 271 2960 expressus.
308 2884 441 2959 ,‚Dioitis,
459 2884 566 2959 inquit,
583 2899 673 2944 omne
688 2883 799 2943 animal
817 2881 947 2958 primurn
961 2883 1117 2943 consti-14

93 2969 201 3029 tutioni
217 2984 293 3030 suae
309 2967 473 3029 conciliari.
501 2967 633 3028 hominis
648 2975 747 3028 autem
765 2965 1011 3027 constitutionem
1025 2981 1073 3025 ra-

93 3052 237 3113 tionalem
258 3068 329 3112 esse
350 3062 381 3113 et
400 3053 471 3112 ideo
494 3049 649 3112 conciliari
670 3051 822 3112 hominem
843 3049 904 3110 sibi
923 3065 984 3109 non
998 3056 1072 3110 tem·

92 3152 184 3211 qnam
198 3137 336 3208 animali,
355 3137 410 3197 sed
425 3144 579 3210 tamquam
596 3134 744 3194 rationali.
767 3151 805 3196 ea
819 3133 898 3194 enim
915 3140 1001 3209 parte
1016 3129 1074 3192 sibi

94 3236 184 3279 carus
206 3228 254 3280 est
278 3219 387 3292 homo,
414 3236 475 3294 qua
495 3219 586 3280 homo
608 3226 680 3279 est:¹
700 3219 855 3294 quomodo
877 3233 950 3291 ergo
973 3217 1074 3276 inians

95 3301 249 3362 consiliari
274 3303 480 3364 constitutioni
505 3302 652 3399 rationali·
673 3309 789 3378 potest,
821 3317 890 3362 oum
917 3299 1073 3360 rationalis

94 3385 230 3445 nonduin
245 3387 331 3448 sitt“
374 3387 547 3462 Unicuique
563 3384 654 3449 aetati
642 3385 918 3448 rsuooonsttmtio
933 3392 999 3452 est,
1017 3381 1122 3438 allate

93 3468 209 3542 intanti,
233 3471 292 3529 alia
308 3487 419 3548 puero,
439 3470 499 3532 alia
513 3471 596 3533 seni
618 3486 730 3535 ornnes
743 3470 776 3533 ei
789 3464 1102 3607 ιιιιιιιιὲιξιιιιιιιιι-

183 3597 186 3602 .
883 3557 909 3607 ι.
