2422 3862
218 244 389 306 nmsrut.
405 243 499 306 noa.
520 244 593 303 tie.
607 245 672 305 xu.
694 245 751 305 nr.
765 255 790 308 1.
805 253 877 324 (aa.)
979 247 1043 312 eto

63 400 202 475 ignoras,
230 405 343 473 quanto
365 413 405 457 ex
427 396 475 457 his
497 397 634 457 velocius
656 399 784 458 alterum
804 398 873 460 fiat:
901 399 1044 461 mentitus

64 500 141 545 sum.
174 483 234 541 iam
255 482 334 541 enim
355 489 440 542 aetas
461 489 567 541 nostra
587 496 647 541 non
669 481 843 555 descendit,
876 483 931 542 sed
956 482 1045 543 cadit.

63 567 224 642 Quomodo
240 574 340 627 tamen
356 563 535 627 hodiernum
548 573 700 625 certamen
712 564 801 625 nobis
814 566 941 626 cesserit
952 575 1072 640 quac-5

61 653 126 711 ris?
150 650 235 725 quod
257 665 328 709 raro
351 649 528 710 cursoribus
550 650 666 724 evenit,
691 649 795 708 hieran
818 649 957 711 fecimus.
996 651 1045 710 Ab

62 735 121 794 hac
136 732 314 808 fatigatione
329 732 427 808 magis
448 748 541 809 quam
556 733 772 793 exercitatione
792 734 822 792 in
839 733 977 809 frigidam
993 733 1045 793 dc·

63 819 187 878 scendi=
213 815 274 878 hoc
292 818 376 892 apud
395 832 444 875 me
464 824 593 877 vocatur
613 833 720 891 pamm
740 817 838 877 calda.
868 818 919 877 ille
944 825 1045 877 tantus

62 901 301 980 psychrolutes,
317 899 370 976 qui
384 901 521 960 calendis
536 901 684 960 Ianuariis
706 901 846 977 euripum
866 901 1044 974 salutabam,

63 987 115 1061 qui
137 1001 218 1044 anno
241 1000 325 1045 novo
349 984 608 1059 quemadmodum
632 986 748 1059 legere,
770 985 922 1059 scribere,
944 984 1048 1045 dicere

64 1069 197 1145 aliquid,
221 1068 267 1128 sic
288 1067 471 1144 auspicabar
492 1068 522 1127 in
536 1067 692 1143 Virginem
708 1067 846 1144 desilire,
862 1069 993 1145 primum
1008 1069 1048 1128 ad

62 1152 194 1213 Tiberini
205 1153 345 1213 transtuli
357 1158 466 1226 castra,
481 1152 593 1212 deinde
607 1152 646 1212 ad
658 1152 718 1212 hoc
734 1153 852 1227 solium,
869 1153 963 1229 quod,
979 1169 1048 1213 cum

64 1237 251 1298 fortissimus
267 1251 333 1296 sum
349 1243 380 1296 et
400 1237 502 1296 omnia
523 1235 685 1296 bonafide
710 1236 799 1311 fiunt,
821 1239 868 1298 sol
884 1243 1047 1314 temperat:

62 1336 124 1380 non
139 1321 264 1380 multum
279 1319 351 1378 mihi
366 1319 406 1380 ad
419 1320 561 1379 balneum
576 1328 728 1395 superest.
756 1319 847 1381 Panis
862 1320 975 1381 deinde
989 1321 1076 1386 sie-s

64 1419 119 1465 cus
136 1411 167 1465 et
181 1405 248 1464 sine
265 1419 373 1463 mensa
387 1404 562 1478 prandium,
585 1411 658 1479 post
673 1404 756 1479 quod
776 1421 837 1465 non
858 1412 930 1466 sunt
943 1405 1046 1464 lavan-

63 1488 122 1548 dae
150 1504 271 1548 manus.
314 1487 432 1548 dormio
459 1486 624 1548 minimum.
666 1488 919 1548 consuetudinem
948 1503 1047 1548 meam

62 1573 159 1632 nosti:
182 1569 366 1632 brevissimo
389 1587 498 1632 somno
519 1579 589 1633 utor
608 1578 639 1632 et
658 1571 748 1646 quasi
767 1571 949 1645 interiungo.
972 1571 1047 1632 satis

63 1663 111 1716 est
131 1653 352 1730 mihivigilare
372 1655 515 1716 desiisse.
537 1653 705 1729 aliquando
726 1655 878 1716 dormisse
900 1671 948 1715 me
971 1654 1047 1728 scio,

62 1739 230 1814 aliquando
252 1740 404 1814 suspicor.
443 1739 525 1799 Ecce
546 1737 732 1799 Circensium
755 1739 905 1814 obstrepit
924 1740 1075 1799 clamori

62 1824 164 1883 subita
179 1823 283 1898 aliqua
297 1831 328 1884 et
342 1823 488 1883 universa
503 1839 581 1883 voce
597 1823 744 1883 feriuntur
761 1838 852 1883 aures
868 1838 963 1883 meae.
991 1836 1048 1882 nec

63 1907 279 1982 cogitationem
289 1907 446 1969 excutiunt
457 1921 555 1967 meam
571 1921 629 1966 nec
643 1907 874 1981 interrumpunt.
898 1904 1047 1967 fremitum

63 1990 187 2065 quidem
202 1990 424 2066 patientissime
440 1991 516 2051 fero.
537 1993 649 2051 multae
663 2005 758 2051 voces
774 1998 804 2051 et
821 1991 850 2050 in
867 2006 959 2050 unum
975 2005 1047 2051 con-

61 2076 152 2136 fusae
171 2090 229 2149 pro
251 2073 347 2136 fluctu
366 2074 439 2134 mihi
460 2082 532 2135 sunt
553 2082 606 2136 aut
625 2080 715 2134 vento
738 2076 845 2134 silvam
868 2073 1049 2135 verberante

62 2165 93 2219 et
110 2158 221 2218 ceteris
239 2160 305 2219 sine
320 2159 474 2219 intellectu
488 2158 679 2220 sonantibus.
711 2156 789 2233 Quid
803 2174 876 2233 ergo
892 2165 940 2218 est
953 2175 1044 2233 nunc,
1059 2169 1077 2223 8

62 2242 112 2303 eui
130 2241 264 2303 animum
280 2242 467 2302 adiecerim?
488 2243 597 2303 dicam.
634 2242 823 2317 Superest
838 2258 882 2302 cx
902 2242 1047 2304 hester·

63 2339 110 2386 no
126 2324 218 2386 mihi
234 2324 444 2401 cogitatio,
466 2325 558 2403 quid
579 2326 655 2387 sibi
671 2327 868 2387 voluerint
886 2327 1047 2402 pruden-

61 2409 208 2472 tissimi
229 2410 320 2483 viri,
345 2410 409 2486 qui
429 2427 554 2470 rerum
576 2410 825 2471 maximarum
848 2408 1049 2485 probatio·

62 2509 132 2553 nes
155 2492 382 2553 levissimas
403 2501 439 2554 et
460 2496 673 2570 perplexas
697 2495 889 2566 fecerunt,
916 2509 996 2568 quac
1017 2500 1049 2553 ut

62 2577 125 2637 sint
138 2591 241 2650 verae,
258 2584 359 2638 tumen
373 2577 535 2639 mendacio
551 2578 668 2638 similes
683 2585 763 2639 sunt·
798 2577 889 2637 Vult
910 2592 981 2637 nos
1002 2576 1077 2636 abt

62 2660 260 2722 ebrietate
289 2661 495 2721 deterrere
522 2661 659 2736 Zenon,
689 2660 736 2720 vir
763 2661 930 2734 maximus,
957 2659 1048 2721 huius

63 2752 168 2805 sectae
183 2746 368 2805 fortissimae
383 2761 419 2805 ac
435 2745 648 2806 sanctissimae
663 2744 811 2806 conditor.
840 2744 930 2804 audi
944 2760 1048 2820 ergo,

64 2828 388 2903 quemadmodum
410 2829 574 2904 colligat
593 2833 715 2889 virum
738 2829 876 2891 bonum
899 2844 972 2890 non
998 2830 1050 2890 fu-

63 2921 186 2972 turum
201 2912 363 2989 ebrium:
387 2912 499 2986 „Ebrio
514 2921 666 2975 secretum
679 2929 852 2974 sermonem
864 2929 954 2974 nemo
967 2929 1049 2974 com-

64 2995 159 3070 mittit,
175 2998 241 3056 viro
258 3004 359 3057 autern
373 2996 456 3059 bono
473 2999 644 3059 committit:
673 3013 747 3073 ergo
768 2997 930 3058 virbonus
946 2997 1049 3058 ebrius

63 3095 124 3140 non
142 3080 228 3140 erit.“
262 3081 523 3154 Quemadmodum
544 3081 688 3158 obposita
703 3082 941 3156 interrogatione
960 3080 1050 3142 simili

63 3163 254 3237 derideatur,
271 3164 414 3226 adtende.
437 3166 512 3227 satis
528 3173 576 3226 est
590 3166 669 3226 enirn
683 3183 774 3227 unam
790 3180 907 3241 ponere
922 3180 961 3225 ex
975 3164 1051 3225 mul·

62 3248 118 3306 tis:
142 3247 329 3322 „Dormienti
343 3264 432 3310 nemo
448 3258 599 3311 secretum
613 3265 786 3310 sermonem
802 3249 967 3323 committit,
981 3247 1049 3308 viro

62 3331 147 3390 bono
164 3339 264 3392 autem
278 3332 449 3393 committite
464 3332 624 3395 virbonus
641 3349 714 3409 ergo
729 3350 792 3395 non
807 3334 949 3394 dormit.“
983 3331 1091 3404 Quoto

62 3430 125 3473 uno
152 3415 245 3475 modo
272 3422 387 3491 potest,
426 3415 610 3480 Posidonius
639 3417 778 3482 Zenonis
802 3418 911 3478 nostri
935 3426 1073 3501 causam

62 3498 132 3569 agit,
147 3498 206 3555 sed
218 3514 258 3557 ne
271 3500 319 3560 sie
336 3500 478 3580 quidem,
494 3510 531 3566 ut
544 3504 716 3584 existimo,
732 3504 788 3582 agi
799 3506 924 3579 potest.
945 3493 996 3553 ant
1005 3500 1101 3548 enus

497 3724 503 3729 '
583 3727 591 3754 1
