2422 3862
248 192 419 260 Eptswt.
434 190 529 252 molt.
550 191 624 250 LlB.
638 191 717 250 XIV.
739 190 797 250 ΕΡ.
812 200 837 252 1.
857 197 929 268 (89.)
1015 190 1089 280 att..

96 347 150 422 qui
166 345 197 404 in
212 344 300 418 plura
316 343 510 402 diducerent:
533 340 656 415 quidam
668 357 708 400 ex
718 339 927 417 Peripateticis
940 351 1124 418 quartamlo

95 436 243 506 partem
264 425 442 486 adiecerunt
463 423 632 498 civilem,
660 424 732 499 quia
747 424 902 500 propriam
917 427 1079 502 quamdam

95 511 343 573 exercitationem
356 509 511 570 desideret
525 515 555 569 et
568 508 650 569 circa
661 509 749 567 aliam
761 509 917 569 materiam
929 520 1080 585 occupata

94 599 142 658 sit.
175 595 299 670 quidam
325 591 504 653 adiecerunt
524 592 572 653 his
594 599 726 667 partem,
749 609 840 668 quam
862 590 1080 675 οἰκονομικήν

93 687 222 752 vocant,
256 676 592 738 administrandae
623 677 836 738 iamiliaris
867 679 923 738 rei
951 679 1079 740 scien-

94 766 195 824 tiam.
227 762 351 837 quidam
372 768 402 821 et
422 762 467 821 de
487 760 699 835 generibus
720 760 823 821 vitae
844 763 969 822 locum
988 777 1079 838 sepa-

93 853 248 909 raverunt.
279 845 352 905 nihil
368 853 469 905 autem
482 844 591 905 horum
607 861 669 904 non
689 845 719 904 in
738 845 789 904 illa
811 852 896 919 parte
911 847 1018 906 morali
1032 861 1079 906 re-

96 923 220 1008 peritur.
246 928 1121 1006 Epicureiduaspartespltilosophiaepu-ll

94 1021 277 1077 taverunt
296 1030 401 1087 esse,
423 1015 590 1074 naturalem
611 1020 703 1087 atque
719 1015 879 1074 moralem:
901 1014 1080 1075 rationalem

95 1104 300 1160 removerunt.
332 1097 444 1157 deinde
459 1113 528 1157 curn
543 1097 620 1172 ipsis
632 1091 726 1158 rebus
743 1104 926 1172 cogerentur
937 1097 1081 1174 ambigua

96 1198 274 1256 secernere,
298 1183 375 1241 lalsa
393 1181 451 1241 sub
468 1182 574 1256 specie
594 1182 659 1241 veri
675 1180 799 1242 latentia
814 1197 997 1258 coarguere,
1020 1183 1080 1257 ipsi

96 1283 221 1343 quoque
234 1268 351 1341 locum,
375 1281 464 1340 quem
482 1266 520 1324 de
534 1265 646 1325 indicio
662 1271 692 1324 et
706 1267 812 1340 regula
827 1266 997 1341 adpellant,
1020 1265 1079 1327 alio

96 1352 218 1412 nomine
231 1351 409 1410 rationalem
425 1347 618 1423 induxerunt,
635 1350 690 1410 sed
704 1366 772 1409 eum
784 1351 995 1411 accessionem
1007 1366 1080 1412 esse

97 1435 243 1495 naturalis
268 1433 364 1509 partis
389 1431 571 1494 existimant.
612 1433 819 1511 Cyrenaici
843 1434 992 1495 naturalia
1011 1446 1123 1499 cumin

95 1517 296 1580 rationalibus
319 1518 509 1578 sustulerunt
530 1527 560 1578 et
580 1517 756 1578 contenti
778 1519 938 1578 luerunt
957 1532 1080 1577 mora-

96 1603 215 1676 libus,
238 1601 294 1662 sed
317 1601 347 1660 hi
364 1617 504 1676 quoque,
529 1617 609 1677 quae
629 1608 801 1675 removent,
824 1602 909 1660 aliter
923 1601 1080 1661 inducunt.

96 1687 132 1746 in
149 1688 322 1762 quinque
338 1683 953 1760 enimpartesmoraliadividunt,
975 1692 1008 1744 ut
1021 1702 1083 1747 una

97 1769 137 1830 sit
150 1771 189 1830 de
206 1770 359 1845 fugiendis
375 1776 405 1829 et
418 1771 608 1843 expetendis,
624 1771 719 1829 altera
733 1768 773 1829 de
788 1769 974 1842 adfectibus,
994 1768 1082 1830 tertia

96 1855 137 1913 de
159 1854 345 1926 actionibus,
369 1861 476 1928 quarta
494 1855 666 1926 decausis,
690 1853 794 1928 quinta
819 1853 858 1912 de
879 1855 1080 1928 argumentis:

98 1953 213 1998 causae
227 1953 327 1997 rerum
342 1953 381 1997 ex
396 1936 525 1997 naturali
540 1944 626 2012 parte
642 1944 726 2010 sunt,
743 1944 921 2012 argumenta
937 1953 976 1996 ex
990 1937 1080 1996 ratio·

97 2020 174 2093 nali,
196 2022 332 2082 actiones
354 2037 393 2080 ex
413 2021 530 2082 morali.
568 2022 731 2082 Ariston
753 2021 868 2081 chius
891 2038 952 2082 nou
966 2029 1126 2085 tantumtd

98 2121 308 2180 supervacuas
322 2122 393 2165 esse
408 2105 484 2166 dixit
499 2108 667 2166 naturalem
679 2113 709 2165 et
719 2105 907 2180 rationalem,
923 2104 1081 2166 sedetiam

98 2191 276 2250 contrarias.
299 2191 479 2250 moralem
498 2206 630 2266 quoque,
647 2207 756 2265 quam
772 2192 890 2250 solam
908 2188 1080 2265 relique·

97 2281 171 2348 rat,
198 2273 460 2334 circumcidit:
489 2291 557 2334 nam
585 2291 654 2335 eum
681 2277 797 2349 locum,
824 2275 876 2349 qui
898 2273 1081 2335 monitiones

98 2359 240 2430 continet,
257 2358 381 2418 sustulit
396 2366 427 2417 et
442 2359 614 2434 paedagogi
630 2375 702 2419 esse
717 2358 800 2433 dixit,
816 2375 877 2418 non
894 2357 1080 2434 philosophi,

97 2451 251 2516 tamquam
282 2443 444 2517 quicquam
468 2442 549 2503 aliud
571 2445 610 2502 sit
629 2443 862 2519 sapiensquam
883 2443 1005 2517 generis
1025 2440 1081 2501 hu·

98 2527 180 2586 mani
195 2527 404 2601 paedagogus.
425 2526 506 2600 Ergo
522 2543 602 2586 cum
620 2526 823 2601 tripartita
837 2527 889 2586 sit
903 2525 1125 2601 philoso-tt

98 2609 398 2684 phia,moralem
414 2610 497 2671 eius
515 2617 659 2686 partem
674 2608 833 2684 primum
849 2610 1081 2684 incipiamus

97 2695 318 2768 disponere.
349 2711 459 2769 quarn
479 2695 514 2753 in
536 2693 762 2755 triarursus
779 2691 904 2752 dividi
920 2693 1080 2767 placuit,

97 2784 130 2837 ut
143 2779 241 2853 prima
256 2784 340 2838 esset
358 2779 506 2852 inspectio
524 2796 614 2839 suum
625 2779 738 2853 cuique
749 2777 937 2838 distribuens
948 2785 978 2838 et
992 2777 1080 2839 aesti-

98 2879 201 2936 mans,
223 2869 336 2937 quanto
360 2863 496 2937 quidque
517 2864 641 2938 dignuin
663 2863 717 2938 sit,
738 2863 870 2922 maxime
887 2863 977 2923 utilis.
1009 2863 1083 2938 qnid

98 2946 178 3005 cuim
199 2955 248 3006 ost
268 2952 328 3005 tam
349 2948 557 3006 necessarium
579 2964 671 3024 quam
693 2947 791 3022 pretia
805 2948 898 3008 rebus
913 2949 1082 3022 inponeret

98 3030 236 3090 secunda
258 3029 297 3088 de
317 3030 502 3102 actionibus
532 3034 619 3092 tertia
640 3033 679 3091 de
699 3033 813 3107 inpetu.
848 3032 977 3107 primum
1002 3031 1081 3090 enim

97 3121 161 3186 est,
178 3122 211 3175 ut
227 3122 373 3190 quantum
388 3116 523 3190 quidque
535 3116 579 3176 'sit
592 3117 719 3176 indices.
750 3117 933 3191 secundum,
948 3123 981 3176 ut
996 3116 1081 3190 inpe-

96 3206 158 3258 tum
174 3199 215 3257 ad
229 3198 281 3258 illa
296 3199 402 3273 capias
418 3199 586 3259 ordinatum
602 3207 874 3275 temperatumque.
905 3202 1033 3272 tertium,
1050 3204 1083 3259 ut

97 3283 175 3342 inter
189 3286 325 3357 inpetum
340 3291 424 3343 tuum
439 3284 652 3360 actionemque
667 3284 836 3358 conveniat,
853 3284 926 3345 utin
939 3284 1081 3344 omnibus

96 3366 164 3426 istis
179 3367 232 3426 tibi
248 3366 317 3442 ipse
333 3367 518 3428 consentias.
557 3368 708 3443 Quicquid
723 3384 761 3426 ex
778 3367 849 3447 [his]
865 3369 960 3428 tribus
975 3368 1079 3438 detuit,
1090 3372 1125 3426 15

97 3451 199 3510 turbat
219 3459 249 3510 et
270 3458 381 3512 cetera.
411 3450 484 3527 quid
507 3453 586 3512 enim
606 3452 735 3528 prodest
754 3452 835 3511 intus
851 3453 1011 3512 aestimata
1027 3450 1080 3508 ha·

141 3556 244 3595 saraca
263 3557 334 3595 nuru.
357 3540 401 3595 ΙΙΙ.
790 3573 792 3577 ⁴
879 3543 910 3597 rt
