2422 3862
200 230 371 291 EPISTUL.
387 229 481 292 llolt.
502 230 575 290 LlB.
592 230 658 290 XV.
680 230 737 291 ΕΡ.
755 241 779 294 l.
794 241 821 293 2
837 240 894 308 (93.
907 239 965 306 94.)
1014 233 1079 299 285

95 387 179 447 tione
195 383 348 460 percepit,
380 398 576 459 quocumque
591 384 655 444 vult
674 384 725 443 illa
737 384 844 458 utitur,
875 384 979 446 didicit
998 387 1079 450 enim

94 486 156 530 non
172 468 232 530 hoc
249 475 301 528 aut
316 467 390 527 illud
413 467 518 540 ferire,
545 467 602 527 sed
623 468 841 543 quodcumque
868 470 1011 530 voluerit:
1034 471 1079 531 sic

94 554 146 630 qui
162 569 197 612 se
212 553 251 612 ad
268 559 360 612 totam
376 549 466 610 vitam
482 549 638 624 instruxit,
661 568 723 613 non
745 551 902 612 desiderat
917 554 1079 628 particula-

93 638 145 697 tim
162 636 329 707 admoneri,
345 636 455 695 doctus
472 635 502 694 in
518 641 621 710 totum,
639 652 700 696 non
716 634 818 709 [eninr]
837 637 993 711 quomodo
1009 654 1079 698 curn

92 716 191 782 uxore
207 728 257 780 aut
273 736 340 780 curn
356 719 418 778 lilio
435 719 563 793 viveret,
593 719 650 778 sed
672 719 829 795 quomodo
848 720 928 780 bene
948 721 1078 782 viveret:

93 807 123 864 in
139 805 199 864 hoc
216 810 263 863 est
276 811 307 864 et
319 803 475 878 quomodo
490 820 560 864 cum
575 818 672 864 uxore
690 819 726 863 ac
737 804 841 862 liberis
858 805 949 864 vivat.
972 805 1108 865 Clean-l

93 889 162 949 thes
184 888 286 948 utilem
310 887 434 962 quidem
456 887 571 946 iudicat
585 895 615 947 et
628 888 707 947 hanc
726 894 859 963 partem,
884 888 941 948 sed
954 889 1079 949 inbecil-

94 976 163 1046 lam,
180 972 240 1032 nisi
261 972 299 1031 ab
317 971 464 1031 universo
478 970 552 1045 iluit,
566 971 627 1031 nist
644 973 769 1032 decreta
780 970 851 1047 ipsa
865 972 1080 1048 philosophiae

96 1064 127 1116 et
144 1057 244 1131 capita
262 1055 416 1130 cognovit.
446 1055 479 1114 ln
501 1055 578 1115 duas
599 1072 674 1130 ergo
694 1057 892 1130 quaestiones
914 1059 1002 1118 locus
1022 1057 1080 1116 iste

94 1141 255 1200 dividitur=
270 1147 368 1199 utrum
383 1139 465 1199 utilis
481 1155 519 1199 an
534 1140 647 1200 inutilis
663 1135 746 1199 sit'et
760 1156 798 1199 an
812 1143 897 1201 solus
912 1141 1010 1202 virum
1024 1141 1079 1203 bo·

95 1241 166 1285 num
191 1225 290 1299 possit
314 1222 448 1296 efficere,
478 1224 586 1298 idest,
618 1232 717 1285 utrum
744 1239 955 1300 supervacuus
978 1225 1018 1285 sit
1040 1241 1080 1284 au

94 1323 201 1369 omnes
222 1308 313 1368 iaciat
327 1323 548 1382 supervacuos.
593 1307 661 1381 Qui
677 1308 775 1368 hanc
790 1317 936 1384 partem
954 1307 1109 1372 viderit

93 1394 232 1454 volunt
258 1407 559 1466 supervacuam,
586 1391 660 1452 hoc
682 1394 804 1453 aiunt:
833 1393 865 1452 Si
888 1393 961 1467 quid
982 1393 1079 1453 oculis

93 1476 271 1551 obpositam
285 1483 420 1536 moratur
434 1477 545 1550 aciem,
561 1476 782 1537 removendum
799 1483 856 1539 est.
886 1477 937 1537 illo
957 1476 1080 1551 quidem

94 1560 215 1620 obiecto
231 1575 356 1635 operam
378 1560 525 1634 perdidit,
549 1561 602 1635 qui
623 1558 786 1635 praecipit=
811 1559 877 1634 „sic
899 1558 1078 1632 ambulabis,

94 1645 145 1704 illo
161 1659 283 1703 manum
301 1645 471 1718 porriges.“
507 1645 623 1704 Eodem
642 1643 735 1704 modo
756 1642 809 1703 ubi
830 1643 933 1717 aliqua
953 1658 1003 1703 res
1025 1643 1079 1704 ob-

95 1735 202 1789 caecat
225 1729 358 1788 animum
379 1736 409 1788 et
430 1727 470 1788 ad
492 1727 664 1789 officiorum
690 1724 916 1802 dispiciendum
941 1727 1080 1787 ordinem

94 1811 219 1886 inpedit,
235 1812 308 1871 nihil
323 1813 392 1886 agit,
410 1813 462 1886 qui
479 1809 643 1887 praecipit:
658 1811 725 1883 „sic
738 1811 826 1871 vives
838 1827 907 1872 cum
923 1818 1016 1887 patre,
1034 1813 1080 1872 sic

95 1912 165 1955 curn
185 1901 313 1955 uxore.“
342 1895 416 1955 nihil
438 1897 517 1956 enim
539 1895 701 1970 proficient
722 1903 902 1972 praecepta,
933 1895 1080 1970 quamdiu

95 1977 187 2038 menti
204 1995 289 2039 error
304 1981 433 2040 obtusus
449 1987 511 2040 est=
529 1979 555 2039 si
570 1980 620 2039 ille
638 1979 805 2052 discutitur,
822 1979 990 2055 adparebit,
1006 1979 1080 2053 quid

95 2064 206 2138 cuique
222 2064 369 2124 debeatur
384 2063 502 2124 officim
524 2063 659 2139 alioquin
679 2063 774 2124 doces
791 2063 889 2137 illum,
912 2063 986 2138 quid
1001 2079 1078 2123 sano

97 2148 271 2208 laciendum
287 2149 340 2220 sit,
363 2165 424 2208 non
446 2148 544 2208 efficis
566 2163 684 2208 sanum.
727 2147 857 2223 Pauperi
871 2154 905 2208 ut
918 2154 989 2222 agat
1004 2147 1108 2212 divi-6

96 2240 155 2292 tem
168 2240 335 2292 monstras:
346 2233 407 2295 hoc
420 2233 574 2307 quomodo
588 2241 730 2293 manente
742 2239 921 2307 paupertate
935 2232 1001 2291 lieri
1014 2239 1079 2306 pot-

95 2323 163 2377 estt
194 2316 332 2376 ostendis
366 2316 527 2390 esurienti,
561 2316 635 2392 quid
673 2323 828 2392 tamquam
863 2323 946 2376 satur
974 2316 1079 2376 saciat:

95 2400 186 2460 lixam
203 2401 305 2474 potius
320 2400 462 2460 medullis
475 2401 584 2460 samem
600 2401 735 2460 detrahe.
777 2401 861 2460 ldem
882 2400 936 2460 tibi
956 2400 996 2459 de
1016 2416 1080 2460 orn-

96 2483 187 2543 nibus
201 2483 283 2540 vitiis
300 2482 388 2541 dlco=
404 2483 473 2556 ipsa
488 2486 677 2545 removenda
701 2492 786 2557 sunt,
807 2500 869 2545 non
891 2482 1079 2558 praecipien-

94 2570 177 2637 dum,
195 2565 279 2640 quod
294 2565 360 2623 heri
372 2565 430 2623 illis
441 2566 632 2626 manentibus
647 2584 709 2628 non
721 2575 832 2642 potest.
845 2567 904 2625 nisi
917 2566 1079 2640 opiniones

96 2653 200 2722 falsas,
218 2649 329 2722 quibus
341 2647 525 2721 laboramus,
543 2649 706 2724 expuleris,
718 2665 776 2709 nec
790 2665 912 2723 avarus,
924 2649 1080 2724 quomodo

96 2733 436 2810 pecuniautendumsit,
452 2732 605 2806 exaudiet,
621 2730 818 2807 nectimidus,
831 2733 987 2808 quomodo
1000 2734 1079 2808 peri-

96 2820 203 2879 culosa
221 2824 402 2878 contemnat.
424 2817 542 2877 allicias
557 2824 693 2892 oportet,
707 2823 742 2878 ut
756 2816 833 2879 sciat
847 2818 1007 2893 pecuniam
1022 2819 1107 2878 neci

97 2903 212 2962 bonum
227 2918 285 2961 nec
300 2903 412 2962 malum
428 2918 508 2963 esse.
527 2903 674 2962 ostendas
689 2900 731 2961 illi
745 2898 933 2964 miserrimos
952 2903 1078 2963 divitesz

29 2980 40 2993 ⁴
97 2985 229 3059 cilicias,
258 2994 291 3046 ut
307 2985 453 3061 quicquid
469 2984 590 3062 publice
606 2987 803 3060 expavimus,
833 2988 912 3048 sciat·
930 3003 992 3048 non
1007 3001 1080 3046 esse

96 3079 155 3128 tam
179 3071 344 3129 timendum
362 3088 453 3144 quarn
469 3071 550 3130 lama
564 3070 750 3131 circumlert=
768 3077 837 3144 [nee
852 3072 957 3131 dolere
974 3086 1078 3146 quem-

96 3169 188 3227 quam
202 3170 259 3213 nec
274 3154 372 3226 mori]
403 3170 497 3230 saepe
513 3154 543 3213 in
557 3161 670 3227 morte,
688 3172 778 3230 quam
795 3156 856 3230 pati
871 3156 922 3214 lex
936 3163 999 3229 est,
1015 3170 1077 3231 ma·

95 3252 188 3310 gnum
204 3254 275 3297 esse
291 3238 446 3311 solatium,
469 3238 552 3312 quod
578 3238 618 3298 ad
635 3239 786 3298 neminem
808 3240 896 3299 redit.
924 3238 954 3297 in
971 3239 1079 3300 dolore

94 3337 151 3395 pro
168 3322 303 3381 remedio
321 3322 448 3382 suturam
463 3319 698 3382 obstinationem
714 3322 820 3395 animi,
837 3323 889 3397 qui
904 3322 1003 3383 levius
1020 3320 1079 3382 sibi

95 3405 175 3478 lacit,
192 3405 340 3480 quicquid
356 3405 574 3467 contumaciter
588 3421 702 3480 passus
719 3412 775 3466 est.
803 3405 947 3480 optimam
961 3403 1078 3467 doloris

95 3504 167 3548 esse
182 3496 334 3564 naturam,
358 3492 443 3564 quod
458 3504 518 3548 non
536 3495 637 3564 potest
651 3504 708 3548 nec
731 3485 785 3563 qui
805 3488 993 3563 extenditur,
1014 3503 1078 3547 ma·
