2422 3862
259 232 431 295 EPISTUL.
445 233 539 296 MOR.
559 235 632 296 LlB.
646 237 684 296 V.
704 235 762 296 ΕΡ.
777 243 819 298 ll.
834 241 906 313 (51.)
1009 237 1071 303 105

95 390 177 450 tibus
198 395 372 464 strepentes
392 389 479 450 lacus
499 394 528 449 el
546 388 620 462 alia,
645 404 725 464 quae
740 389 822 450 velot
839 392 939 451 soluta
953 393 1070 467 legibus

95 473 217 534 luxuria
238 487 301 532 noo
322 477 435 532 tautum
456 481 579 548 peccat,
602 473 658 532 sed
679 472 827 547 publicat,
850 475 923 549 quid
941 491 1071 537 necesse

95 563 164 618 est?
192 555 228 616 ld
250 571 343 631 agere
367 555 529 629 debemus,
555 563 588 617 ut
608 555 797 618 inritamento
816 558 955 620 vitiorum
982 566 1100 634 quam&

96 640 275 715 longissime
285 641 506 715 profugiamus.
525 639 715 701 indurandus
728 649 776 702 est
787 641 905 703 animus
919 650 948 702 et
959 659 977 702 a
987 643 1070 703 blan·
1137 654 1139 658 ·

98 724 240 786 dimentis
253 723 443 800 voluptatum
461 725 565 800 procul
580 723 814 786 abstrahendus.
836 726 904 786 Una
918 727 1071 787 Hanniba·

96 812 155 869 lem
175 807 305 868 hiberna
326 808 483 869 solverunt
502 815 531 868 et
552 808 729 870 indomitum
748 810 831 870 illum
845 809 966 871 nivibus
981 820 1072 887 atque

96 892 228 968 Alpibus
249 891 347 951 virum
367 899 590 953 enervaverunt
613 894 746 953 lamenta
762 893 952 969 Campaniae.
979 896 1072 956 armis

97 977 182 1050 vicit,
198 975 279 1036 vitiis
296 976 393 1036 victus
409 984 466 1037 est.
496 975 592 1036 Nobis
613 992 737 1053 quoque
756 977 943 1040 militandum
958 989 1019 1053 est,
1043 985 1099 1041 etti

83 1061 221 1135 quidem
236 1075 350 1134 genere
365 1058 502 1134 militiae,
524 1076 766 1136 quorumquam
782 1062 884 1138 quies,
904 1080 1070 1139 numquam

98 1145 191 1205 otium
203 1143 307 1204 datur:
323 1143 524 1204 debellandae
535 1151 607 1205 sunt
621 1145 651 1204 in
664 1146 769 1220 primis
782 1145 965 1222 voluptates,
982 1163 1071 1223 quae,

96 1237 129 1289 ut
144 1227 249 1302 vides,
267 1243 361 1288 saeva
377 1242 500 1303 quoque
514 1229 554 1288 ad
569 1244 604 1289 se
617 1229 738 1304 ingenia
751 1239 926 1304 rapuerunt.
955 1231 982 1291 si
1002 1232 1071 1306 quis

97 1310 155 1371 sibi
167 1309 379 1387 proposuerit,
392 1319 536 1386 quantum
548 1314 651 1388 operis
664 1313 831 1388 adgressus
843 1312 895 1387 sit,
912 1315 989 1376 sciet
999 1314 1071 1374 nillil

97 1395 242 1470 delicate,
264 1394 335 1455 nihil
356 1396 486 1456 molliter
506 1412 577 1456 esse
598 1397 778 1458 laciendum.
812 1398 889 1472 Quid
912 1398 983 1457 milri
1004 1415 1072 1458 cum

96 1479 163 1540 istis
186 1479 354 1540 calentibus
374 1481 513 1555 stognlsa
536 1481 609 1556 quid
634 1497 702 1542 cum
729 1481 910 1556 sudatoriis,
934 1483 965 1542 in
993 1498 1072 1556 quae

97 1564 201 1624 siccus
210 1579 310 1639 vapor
324 1579 455 1639 corpora
466 1564 658 1625 exhausurus
670 1566 849 1626 includitur?
865 1564 963 1625 omnis
977 1566 1073 1626 sudor

97 1663 152 1722 per
174 1647 310 1707 laborem
331 1657 429 1709 excat.
461 1647 492 1709 Si
515 1649 700 1723 laceremus,
723 1650 807 1723 quod
828 1649 899 1708 lecit
912 1647 1100 1722 Hanniball

96 1739 129 1792 ut
144 1731 315 1806 interrupto
330 1746 422 1792 cursu
436 1747 537 1792 rernm
552 1731 731 1808 omissoque
752 1732 831 1792 bello
847 1731 989 1793 lovendis
1005 1747 1072 1792 cor-

96 1814 225 1890 poribus
248 1831 374 1890 operam
390 1816 548 1876 daremus:
568 1832 657 1876 nemo
679 1832 740 1875 non
761 1816 1005 1891 intempestivam
1021 1816 1071 1875 de-

96 1897 208 1960 sidiam
222 1899 330 1960 victori
346 1916 485 1975 quoque,
500 1900 612 1961 nedum
626 1900 772 1973 vincenti,
791 1898 996 1975 periculosam
1010 1915 1072 1959 me-

95 1982 152 2044 rito
169 1982 425 2059 reprehenderat:
448 1984 549 2045 urinus
570 1984 660 2044 nobis
677 1999 768 2058 quam
782 1983 841 2044 illis
856 1981 968 2045 Punica
984 1983 1074 2058 signa

98 2066 302 2144 sequentibus
322 2068 407 2139 licet,
433 2068 503 2143 plus
525 2069 650 2142 periculi
671 2074 766 2128 restat
786 2068 978 2143 cedentibus,
1002 2070 1072 2144 plus

97 2152 202 2226 operis
227 2151 316 2212 etiam
344 2152 622 2227 perseverantibus.
657 2152 791 2213 Fortuna
816 2168 934 2213 mecum
959 2151 1103 2215 bellomlt

96 2236 189 2310 gerite
215 2252 277 2296 non
299 2252 366 2296 sum
387 2235 534 2311 imperata
554 2237 699 2297 tacturus·
732 2236 835 2311 iugum
859 2254 919 2298 non
945 2237 1071 2311 recipio,

96 2319 204 2393 immo,
222 2320 306 2395 quod
324 2320 437 2380 maiore
451 2319 560 2380 virtute
575 2321 745 2381 laciendum
761 2328 824 2394 est,
846 2321 977 2382 excutio.
1005 2322 1070 2390 Non

96 2409 144 2464 est
159 2411 278 2465 amotus
289 2407 338 2464 sai
349 2407 424 2465 iaris
439 2402 574 2464 anianus:
600 2406 626 2465 si
641 2405 787 2480 voluptati
804 2420 944 2479 cessero,
961 2405 1071 2464 ceden-

97 2488 170 2549 dmn
186 2496 233 2549 est
247 2487 361 2562 dolori,
377 2488 546 2548 cedendum
561 2496 608 2549 est
622 2488 733 2563 labori,
750 2488 920 2549 cedendum
935 2495 983 2548 est
996 2504 1071 2562 pau·

95 2573 217 2647 perlati.
239 2571 320 2631 idem
336 2570 395 2632 sibl
409 2572 438 2631 ln
453 2588 501 2632 me
516 2572 590 2634 iuris
605 2588 676 2633 esse
690 2575 770 2633 volet
784 2581 815 2634 et
830 2572 953 2632 ambitio
968 2578 998 2631 et
1012 2571 1071 2631 ira:

96 2656 174 2716 inter
198 2661 241 2717 tol
262 2656 402 2718 adlectus
424 2656 587 2730 distrahar,
613 2656 703 2716 immo
731 2657 899 2731 discerpar.
935 2655 1101 2716 Libertoslt

95 2738 258 2817 proposita
280 2746 350 2812 est..
365 2739 405 2799 ad
426 2741 485 2801 hoc
509 2741 674 2815 praemium
698 2740 866 2800 laboratur:
890 2755 969 2816 quae
984 2739 1023 2800 sil
1038 2740 1071 2798 li-

94 2824 200 2886 b‘ertas
217 2824 364 2900 quaeris?
384 2823 458 2884 nulli
471 2823 516 2885 rei
531 2824 661 2897 servire,
682 2825 755 2885 nulli
771 2822 961 2899 necessitati,
981 2824 1072 2885 nullis

96 2909 237 2981 casibus,
255 2909 450 2969 fortunam-‘in
466 2923 596 2983 aequum
612 2908 775 2969 deducere.
799 2907 923 2983 quodie
938 2909 988 2968 illa
1004 2914 1071 2982 [me]

95 2993 276 3055 intellexero
290 2994 361 3068 plus
379 3007 491 3071 posse,
505 2994 546 3053 nil
562 2990 681 3067 poterit.
710 3008 767 3066 ego
783 2993 863 3052 illam
878 2994 988 3067 leram,
1004 3009 1071 3053 cum

95 3079 126 3137 in
142 3093 235 3138 manu
250 3093 335 3138 mors
351 3077 410 3138 sill
430 3076 484 3136 His
500 3076 733 3152 cogitationibus
748 3076 894 3137 intentum
909 3077 977 3136 loca
993 3076 1073 3136 scria
1083 3082 1112 3136 rt

96 3168 268 3236 sanctaque
289 3161 408 3236 eligere
424 3167 552 3235 oportet.
586 3159 741 3221 effeminat
763 3158 1072 3224 animosamocnitas

94 3247 188 3307 nimia
203 3261 262 3306 nec
283 3244 375 3305 dubie
396 3245 511 3320 aliquid
531 3245 572 3304 ad
587 3245 844 3319 corrumpendum
859 3244 996 3320 vigorem
1017 3261 1072 3319 po·

96 3338 155 3392 test
174 3331 274 3406 regio.
308 3329 477 3403 Quamlibet
497 3329 576 3388 viam
597 3329 729 3390 iumenta
749 3330 919 3404 patiuntur,
943 3343 1073 3404 quorum

94 3415 205 3476 durato
216 3414 247 3474 in
263 3429 376 3489 aspero
391 3414 505 3488 ungula
520 3422 582 3474 est:
605 3412 635 3472 in
650 3413 733 3474 molli
749 3413 943 3490 palustrique
956 3426 1081 3487 pascua

93 3499 233 3577 saginata
254 3497 314 3558 cito
327 3497 532 3560 subieruntur.
561 3507 591 3562 et
607 3499 620 3562 s
620 3499 718 3565 ortior
731 3499 825 3564 miles
842 3515 886 3561 ert
902 3497 1103 3568 contragosa
