2422 3862
323 248 730 312 EPlSTttt.ltl01t.LlB.1.
752 249 809 310 ΕΡ.
822 257 849 314 a.
867 244 914 313 tol
1068 251 1109 316 19

129 402 263 477 iustitia]
280 401 394 475 virtus,
417 401 650 483 [temperantia]
670 402 844 479 prudentia,
863 403 923 465 hoc
943 404 1045 479 ipsum
1061 407 1106 467 ni-

128 484 167 548 hil
180 484 301 548 bonurn
316 492 439 561 putare,
463 485 547 561 quod
565 487 643 562 eripi
665 486 773 561 possit.
804 486 950 548 Miramur
964 489 1106 550 animalia

130 571 298 648 quaedam,
320 583 400 645 quae
418 583 473 644 per
495 570 613 631 medios
635 570 722 645 ignes
747 571 814 632 sine
833 587 917 631 noxa
938 587 1103 647 corporum

129 662 305 716 transeunts
331 661 445 729 quanto
467 653 517 714 hic
527 652 693 715 mirabilior
714 654 776 729 vir,
798 655 850 729 qui
872 670 927 731 per
947 656 1060 717 terrum
1075 665 1106 718 et

98 716 110 810 3,
128 740 233 800 minas
246 745 277 798 et
287 739 376 812 ignes
392 736 517 798 illaesus
529 745 560 798 et
573 738 725 798 indemnis
737 736 850 800 evasitt
867 738 971 812 vides,
989 748 1104 814 quanto

128 823 247 884 facilius
260 823 301 882 sit
310 829 404 882 totam
415 828 536 895 gentem
549 839 639 897 quarn
650 838 744 883 unum
754 823 855 882 virum
866 823 1011 884 vinceret
1021 824 1105 885 Haec

127 923 189 968 vox
205 905 251 967 illi
266 905 436 967 communis
456 912 504 966 est
526 921 594 966 cunt
611 905 726 967 Stoico.
755 920 854 981 aeque
874 914 903 968 et
923 906 973 967 hic
993 905 1106 969 intacta

127 991 209 1053 bona
222 1005 280 1066 par
290 995 501 1050 concrematas
514 990 608 1050 urbes
627 991 693 1050 lert.
717 1004 752 1050 se
766 990 845 1049 enirn
857 990 927 1066 ipso
943 1000 1105 1055 contentus

128 1082 184 1136 cst
206 1073 269 1135 hoc
284 1073 456 1134 felicitatem
468 1089 556 1134 suam
570 1074 631 1134 line
645 1073 807 1148 designat,
816 1074 860 1134 Ne
873 1073 1032 1137 existimes
1047 1092 1148 1147 nosao

128 1159 216 1220 solos
230 1173 386 1233 generosa
397 1157 492 1217 verba
504 1157 631 1218 iactare:
648 1158 757 1233 etipse
769 1155 916 1218 Stilbonis
930 1159 1106 1235 obiurgator

126 1243 282 1319 Epicurus
303 1242 432 1303 similem
445 1241 487 1300 illi
502 1256 610 1301 vocem
625 1240 740 1316 emisit,
762 1257 853 1317 quarn
868 1248 923 1316 [tu]
939 1243 1012 1307 boni
1033 1260 1104 1306 con·

86 1309 204 1411 Quis,
220 1326 340 1387 etiamsi
351 1325 432 1386 hunc
443 1325 524 1386 diem
538 1325 598 1385 iam
610 1326 755 1401 expunxi.
773 1324 827 1400 „Si
842 1325 905 1401 cui,
920 1326 1032 1402 inquit,
1048 1344 1106 1389 sua

127 1426 190 1471 nou
206 1411 349 1472 videntur
363 1408 565 1486 amplissima,
588 1411 658 1471 licet
671 1411 763 1471 totius
779 1410 883 1470 mundi
899 1411 1040 1472 dominus
1055 1411 1103 1486 sit,

127 1503 229 1556 tamen
244 1493 340 1555 miser
354 1499 432 1554 cst.“
453 1494 502 1553 vel
523 1495 550 1553 si
564 1493 624 1555 hoc
640 1493 733 1554 modo
749 1493 803 1554 tibi
820 1494 929 1555 melius
944 1497 1105 1556 enuntiare

127 1579 270 1639 videatur
288 1612 324 1622 -
348 1576 381 1637 id
395 1577 474 1637 enim
489 1578 656 1653 agendum,
677 1585 786 1638 utnon
803 1575 905 1638 verbis
924 1580 1104 1653 serviamus,

127 1664 184 1724 sed
204 1662 349 1723 sensibus
369 1683 426 1718 -t
456 1660 575 1736 „Miser
591 1668 652 1734 est,
680 1661 786 1737 quise
808 1675 869 1719 non
896 1660 1105 1722 beatissimum

127 1745 256 1821 iudicat,
272 1746 344 1805 licet
358 1746 493 1822 imperet,
507 1745 651 1807 mundo.“
675 1745 714 1805 Ut
735 1745 817 1805 scias
839 1751 940 1805 autem
961 1744 1019 1806 hos
1034 1751 1144 1806 sen-21

128 1846 183 1891 sus
201 1844 382 1890 communes
403 1843 489 1901 esse,
505 1835 612 1888 natura
626 1827 742 1888 scilicet
760 1826 907 1901 dictante,
930 1828 1014 1903 apud
1029 1844 1103 1904 poe·

129 1921 188 1974 tam
203 1914 354 1974 comicum
369 1911 522 1972 invenies:

308 1997 558 2069 domesticatus,
577 2011 639 2056 esse
653 2011 684 2055 sc
699 1998 751 2070 qui
763 2011 822 2054 non
830 2001 931 2071 putat.-

128 2081 202 2158 quid
223 2082 302 2141 enirn
325 2081 432 2154 retent,
458 2080 558 2155 qualis
576 2087 673 2140 status
694 2087 765 2139 tuus
788 2078 841 2151 sit,
868 2078 895 2138 si
916 2079 969 2139 tibi
985 2080 1105 2142 videtur

127 2167 248 2226 malus?
280 2164 390 2240 „Quid
410 2170 505 2239 ergo?
536 2162 655 2239 inquis
676 2161 703 2224 si
724 2163 845 2223 beatum
871 2179 906 2224 se
929 2164 1040 2225 dixerit
1055 2164 1146 2233 illenn

128 2250 253 2326 turpiter
274 2249 363 2309 dives
378 2255 408 2308 et
421 2249 471 2308 ille
485 2248 646 2308 multorum
663 2247 805 2308 dominus
821 2247 877 2308 sed
891 2250 1022 2323 plurium
1040 2265 1104 2309 ser·

127 2350 200 2406 vttS,
226 2333 338 2395 beatus
364 2348 421 2393 sna
441 2332 590 2392 sententia
611 2331 709 2391 liett“
737 2332 804 2391 Non
828 2332 902 2407 quid
927 2332 1021 2406 dicat,
1048 2333 1106 2393 sed

127 2417 199 2492 quid
220 2417 348 2488 sentiat,
369 2417 470 2476 relert.
505 2431 562 2475 nec
578 2415 651 2491 quid
667 2431 727 2476 uno
743 2415 792 2475 die
807 2415 930 2488 sentiat,
953 2416 1009 2476 sed
1031 2416 1105 2490 quid

127 2501 267 2562 adsidue.
300 2516 363 2561 non
378 2508 426 2560 est
441 2507 556 2574 autem,
571 2501 656 2574 quod
670 2499 820 2571 verearis,
837 2516 876 2559 ne
892 2500 932 2558 ad
947 2497 1103 2574 indignum

126 2591 275 2646 restante
289 2583 461 2661 perveniam
483 2583 541 2644 nisi
556 2583 686 2659 sapienti
700 2599 758 2644 sua
770 2599 831 2643 non
846 2585 975 2658 placent.
1005 2581 1104 2644 omnis

127 2669 252 2730 stultitia
266 2669 386 2729 laborat
400 2665 520 2728 lastidio
537 2667 593 2727 sui.
625 2668 712 2727 Vale.

475 2805 692 2862 EPISTULA
712 2805 747 2861 X.

378 2899 488 2952 Srnrcn
504 2902 616 2954 Lucrum
636 2914 687 2953 suo
709 2913 847 2953 saturnu.

190 3003 309 3066 Srcest.
333 3021 394 3065 non
406 3013 488 3066 muto
500 3006 696 3067 sententiam:
711 3007 801 3081 luge
814 3005 1103 3081 multitudinem,
1121 3010 1136 3063 l

125 3090 215 3165 luge
241 3089 493 3165 paucitatem,
519 3091 609 3166 luge
631 3089 741 3149 etiam
763 3105 885 3149 unum.
917 3089 1102 3164 nonhabeo,

92 3189 193 3275 geum
214 3188 277 3246 quo
298 3179 328 3233 te
350 3174 602 3234 communicatum
624 3174 723 3234 velim.
756 3173 794 3233 Et
813 3173 898 3247 vide,
921 3173 1005 3248 quod
1025 3174 1103 3234 iudi-

99 3257 204 3318 ·cium
220 3273 322 3317 meum
337 3257 467 3318 habeas:
496 3259 621 3319 audeo
643 3265 679 3318 te
696 3256 767 3318 tibi
788 3257 958 3318 credere.
988 3255 1102 3333 Crates,

125 3349 158 3403 ut
171 3343 272 3416 aiunt,
287 3339 379 3402 huius
393 3340 491 3417 ipsius
507 3342 652 3403 Stilbonis
667 3341 802 3414 auditor,
817 3341 904 3402 cuius
919 3341 1103 3402 mentionem

125 3426 220 3502 priori
237 3425 370 3500 epistula
383 3423 457 3500 leci,
478 3442 546 3488 cum
560 3427 690 3489 vidisset
702 3425 975 3489 adulescentulum
988 3432 1117 3486 sscneto
1182 3422 1193 3443 ⁸

123 3509 338 3581 ambulantem,
359 3510 576 3591 interrogavit,
603 3515 680 3595 quid
695 3516 762 3581 illic
775 3519 859 3580 solus
885 3508 1028 3635 lacerati
1062 3508 1138 3570 Me·

321 3647 323 3651 .
939 3611 966 3664 a
