2422 3862
449 593 510 676 ul
548 593 914 678 lllll’lli‘lllll.

341 739 545 801 uxuuarm
565 740 591 800 u
614 739 792 801 sanucaa
811 739 1020 801 urrsuurs.

133 1109 178 1176 za
253 1092 391 1176 Hdnesta,
403 1099 491 1170 inquit
503 1099 656 1172 Epicurus,
672 1114 719 1154 res
731 1103 773 1154 est
783 1104 934 1170 paupertas
945 1101 1029 1157 laeta.
1043 1103 1091 1158 illa
1103 1120 1174 1160 vem

190 1186 246 1243 iam
258 1188 410 1257 paupertas
421 1198 478 1238 non
492 1189 548 1252 est,
568 1183 593 1238 si
611 1185 685 1238 laeta
702 1187 754 1237 est.
778 1181 828 1238 Cui
845 1199 908 1238 aum
918 1190 1088 1256 paupertate
1099 1189 1173 1244 bene

191 1268 336 1337 convenit,
348 1267 429 1323 dives
442 1273 492 1322 est.
517 1266 580 1321 Non
593 1267 640 1337 qui
649 1281 749 1337 parum
760 1264 857 1334 habet,
869 1267 921 1321 sed
934 1269 981 1338 qui
992 1270 1077 1339 plura
1090 1271 1173 1343 eupit,

131 1416 136 1425 ‚
188 1368 299 1425 pauper
313 1356 363 1406 est.
387 1347 454 1420 quid
466 1349 538 1405 enim
551 1351 650 1419 reiert,
664 1353 797 1419 quantum
809 1349 846 1404 illi
859 1350 887 1403 in
901 1366 982 1421 area,
998 1356 1175 1422 quantumin

189 1436 299 1492 horreis
310 1436 406 1504 lateat,
425 1439 556 1505 quantum
571 1438 682 1506 paseat,
699 1437 746 1488 aut
761 1434 881 1503 feneret,
893 1434 917 1488 si
930 1435 1024 1490 alieno
1038 1436 1174 1508 imminet,

122 1520 129 1529 '
190 1520 215 1575 ai
225 1535 282 1575 non
299 1508 449 1590 aequisita,
468 1517 521 1574 sed
536 1515 708 1589 acquirenda
721 1517 914 1586 concupiscit?
934 1517 1001 1584 Quis
1014 1520 1051 1573 sit
1063 1520 1173 1578 divitia·

157 1617 160 1622 ·
189 1619 252 1657 rum
264 1601 380 1670 modus,
392 1601 527 1672 quaeris?
547 1601 638 1656 Primo
653 1599 759 1656 habere
772 1599 848 1670 quod
859 1616 979 1657 neeesse
992 1608 1050 1657 est:
1070 1621 1174 1661 seeun-

191 1676 244 1758 do,
259 1684 335 1756 quod
347 1684 414 1739 satis
426 1690 478 1740 est.

135 1781 180 1849 4‚4
251 1769 325 1824 Nulli
336 1773 430 1839 potest
441 1784 541 1824 secura
553 1768 611 1826 vita
624 1768 801 1840 contingere,
820 1768 866 1838 qui
880 1766 915 1823 de
927 1768 1122 1838 producenda
1134 1774 1173 1828 ni·

189 1853 242 1909 mis
254 1852 365 1924 cogitat.

133 1949 177 2012 45
253 1936 365 1991 Nullum
380 1937 485 1990 bonum
506 1936 583 1992 iuvat
597 1935 762 2006 habentem,
780 1934 832 1990 nisi
848 1934 885 1990 ad
897 1935 976 1990 cuius
988 1937 1174 1994 amissionem

188 2025 373 2092 praeparatus
393 2024 435 2074 est
451 2019 570 2075 animus.

115 2117 178 2178 4‚10
251 2102 373 2173 Magnae
396 2101 509 2158 divitiae.
530 2108 594 2157 sunt
616 2104 679 2174 lege
701 2107 815 2158 naturae
832 2102 988 2170 composita
1005 2112 1173 2177 paupertas.

189 2187 235 2241 lex
262 2191 355 2240 autem
383 2190 512 2255 naturae,
539 2185 595 2240 aeis
620 2202 690 2257 quos
714 2185 846 2240 terminos
869 2184 949 2239 nobis
974 2188 1094 2243 statuit?
1123 2205 1175 2244 nun

189 2269 311 2338 esurire,
329 2283 385 2323 non
401 2268 491 2338 sitire,
508 2282 564 2323 non
576 2270 680 2340 algere.
706 2268 751 2322 Uti
763 2269 863 2324 tamem
884 2267 1016 2339 sitimque
1036 2271 1176 2344 depellas,

187 2369 244 2408 non
263 2356 306 2408 est
324 2367 443 2407 neeesse
462 2352 550 2409 maria
564 2358 686 2422 tentare,
702 2367 755 2406 nec
769 2357 859 2407 castra
873 2352 963 2421 sequi.
977 2353 1117 2412 Parabile
1131 2363 1176 2425 est,

188 2435 264 2508 quod
275 2441 375 2492 natura
386 2435 545 2506 desiderat,
560 2441 587 2492 et
599 2436 651 2491 cito
663 2436 825 2507 apponiture
844 2433 881 2490 ad
893 2451 1080 2506 supervacua
1093 2441 1176 2497 suda·

186 2527 245 2575 tur:
269 2520 316 2575 illa
330 2525 409 2588 sunt,
432 2534 504 2589 quae
516 2526 611 2592 togam
622 2518 727 2589 terunt,
742 2536 814 2591 quae
825 2534 877 2572 nos
892 2534 1050 2578 senescere
1063 2530 1175 2597 cogrrnt

187 2619 260 2674 quae
272 2603 299 2658 in
312 2603 404 2659 aliena
414 2603 504 2658 littora
515 2603 678 2675 impingunt
696 2602 742 2658 Ad
754 2618 866 2658 manum
878 2608 936 2671 est,
949 2605 1030 2674 qupd
1042 2609 1118 2664 satis
1131 2616 1174 2666 est

113 2691 176 2755 930
249 2684 280 2741 Si
297 2687 343 2741 eui
358 2703 409 2742 sua
420 2702 475 2741 non
488 2686 617 2743 videntur
628 2687 814 2757 amplissima,
833 2685 897 2740 licet
907 2688 990 2741 totius
1008 2693 1118 2748 mundi
1134 2694 1176 2750 du

186 2769 278 2823 minus
289 2769 338 2839 ait,
349 2771 435 2825 miser
447 2775 497 2826 est
520 2770 607 2825 Miser
619 2775 672 2836 est,
687 2769 734 2840 qui
745 2785 776 2823 se
787 2768 978 2825 beatissimum
990 2788 1052 2828 non
1065 2777 1176 2843 iudicat

186 2852 251 2908 licet
265 2852 314 2906 toti
331 2853 435 2909 mundo
450 2854 575 2925 imperet
607 2853 670 2909 Non
689 2857 731 2908 est
746 2853 858 2921 beatus,
880 2853 926 2922 qui
945 2871 977 2908 se
998 2856 1031 2911 id
1051 2876 1119 2916 non
1132 2877 1176 2935 pu·

184 2941 224 2991 tat
237 2951 312 2990 esse.

114 3025 173 3088 ιω
245 3018 320 3075 Nihil
335 3019 505 3090 habeamus,
523 3019 677 3092 quodcum
694 3035 796 3090 magno
811 3019 1000 3075 emolumento
1016 3024 1175 3087 insidiaut'a

185 3103 256 3173 eripi
277 3103 377 3173 possit.
411 3118 494 3174 quam
517 3104 660 3160 minimum
684 3102 712 3157 in
739 3117 857 3172 corpore
880 3106 926 3155 tuo
949 3103 986 3157 sit
1008 3114 1175 3180 spoliorum

184 3186 273 3241 Nemo
295 3187 332 3241 ad
346 3185 500 3241 humanum
519 3186 686 3258 sanguinem
701 3186 779 3241 venit
794 3189 909 3256 propter
928 3184 1044 3262 ipsum,
1073 3201 1124 3254 vel
1137 3195 1174 3254 aa

178 3268 297 3327 modum
314 3269 409 3344 pauni.
441 3270 553 3326 Nudum
570 3272 640 3326 lutra
656 3270 825 3326 transmittit:
848 3269 931 3323 etiam
944 3269 975 3324 in
992 3277 1129 3340 obsessa
1141 3281 1175 3337 eia

165 3356 297 3432 pauperi
316 3373 379 3433 pax
398 3362 449 3416 est

66 3441 157 3505 1417
230 3445 260 3503 la
282 3446 418 3507 maxime
440 3445 550 3508 divitiis
568 3442 687 3513 ituatur,
705 3434 1009 3511 uuirdinimeindigst.
