2422 3862
163 233 227 297 430
476 236 504 290 l.
521 235 658 291 ΑΝΝΑΕΙ
671 233 834 292 SENECAE

164 393 265 449 lectulo
280 389 480 446 recedendum.
517 387 574 442 Aut
588 387 613 442 si
626 389 701 444 hona
715 388 797 444 luerit
811 396 838 445 et
852 387 948 445 suavis
962 404 1050 458 uxor,
1069 405 1144 460 quae

165 484 259 532 tamen
274 490 337 531 rara
352 475 412 530 avis
427 479 483 539 est,
504 487 566 526 cum
589 473 759 543 parturiente
780 473 934 544 gemimus,
949 489 1013 528 cum
1030 474 1142 544 pericli-

122 570 153 626 57
167 567 240 616 unte
255 566 426 629 torquemur.
458 554 579 627 Sapiens
594 562 687 612 autem
703 572 845 627 nunquam
860 558 936 612 solus
955 573 1019 612 esse
1035 564 1143 629 potesta

164 643 250 699 habet
260 659 358 698 secum
369 658 481 710 omnes,
497 639 543 710 qui
557 645 635 708 sunt,
651 641 698 710 qui
711 656 832 711 unquam
845 642 955 697 luerunt
965 640 1031 696 boni
1044 645 1071 696 et
1083 643 1144 696 ani·

165 743 240 782 mum
256 727 388 793 liberum,
410 739 577 795 quocunque
594 724 668 794 vult,
688 725 834 780 transfert:
860 725 936 795 quod
951 740 1071 796 corpore
1086 742 1145 780 non

164 817 271 882 potest,
289 808 456 881 cogitatione
476 808 681 879 complectitur,
704 809 769 864 etsi
784 807 927 863 hominum
942 809 1037 880 inopia
1052 810 1143 878 luerit,

164 893 285 964 loquitur
299 908 362 948 cum
378 893 447 947 deo:
470 907 611 962 nunquam
626 891 717 947 minus
733 893 810 947 solus
828 892 878 947 erit
895 908 978 962 quam
995 908 1081 963 quum
1097 910 1143 947 so·

118 991 153 1046 58
164 979 208 1032 lus
223 977 313 1031 tuerit.
341 976 428 1030 Porro
444 976 594 1031 liberorum
610 992 696 1031 causa
711 992 828 1031 uxorem
844 976 964 1044 ducere,
986 982 1016 1031 ut
1030 978 1077 1033 vel
1093 994 1143 1032 no·

165 1077 230 1116 men
248 1066 372 1115 nostrum
387 1076 442 1115 non
457 1060 575 1115 intereat
596 1061 642 1115 vel
661 1059 816 1116 habeamus
834 1060 984 1116 senectutis
1000 1062 1143 1133 praesidia

166 1151 194 1200 et
207 1144 289 1200 certis
304 1149 413 1199 utamur
424 1143 592 1212 heredibus,
616 1144 825 1200 stolidissimum
846 1151 897 1204 est.
926 1144 994 1215 quid
1011 1144 1086 1200 enim
1106 1145 1142 1201 ad

165 1245 216 1284 nos
232 1228 352 1299 pertinet
372 1228 538 1284 recedentes
553 1245 569 1282 e
584 1229 705 1297 mundo,
727 1228 750 1283 si
764 1227 876 1283 nomine
890 1233 985 1284 nostro
1004 1228 1075 1284 alius
1091 1246 1141 1284 nc-

165 1313 298 1382 minetur,
314 1328 398 1383 quum
415 1318 442 1367 et
457 1311 530 1367 lilius
545 1328 601 1366 non
613 1312 703 1367 stetim
714 1312 800 1383 patris
815 1313 982 1368 vocabulum
997 1314 1101 1368 reserat
1117 1318 1143 1368 et

165 1397 381 1453 innumerabiles
400 1397 467 1464 sint,
490 1396 537 1467 qui
552 1395 654 1452 eodem
667 1396 841 1467 appellentur
855 1396 990 1451 nominet
1007 1403 1054 1451 aut
1070 1413 1142 1467 quae

166 1480 315 1536 senectutis
338 1480 440 1535 auxilia
461 1486 525 1536 sunt
545 1480 666 1536 enutrire
687 1479 777 1547 domi,
803 1480 850 1549 qui
874 1487 921 1534 aut
939 1479 1016 1550 prior
1030 1486 1058 1535 te
1073 1482 1142 1535 lorte

164 1565 297 1619 moriatur
313 1571 359 1618 aut
373 1564 596 1636 perversissimis
616 1563 651 1619 sit
672 1563 811 1630 moribus,
833 1570 880 1618 aut
906 1569 980 1619 certe
1000 1580 1084 1634 quum
1105 1564 1142 1619 ad

120 1651 301 1706 conaturam
314 1653 434 1703 aetatem
449 1648 571 1712 venerit,
594 1647 673 1703 tarde
694 1647 720 1702 ei
734 1646 858 1703 videaris
880 1646 972 1702 morit
1014 1647 1143 1703 Heredes

167 1739 258 1786 autem
273 1730 403 1786 meliores
421 1738 448 1786 et
461 1732 594 1787 certiores
610 1730 691 1786 andei
706 1737 770 1785 sunt
786 1737 813 1784 et
824 1731 988 1802 propinqui,
1014 1746 1084 1800 quos
1099 1731 1142 1784 iu-

166 1814 239 1870 dicio
256 1815 380 1886 deligas,
402 1831 486 1885 quam
506 1832 593 1886 quos,
613 1815 684 1871 velis
700 1814 786 1882 nolis,
808 1814 915 1870 hahere
931 1814 1056 1886 cogaris,
1078 1814 1145 1869 licet

166 1899 265 1954 certior
279 1896 422 1954 hereditas
438 1900 487 1968 sit,
509 1899 576 1954 dum
598 1898 724 1966 advivis,
744 1900 817 1954 hene
838 1899 913 1954 abuti
929 1898 1081 1954 substantia
1097 1904 1144 1952 tua

165 1998 249 2052 quam
264 1987 311 2036 tuo
326 1983 423 2039 labore
439 1984 564 2054 quaesita
579 1984 607 2036 in
622 1983 743 2038 incertos
756 1998 825 2036 usus
839 1983 1008 2052 relinquere.

227 2066 303 2121 Haec
326 2072 353 2120 et
374 2066 568 2123 huiuscemodi
583 2065 794 2138 Theophrastus
815 2066 959 2122 disserens
982 2081 1066 2135 quem
1087 2081 1144 2119 non

165 2147 308 2203 suffundat
333 2146 572 2220 Christianorum,
604 2166 722 2220 quorum
754 2149 930 2206 conversatio
954 2154 996 2203 est
1020 2148 1049 2203 in
1078 2165 1142 2204 coe·

164 2232 213 2285 lis!
438 2283 441 2291 ,

120 2325 156 2379 60
227 2314 300 2371 Ibid.
312 2331 336 2374 c.
352 2322 394 2374 15.
409 2317 595 2388 p.170.mcd.
618 2314 707 2382 Quam
722 2332 816 2371 rarum
831 2318 865 2372 sit
885 2331 1002 2371 uxorem
1018 2316 1080 2371 sine
1099 2314 1143 2371 his

165 2399 238 2454 vitiis
257 2400 391 2469 inveniri,
417 2401 493 2456 novit
517 2401 576 2464 ille,
607 2401 654 2469 qui
675 2399 753 2454 duxit
774 2417 901 2457 uxorem.
928 2398 1003 2454 unde
1024 2398 1143 2470 pulchre

163 2482 265 2538 Varius
275 2482 423 2553 Geminus,
440 2484 564 2539 sublimis
579 2487 689 2539 orator:
706 2485 772 2554 „qui
785 2500 841 2539 non
853 2484 954 2555 litigat,
967 2483 1064 2553 inquit,
1078 2498 1142 2538 cae-

162 2568 223 2623 ?ebs
239 2570 310 2623 est.“

115 2649 146 2702 61
224 2649 335 2723 iosap.
349 2655 409 2709 190.
434 2649 531 2706 Cicero
550 2656 664 2722 rogatus
686 2654 721 2707 ab
743 2651 844 2721 Hirtio,
865 2658 894 2705 ut
908 2655 973 2722 post
993 2650 1143 2722 repudium

164 2733 309 2790 Terentiae
331 2751 458 2790 sororem
481 2735 540 2790 eius
561 2733 692 2803 duceret,
719 2737 832 2790 omnino
858 2736 951 2790 lacere
974 2735 1142 2807 supersedit,

163 2816 260 2874 dicens
283 2835 339 2873 non
364 2835 450 2890 posse
474 2835 505 2873 se
527 2818 608 2872 uxori
630 2824 657 2874 et
675 2817 872 2891 philosophiae
898 2819 1002 2891 pariter
1027 2835 1144 2890 operam

162 2901 240 2956 dare.
258 2902 304 2956 illa
318 2902 427 2957 interim
442 2904 548 2957 coniux
560 2902 676 2974 egregia
692 2909 719 2957 et
736 2919 809 2973 quae
824 2903 992 2959 delentibus
1009 2902 1143 2957 Tullianis

161 2983 295 3040 hauserat
310 2985 495 3056 sapientiam,
511 2986 604 3056 nupsit
619 2983 757 3056 Salustio,
779 2987 891 3042 inimico
914 2987 989 3053 eius,
1011 2992 1039 3041 et
1062 2988 1142 3041 tertio

161 3067 310 3124 Messallae
326 3067 446 3127 Corvino
470 3076 498 3125 et
519 3070 598 3140 quasi
618 3085 670 3140 per
690 3070 828 3140 quosdam
844 3071 949 3143 gradus
966 3071 1143 3141 eloquentiae

114 3152 294 3218 ceterorum
312 3160 363 3210 est.
392 3151 528 3210 Socrates
543 3152 723 3226 Xanthippen
738 3161 765 3210 et
778 3155 868 3227 Myrto
882 3159 995 3226 neptem
1010 3154 1143 3209 Aristidis

160 3237 231 3292 duas
245 3236 366 3293 habebat
384 3254 503 3306 uxores,
526 3253 599 3308 quac
615 3254 700 3308 quum
715 3242 814 3295 crebro
830 3240 900 3294 inter
914 3255 945 3293 se
961 3238 1144 3308 iurgarentur

161 3326 188 3374 et
198 3321 243 3378 ille
260 3339 308 3377 eas
324 3321 441 3377 irridere
456 3326 531 3378 esset
540 3322 652 3392 solitus,
668 3324 744 3393 quod
758 3330 873 3396 propter
883 3340 929 3391 se,
944 3321 1143 3377 foedissimum

155 3403 300 3462 hominem
316 3406 393 3462 simis
406 3407 536 3474 naribus,
551 3408 665 3463 recalva
679 3409 782 3475 fronte,
798 3407 895 3479 pilosis
911 3404 1039 3460 humeris
1055 3411 1084 3461 et
1097 3422 1141 3461 re·

137 3491 252 3571 pandis
267 3491 400 3551 cruribus
417 3492 628 3568 disceptarent,
641 3492 795 3550 novissime
806 3495 949 3547 verterunt
963 3489 991 3544 in
1008 3506 1074 3546 eum
1091 3490 1142 3546 im-
