2422 3862
124 225 186 290 192
284 251 287 255 ·
413 228 444 286 L.
465 228 611 286 ANNAEl
631 226 804 287 SENECAE
823 235 825 239 '

122 378 253 437 maxime
268 376 356 436 navis
372 383 504 450 urgetur.
532 376 635 451 itaque
650 375 792 451 quotiens
808 383 916 437 ventus
931 376 1099 437 increbruit

124 462 280 535 maiorque
295 467 343 520 est
358 476 448 534 quam
463 459 600 534 expedit,
623 458 755 520 antenna
775 459 972 520 submittitur:
994 461 1096 522 minus

118 546 214 605 ‚habet
228 542 335 603 virium
350 541 441 602 fletus
457 559 495 601 ex
510 541 638 613 humill.)
666 558 734 603 cum
748 542 900 603 intravere
916 543 1051 618 Capreas
1067 552 1097 604 et

122 625 372 704 promontorium,
388 642 427 684 ex
442 642 503 700 quc

248 713 311 770 alta
320 713 484 786 procelloso
492 712 668 785 speculatur
681 713 789 771 vertioe
802 711 913 782 Pallas,

122 802 241 857 ceterae
265 793 332 853 velo
347 792 494 852 'iubentur
516 807 587 852 esse
605 799 781 854 contentae=
805 793 941 867 siparum
961 794 1095 855 Alexan-

91 879 276 941 adrinarum
290 875 409 950 insigne
421 875 588 948 [indicium]
605 881 661 934 est.
691 876 723 935 ln
736 877 795 937 lroe
806 876 941 936 omnium
952 876 1096 937 discursu

121 961 349 1037 properantium
370 959 409 1020 ad
430 960 500 1019 litus
516 974 656 1034 magnam
671 974 710 1018 ex
725 959 844 1034 pigritia
858 974 926 1018 mea
941 961 1025 1020 sensi
1043 979 1094 1021 vo-

120 1046 275 1120 luptatem,
291 1043 375 1119 quod
392 1042 538 1118 epistulas
554 1058 689 1103 meorum
707 1050 890 1118 accepturus
906 1059 967 1104 non
982 1060 1093 1119 prope-

120 1129 186 1189 ravi
201 1128 289 1202 seire,
308 1127 375 1203 quis
390 1127 451 1186 illic
468 1134 551 1186 esset
563 1141 664 1185 rerum
680 1143 814 1188 mearum
829 1133 935 1199 status,
952 1127 1024 1201 quid
1040 1129 1093 1186 ad-

122 1213 250 1271 ferrent:
271 1211 342 1271 olim
354 1211 413 1270 iam
428 1226 485 1269 nec
496 1210 574 1285 perit
585 1209 750 1285 quiequam
762 1210 833 1269 mihi
844 1226 901 1270 nec
913 1210 1091 1285 adquiritur.

120 1296 202 1368 Hoc,
222 1293 340 1354 etiamsi
355 1309 451 1354 senex
466 1311 527 1355 non
543 1309 654 1366 essem,
670 1295 768 1355 luerat
782 1294 988 1354 sentiendum:
1011 1310 1092 1354 nunc

121 1393 195 1438 vero
217 1378 309 1456 multo
326 1378 437 1452 magis,
459 1377 530 1452 quie
545 1379 856 1454 quantulumcumque
869 1377 1028 1452 haberem,
1049 1386 1093 1438 ta·

120 1478 190 1522 men
206 1462 277 1537 plus
291 1457 350 1521 iam
364 1461 436 1521 mihi
450 1467 629 1536 superesset
643 1461 744 1522 viatici
756 1478 847 1537 quam
859 1460 936 1535 viae,
952 1477 1093 1536 praeser-

122 1547 172 1606 tim
196 1561 263 1606 cum
286 1560 354 1605 eam
372 1546 453 1604 vlam
474 1545 569 1605 simus
588 1539 735 1620 ingressi,
758 1561 849 1621 quarn
866 1559 1016 1620 peragere
1031 1562 1093 1606 non

92 1635 168 1689 lest
181 1645 320 1690 necesse.
363 1629 423 1689 lter
437 1628 635 1704 inperfectum
652 1629 722 1701 erit,
739 1627 765 1688 si
780 1629 809 1687 in
825 1628 925 1688 media
939 1635 1027 1703 parte
1042 1640 1094 1690 aut

121 1715 195 1773 citra
209 1715 334 1788 petitum
348 1714 449 1773 locum
464 1715 599 1773 steteris:
628 1712 688 1772 vita
707 1728 768 1772 non
789 1719 836 1772 est
855 1710 1039 1792 inperfecta,
1067 1715 1093 1772 si

120 1797 249 1857 honesta
261 1805 317 1856 est.
339 1795 523 1871 ubicumque
538 1795 670 1871 desines,
685 1794 805 1856 sibene
820 1796 945 1870 desinis,
961 1804 1024 1857 tota
1035 1806 1091 1857 est.

121 1897 216 1956 saepe
231 1889 330 1941 autem
344 1888 374 1939 et
388 1877 504 1941 lortiter
515 1879 716 1940 desinendum
728 1885 776 1939 est
787 1887 816 1941 et
827 1896 888 1940 non
900 1895 939 1938 ex
951 1881 1092 1956 maximis

89 1972 108 2042 ,ι
121 1965 232 2025 causis.
248 1981 317 2024 nam
331 1980 389 2024 nee
406 1963 554 2024 maximae
569 1970 648 2038 sunt,
664 1978 743 2039 quac
758 1980 816 2025 nos
829 1970 941 2024 tenent.
977 1964 1091 2024 Tullius

118 2049 322 2122 Marcellinus,
341 2064 430 2124 quem
445 2048 559 2123 optime
574 2062 715 2120 noveras,
731 2048 914 2108 adulescens
928 2047 1048 2122 quietus
1063 2056 1092 2108 et

121 2132 178 2191 cito
195 2147 300 2203 senex,
318 2133 423 2192 morbo
439 2139 469 2191 et
486 2147 547 2192 non
565 2130 727 2205 insanabili
741 2139 910 2207 correptus
925 2132 982 2192 sed
997 2133 1090 2208 longo

120 2222 150 2274 et
163 2214 291 2275 molesto
307 2223 337 2275 et
347 2216 439 2276 multa
449 2216 624 2291 imperante,
642 2215 744 2290 coepit
754 2215 923 2275 deliberare
934 2216 973 2275 de
984 2225 1090 2296 morte.

120 2298 301 2358 convocavit
321 2299 484 2374 conplures
503 2298 634 2359 amicos:
654 2297 883 2374 unusquisque,
903 2306 956 2359 aut
970 2300 1043 2374 quie
1057 2302 1089 2360 li-

120 2382 220 2443 midus
236 2390 308 2456 erat,
323 2381 353 2441 id
368 2383 410 2441 illi
424 2382 582 2456 suadebat,
601 2381 686 2458 quod
701 2381 759 2443 sibi
774 2381 934 2454 suasisset,
950 2391 1002 2443 aut
1020 2383 1090 2458 quia

119 2467 258 2526 adulator
271 2475 302 2527 et
314 2466 460 2540 blandus,
477 2466 508 2526 id
524 2466 683 2527 consillum
697 2465 797 2539 dabat,
813 2466 897 2541 quod
911 2466 1090 2528 deliberanti

90 2552 232 2626 ogratius
248 2552 314 2612 lore
334 2549 564 2626 suspicabatur=
587 2550 703 2610 amicus
718 2558 823 2610 noster
837 2548 975 2623 Stoicus,
998 2550 1088 2612 homo

118 2633 259 2709 egregius
280 2641 324 2709 et,
345 2641 377 2694 ut
397 2634 501 2694 verbis
523 2633 620 2709 illum,
643 2633 753 2708 quibus
773 2633 890 2694 laudari
906 2635 1017 2709 dignus
1034 2644 1089 2707 est,

118 2718 252 2793 laudem,
271 2720 317 2778 vir
333 2717 419 2778 fortis
434 2733 471 2777 ec
485 2725 642 2793 strenuus,
659 2717 777 2778 videtur
791 2718 863 2778 mihi
879 2718 993 2794 optime
1007 2719 1090 2779 illum

119 2800 304 2863 cohortatus.
337 2802 382 2862 sic
397 2800 477 2862 enim
493 2802 609 2877 eoepit:
637 2799 739 2877 „Noli,
761 2803 802 2862 mi
816 2802 1006 2877 Marcelline,
1029 2810 1088 2863 tor·

120 2884 222 2959 queri,
240 2891 393 2958 tamquam
409 2886 495 2947 dere
508 2901 619 2961 magna
633 2886 794 2947 deliberes.
823 2903 884 2947 non
900 2892 948 2948 est
961 2902 1012 2947 res
1027 2903 1088 2946 ma·

117 2982 178 3042 gne
203 2968 320 3028 vivere=
354 2984 461 3029 omnes
487 2970 569 3030 servi
595 2970 639 3030 tui
662 2970 782 3046 vivunt,
810 2972 912 3032 omnia
932 2969 1088 3031 animalia:

117 3067 258 3127 magnum
273 3058 321 3112 est
334 3051 463 3114 honeste
483 3053 577 3128 mori,
596 3055 777 3130 prudenter,
804 3055 944 3117 scruter..
974 3055 1088 3130 cogita,

118 3134 264 3210 quamdiu
278 3135 337 3195 iam
358 3136 438 3196 idem
460 3137 570 3197 lacius:
600 3138 700 3214 cibus,
728 3153 870 3215 somnus,
896 3139 1005 3200 libido:
1034 3155 1089 3215 per

116 3218 197 3278 hunc
218 3217 361 3280 circulum
381 3221 517 3281 curritur.
561 3221 639 3281 Mori
654 3225 732 3282 velle
746 3239 807 3284 non
823 3231 936 3286 tuntum
952 3224 1087 3299 prudens

88 3309 168 3366 lant
182 3303 268 3364 lortis
282 3311 335 3365 aut
348 3305 448 3379 miser,
464 3305 554 3365 eliam
570 3307 748 3369 fastidiosus
765 3313 896 3383 potest.“
924 3308 990 3370 Non
1007 3324 1087 3383 opus

116 3392 181 3447 erat
203 3403 333 3450 suasore
353 3388 410 3463 illi,
436 3389 492 3449 sed
513 3390 666 3451 adiutore=
695 3392 774 3452 servi
802 3408 910 3469 parere
934 3391 1086 3452 nolebant.

104 3469 240 3530 Prrinum
263 3472 397 3534 detraxit
421 3471 481 3534 illis
507 3481 620 3535 metum
639 3483 670 3536 et
686 3475 831 3538 indicavit
850 3484 923 3540 tunc
945 3476 1086 3537 familiam
