2422 3862
122 212 182 279 158
400 213 434 272 L.
455 209 602 274 ANNAEI
625 207 801 271 SENECAE

120 383 172 428 res
192 377 240 428 est
260 366 336 426 moni
357 383 414 427 sua
435 370 568 425 morte“:
590 378 679 423 nemo
697 362 822 423 ntoiitur
842 359 901 421 nisi
916 376 973 420 sua
988 368 1100 423 morte.

120 452 197 512 Illud
219 459 378 528 praeterea
398 458 499 510 tecum
524 449 595 508 licet
617 448 749 522 cogitem
772 462 862 506 nemo
883 444 942 505 nisi
966 463 1024 507 suo
1049 447 1101 506 dic

121 536 256 597 moritur.
292 534 365 594 nihil
387 534 491 610 perdis
512 549 551 592 ex
572 539 623 591 tuo
645 537 792 607 tempore.
823 547 892 590 nam
908 530 1100 604 quoduelin-

123 621 207 696 quis,
232 620 364 679 alienum
380 627 436 680 est.
472 620 560 678 Vale.

510 844 708 854 ————

417 1021 451 1101 l.
471 1017 611 1101 illini
633 1017 804 1102 SENECAE

482 1174 533 1224 AD
548 1172 739 1225 LUCILIUM

236 1291 645 1391 nutsutlituun
674 1291 983 1429 nunnittln

412 1517 416 1524 .
492 1462 625 1524 LIBER
651 1459 730 1523 vul.

536 1628 688 1635 ——-

432 1748 651 1808 EPISTULA
671 1750 692 1806 1.
712 1746 784 1822 (in.)

377 1845 487 1897 Sanucn
503 1847 614 1899 Lucumo
635 1860 686 1900 suo
701 1859 846 1901 snuussu.

93 1986 107 2038 1
183 1968 258 2029 Post
272 1969 395 2044 longum
411 1967 778 2045 intervalluthompeios
792 1976 863 2030 tuns
878 1968 952 2029 vidi.
980 1969 1012 2028 in
1028 1984 1100 2029 con-

122 2060 265 2127 spectum
273 2053 501 2114 adulescentiae
515 2069 602 2113 meae
613 2054 758 2115 reductus
774 2069 852 2115 sum.
876 2053 1025 2130 quicquid
1039 2054 1101 2113 illic

121 2138 242 2197 iuvenis
269 2138 416 2210 feceram,
441 2136 573 2198 *videbar
598 2136 670 2198 milti
696 2139 798 2199 lacem
821 2137 922 2198 adhuc
947 2153 1045 2216 posse
1070 2144 1101 2197 et

91 2223 216 2296 apaulc
242 2227 312 2282 ante
334 2223 456 2282 secisse.
490 2222 794 2297 Praenavigavimus,
819 2222 930 2296 Lucili,
956 2223 1049 2282 vitam
1072 2227 1102 2280 et

123 2304 381 2380 quemadmodum
395 2307 425 2365 in
441 2308 530 2379 muri,
555 2313 587 2367 nt
604 2308 645 2367 ait
659 2307 813 2382 Vergilius
829 2313 950 2379 noster,
1121 2309 1127 2318 '

353 2397 510 2466 terraeque
529 2393 673 2467 urbesque
692 2393 849 2463 recedunt,

122 2476 168 2536 sic
183 2474 212 2534 in
227 2475 288 2535 hnc
301 2490 396 2535 cursu
417 2468 605 2550 rapidissimi
615 2477 768 2551 temperis
790 2476 921 2551 primum
936 2474 1100 2549 pueritiam

121 2559 351 2633 abscondimus,
365 2557 479 2619 deinde
493 2558 745 2635 adulescentiam,
761 2557 873 2620 deinde
887 2559 1100 2634 quicquid-est

120 2645 194 2705 illud
212 2646 290 2705 inter
309 2644 452 2704 iuuenem
465 2651 500 2703 'et
511 2656 627 2705 senem
641 2644 788 2717 medium,
803 2643 833 2704 in
847 2643 1009 2717 utriusque
1025 2658 1099 2703 con-

120 2728 194 2790 liniu
214 2730 363 2803 positum,
386 2728 499 2787 deinde
524 2728 623 2802 ipsius
636 2729 810 2789 senectutis
833 2729 967 2805 optimos
986 2743 1097 2787 annos.

120 2812 289 2873 novissime
309 2811 416 2886 incipit
433 2812 556 2872 ¹ostendi
572 2813 712 2889 publicus
733 2812 803 2872 finis
824 2813 946 2887 generis
961 2812 1096 2872 humani.

87 2912 105 2967 3
123 2895 291 2971 Scopulum
305 2911 377 2956 esse
398 2896 481 2956 illum
497 2903 640 2970 ptutnmus
656 2895 891 2958 dementissimi:
916 2904 1024 2973 portus
1039 2903 1096 2966 cst,

121 2981 286 3055 aliquando
308 2981 475 3056 petendus,
498 2997 663 3055 numquam
683 2981 892 3053 recusandus,
915 2981 947 3041 in
963 2980 1097 3057 quamsi

122 3067 192 3140 quis
214 3063 293 3124 intra
316 3064 431 3140 primos
452 3080 551 3126 annos
573 3065 693 3126 delatus
713 3073 774 3138 est,
797 3083 858 3128 non
886 3064 984 3142 magis
1010 3063 1097 3139 queri

121 3150 212 3210 debet
237 3165 328 3224 quam
356 3151 406 3225 qui
434 3151 493 3211 cito
518 3149 682 3226 navigavit.
724 3150 816 3211 alium
843 3150 937 3223 enim,
964 3156 998 3210 ut
1023 3148 1096 3218 scis,

120 3232 203 3294 venti
219 3249 331 3308 segnes
347 3234 454 3296 ludunt
468 3252 505 3296 ac
523 3234 660 3295 detinent
680 3244 710 3295 et
724 3235 948 3311 tranquillitatis
962 3232 1095 3294 lentissi-

121 3333 189 3378 mae
202 3318 305 3381 taedio
327 3321 457 3392 lassant,
480 3318 572 3381 alium
584 3320 733 3395 ¹pertinen
748 3319 840 3381 ssatus
856 3319 1015 3379 celerrime
1027 3332 1095 3392 per-

93 3403 187 3462 eleut.
222 3403 306 3463 ldem
336 3404 460 3464 evenire
491 3403 580 3464 nobis
605 3414 693 3479 putat
721 3403 798 3464 alios
819 3404 880 3465 vita
900 3398 1095 3464 velocissime

111 3487 257 3562 adduxit,
280 3505 343 3564 quo
366 3489 554 3552 ueniendum
576 3496 643 3551 erat
662 3489 753 3549 etiam
768 3486 996 3561 cunctantibus,
1018 3484 1095 3544 allus
