2422 3862
161 248 225 314 836
455 246 489 305 L.
510 245 658 306 ΑΝΝΑΕΙ
679 243 856 307 SENECAE

161 417 252 479 quem
274 398 414 459 videmur
436 398 530 457 emitti
550 397 609 456 iam
629 395 732 457 idonei
754 395 892 470 spiritum
912 393 1034 460 trahere
1058 403 1090 455 et
1110 397 1143 456 in

160 491 266 560 aperto
282 482 406 543 durare:
428 481 474 540 sic
489 496 545 556 per
558 479 618 540 hoc
633 480 778 554 spatium,
795 478 879 552 quod
893 477 932 537 ab
946 477 1074 538 infantia
1086 495 1143 554 pa·

144 571 202 628 ‘tet
221 568 251 626 in
273 572 477 639 senectutem,
499 565 530 623 in
552 563 642 623 alium
663 563 895 623 maturescimus
918 568 1049 635 partum.
1081 562 1144 623 alia

115 651 244 726 mongo
261 665 319 710 nos
334 654 511 723 exspectat,
525 647 605 706 alius
618 661 720 706 rerum
733 652 841 706 status.
862 645 1005 705 Nondum
1021 647 1142 706 coelum

158 734 219 794 uisi
235 749 275 793 ex
289 732 448 791 intervallo
465 730 526 805 pati
540 745 725 805 possumus=
751 728 881 803 proinde
896 728 1068 804 intrepidus
1086 729 1141 790 ho-

157 817 319 878 ramittam
338 813 539 875 decretoriam
555 814 715 888 prospice:
730 828 791 872 non
807 818 855 873 est
869 811 971 872 animo
986 828 1142 888 suprema,

158 900 216 961 sed
241 897 374 973 corpori.
407 895 559 972 Quicquid
584 897 666 957 eirca
686 903 716 956 te
742 896 821 956 iacet
840 911 957 968 rerum,
985 903 1142 972 tamquam

157 980 321 1056 hospitalis
339 981 399 1040 loci
415 981 553 1040 sarcinas
568 987 691 1056 spector
714 980 933 1040 transeundum
946 988 1005 1040 est.
1027 980 1142 1041 excutit

115 1065 336 1130 aaredeuntem
351 1071 459 1125 natura
473 1064 552 1124 sicut
565 1065 735 1126 intrantem.
773 1063 841 1123 Non
857 1062 929 1122 licet
944 1064 1013 1137 ptus
1028 1063 1141 1124 efferre

159 1164 250 1225 quam
265 1147 417 1220 intuleris,
438 1148 530 1208 immo
543 1148 633 1209 etiam
650 1163 689 1207 ex
704 1163 758 1218 eo,
780 1146 863 1221 quod
884 1146 922 1206 ad
944 1146 1037 1207 vitam
1053 1147 1140 1207 adtu-

157 1230 234 1304 listi,
256 1247 329 1306 pars
351 1246 460 1305 magna
480 1232 626 1306 ponenda
642 1239 704 1291 est:
733 1229 908 1290 detrahetur
922 1229 976 1292 tibi
990 1230 1068 1291 haec
1083 1229 1139 1289 cir-

158 1316 322 1387 cumiecta,
345 1314 545 1374 novissimum
558 1316 760 1377 velamentum
775 1313 833 1389 tui,
854 1314 943 1373 cutis.
965 1313 1141 1374 detrahetur

157 1413 230 1459 caro
246 1404 277 1458 et
286 1398 434 1458 subfusus
449 1398 574 1472 sanguis
589 1398 828 1473 discurrensque
844 1413 899 1472 per
912 1403 1018 1458 totum.
1041 1398 1141 1457 detra-

156 1481 266 1542 hentur
293 1497 368 1542 ossa
392 1482 554 1556 nervique,
582 1481 771 1541 firmamenta
792 1480 956 1541 fluidorum
978 1496 1016 1541 ac
1036 1481 1140 1540 laben·

113 1565 238 1625 uatium.
279 1566 351 1625 Dies
372 1567 445 1639 iste,
467 1581 558 1640 quem
578 1573 731 1641 tamquam
752 1571 920 1624 extremum
944 1564 1138 1635 reformidas,

156 1648 273 1709 aeterni
293 1650 403 1709 natalis
426 1656 482 1708 est.
517 1649 639 1723 depone
660 1664 753 1709 onus=
780 1648 853 1723 quid
874 1648 1040 1719 cunctaris,
1064 1655 1138 1706 tam·

157 1748 248 1806 quam
264 1749 325 1792 non
341 1733 427 1806 prius
446 1747 571 1808 quoque
587 1732 708 1803 relicto,
729 1732 759 1790 in
778 1746 839 1805 quo
854 1732 985 1804 latebaS,
1006 1745 1140 1805 corpore

157 1815 290 1874 exieris?
320 1815 453 1887 Haeres,
478 1815 654 1876 reluctaris=
684 1822 755 1876 tunc
781 1831 905 1890 quoque
929 1829 1039 1888 magno
1066 1814 1139 1873 nisu

156 1899 260 1958 matris
282 1900 433 1973 expulsus
454 1915 499 1958 es.
533 1899 645 1972 gemis,
667 1901 787 1973 ploras:
810 1905 840 1958 et
859 1898 919 1958 hoc
939 1899 1041 1972 ipsum
1061 1897 1138 1957 llere

157 1982 311 2042 nascentis
333 1989 395 2056 est,
417 1982 474 2043 sed
494 1990 566 2042 tunc
581 1982 713 2042 debebat
727 1982 860 2056 ignosci:
881 1981 967 2041 rudis
982 1989 1012 2042 et
1024 1980 1136 2056 inperi-

156 2070 205 2123 tus
230 2064 363 2125 omnium
388 2080 529 2125 veneras.
562 2081 600 2123 ex
628 2072 832 2125 maternorum
857 2066 1009 2125 viscerum
1037 2065 1136 2124 calido

155 2147 304 2220 mollique
324 2149 458 2208 lomento
480 2149 624 2209 emissum
639 2147 766 2208 adflavit
780 2165 854 2208 aura
868 2147 1007 2223 liberior,
1027 2148 1138 2208 deinde

157 2227 285 2288 offendit
310 2231 405 2290 durae
429 2247 538 2291 manus
560 2238 660 2292 tactus
680 2240 829 2307 tenerque
851 2231 952 2291 adhuc
974 2239 1004 2291 et
1025 2232 1136 2291 nullius

113 2309 200 2372 arrei
215 2306 329 2386 gnarus
345 2313 529 2388 obstupuisti
544 2314 622 2375 inter
635 2317 754 2389 ignota:
776 2331 858 2375 nunc
873 2315 926 2376 tibi
941 2330 1005 2374 uon
1019 2322 1068 2375 est
1082 2331 1136 2374 no-

154 2410 226 2455 vum
243 2396 381 2471 separari
396 2398 435 2456 ab
449 2413 497 2471 eo,
514 2399 602 2458 cuius
617 2406 687 2459 ante
700 2413 772 2473 pars
789 2399 899 2458 lueris=
919 2413 1020 2473 aequo
1036 2396 1136 2458 auimo

154 2480 292 2540 membra
313 2480 373 2538 iam
395 2496 588 2556 supervacua
610 2481 725 2541 dimitte
745 2489 777 2542 et
796 2483 874 2543 istuc
889 2497 1004 2557 corpus
1019 2481 1135 2541 inhabi-

154 2568 247 2622 tatum
271 2564 324 2624 diu
344 2580 442 2639 pone:
472 2565 641 2639 scindetur,
665 2566 824 2639 obruetur,
846 2565 1027 2626 abolebitur.
1063 2565 1136 2640 quid

155 2647 367 2708 contristaris?
387 2650 429 2709 ita
443 2651 522 2710 solet
536 2648 617 2708 lieri:
641 2656 770 2722 pereunt
786 2664 882 2723 saepe
896 2650 1070 2709 velamenta
1083 2665 1136 2709 na-

155 2731 313 2791 scentium.
343 2732 418 2806 quid
440 2733 499 2793 istu
520 2731 566 2792 sic
587 2730 688 2805 diligis
709 2733 799 2806 quasi
822 2738 894 2792 tuat
920 2732 988 2792 istis
1009 2739 1134 2807 opertus

154 2825 205 2869 es:
228 2815 343 2885 veniet,
368 2813 421 2887 qui
441 2821 471 2874 te
485 2816 611 2875 revellat
631 2815 697 2875 dies
720 2822 810 2875 etex
832 2816 1031 2877 contubernio
1054 2815 1136 2876 ioedi

112 2898 247 2967 uanaque
265 2895 339 2955 olidi
358 2898 473 2956 ventris
489 2900 608 2959 educat.
637 2899 715 2959 Hinc
736 2914 816 2959 nunc
831 2915 957 2974 quoque
971 2908 1019 2973 tu,
1039 2915 1134 2975 quan-

154 2982 218 3035 tum
240 2984 346 3051 potes,
370 2980 495 3041 subruta
514 2982 740 3057 voluptatique,
764 2983 822 3042 nisi
844 2999 923 3058 quae
948 2982 1135 3044 necessariis

153 3075 273 3134 quoque
293 3059 481 3139 cohaerebit,
502 3065 619 3125 alienus
639 3066 698 3125 iam
720 3066 791 3126 hinc
805 3066 895 3134 altius
910 3067 1026 3142 aliquid
1041 3066 1134 3127 subli-

154 3141 296 3217 miusque
319 3146 479 3208 meditare:
510 3149 675 3224 aliquando
696 3155 823 3210 naturae
843 3151 897 3210 tibi
919 3166 1033 3212 arcana
1055 3159 1133 3212 rete-

153 3233 275 3302 gantur,
298 3227 474 3290 discutietur
493 3231 553 3292 ista
572 3234 670 3307 caligo
692 3241 722 3293 et
742 3236 795 3294 lux
816 3235 951 3310 undiquc
968 3238 1050 3295 clara
1064 3251 1133 3312 per-

153 3310 253 3370 cutiet.
287 3311 456 3386 imaginare
475 3322 590 3387 tecum,
613 3324 744 3390 quantus
761 3319 810 3377 ille
827 3319 867 3378 sit
880 3320 982 3393 fulgor
995 3327 1040 3380 tot
1053 3320 1132 3380 side·

150 3393 235 3455 ribus
256 3396 334 3456 inter
355 3411 390 3454 se
410 3397 511 3457 lumen
533 3399 743 3461 miscentibus.
770 3404 852 3462 nulla
867 3418 1010 3465 serenum
1025 3404 1133 3464 umbra

150 3477 292 3539 turbabit.
322 3478 491 3554 aequaliter
510 3482 683 3557 splendebit
704 3501 794 3545 omne
810 3488 887 3546 coeli
902 3488 998 3549 latus:
1020 3489 1087 3549 dies
1103 3493 1134 3547 et
