2422 3862
171 201 174 205 ’
236 214 409 276 uersuum
422 213 516 276 non.
537 214 609 275 um.
622 216 660 274 v.
681 215 738 275 un.
750 223 833 278 1—3.
857 225 1005 292 (tr-44.)
1069 216 1112 280 aa

78 386 83 443 ’,
136 373 186 432 scit
199 369 381 446 plurimum,
399 383 511 428 rumor.
543 367 642 442 „Quid
657 375 753 444 ergo?
773 367 892 444 inquis,
915 377 1016 430 tantus
1032 387 1109 445 sum,

79 468 83 487 ³
135 463 160 516 ut
174 455 295 530 possim
311 452 444 513 excitare
454 467 608 512 rumorem
615 456 649 510 τί(
680 452 746 513 Non
760 461 821 526 est,
838 453 919 528 quod
933 459 962 513 te
977 454 1110 516 adhunc

80 548 85 583 2·
135 543 227 600 locum
242 535 417 612 respiciens
431 536 580 596 metiaris:
603 535 643 595 ad
657 537 747 597 istum
762 537 900 613 respice,
923 537 952 596 in
970 553 1031 612 quo
1046 554 1110 598 mo-

75 670 80 691 .
135 622 234 682 raris·
261 617 413 697 Quicquid
433 620 511 680 inter
532 618 631 678 vicina
652 618 776 694 eminet,
805 637 947 696 magnum
970 629 1018 681 est
1041 622 1139 697 illiqa

134 706 179 767 ubi
201 705 327 766 eminet.
368 719 438 763 nam
463 702 639 777 magnitudo
666 703 757 764 habet
788 704 912 766 modum
944 708 1109 766 incertum=

135 787 311 866 conparatio
332 787 412 848 illam
434 795 486 848 aut
505 786 581 847 tollit
602 793 653 847 uut
667 787 816 863 deprimit.
840 787 961 863 Navis,
986 789 1109 865 quaein

75 866 79 903 ·'
113 873 256 935 ‘iumine
277 886 389 947 magna
410 880 471 946 est,
493 871 522 930 in
538 870 613 930 mari
631 872 756 946 paruula
772 866 839 932 est'
861 873 1108 948 gubernaculum,

122 959 211 1041 'quod
232 956 323 1018 alteri
343 953 414 1015 navi
434 971 576 1029 magnum
598 954 683 1034 [est],
703 955 788 1016 alteri
810 957 953 1031 exiguum
969 967 1024 1018 est.
1060 957 1139 1019 'lua

133 1058 227 1103 nunc
254 1039 293 1099 in
319 1039 539 1116 provincia,
571 1038 665 1098 licet
692 1046 917 1101 contemnas
943 1041 1030 1117 ipse
1059 1048 1108 1113 te,

133 1140 291 1201 magnus
314 1139 364 1184 es.
388 1122 461 1199 quid
476 1137 566 1197 agas,
585 1122 840 1197 quemadmodum
857 1139 987 1199 coenes,
1005 1141 1109 1201 quem-

133 1210 296 1278 admodum
312 1205 462 1279 dormias,
478 1206 640 1282 quaeritur,
657 1207 764 1267 scitur:
787 1222 829 1268 eo
850 1207 921 1268 tibi
942 1207 1035 1284 dilig
1046 1224 1109 1268 en·

132 1293 205 1355 tius
226 1291 436 1353 vivendum
458 1299 526 1350 est.
549 1298 637 1350 tunc
659 1300 783 1352 autem
800 1291 954 1352 felicem
970 1308 1059 1353 esse
1075 1301 1110 1353 te

132 1377 276 1451 iudica,
309 1391 388 1435 cum
415 1375 564 1449 poteris
586 1374 721 1434 vivere
742 1376 777 1434 in
800 1375 975 1450 publico,
998 1383 1124 1437 cunite.

131 1459 264 1538 parietes
278 1459 323 1520 tui
337 1464 453 1535 tegent,
471 1474 532 1519 non
545 1457 749 1533 abscondent,
769 1475 849 1533 quos
861 1461 1041 1535 plerumque
1053 1462 1109 1519 cir·

132 1545 291 1606 cumdatos
310 1543 400 1605 nobis
414 1540 583 1602 iudicamus
598 1558 660 1604 non
675 1551 708 1603 ut
721 1543 812 1603 tutius
828 1543 984 1617 vivamus,
1007 1544 1061 1602 sed
1077 1550 1110 1603 ut

131 1644 296 1706 peccemus
311 1626 471 1688 occultius.
506 1626 582 1687 Rem
597 1627 711 1700 dicam,
728 1643 767 1687 ex
780 1643 841 1702 qua
852 1642 954 1686 mores
967 1627 1139 1688 aestimesl

131 1721 270 1783 nostrqs=
291 1712 346 1772 vix
360 1725 544 1788 quemquam
559 1710 712 1783 invenies,
733 1712 784 1786 qui
802 1712 900 1784 possit
911 1717 1017 1785 operto
1031 1711 1109 1771 ostio

131 1798 242 1857 vivere.
278 1793 424 1856 ianitores
446 1794 633 1855 conscientia
654 1801 773 1866 nostra,
802 1811 863 1854 non
886 1795 1032 1869 superbia
1056 1795 1104 1854 olr-

133 1881 250 1956 posuit=
284 1878 331 1940 sic
354 1879 500 1953 vivimus,
526 1885 559 1937 ut
584 1877 772 1952 deprehendi
796 1876 836 1938 sit
857 1879 957 1939 subito
979 1878 1108 1953 adspici.

132 1964 205 2040 quid
227 1971 329 2025 autem
346 1962 474 2039 prodest
487 1961 656 2022 recondere
671 1977 706 2021 se
720 1968 750 2021 ct
765 1962 873 2021 oculos
888 1961 1041 2023 hominurn
1058 1978 1107 2022 au·

131 2063 242 2124 resque
266 2048 384 2109 vitaret
419 2047 506 2107 Bona
526 2043 714 2106 conscientia
730 2045 848 2106 turbam
865 2047 1009 2120 advocat,
1032 2047 1138 2113 malas

132 2133 217 2193 etium
237 2132 270 2192 iu
292 2128 456 2192 solitudine
477 2130 568 2189 anxia
588 2137 680 2205 atque
701 2129 829 2191 sollicita
845 2136 901 2190 est.
936 2130 968 2191 Si
980 2131 1110 2191 honesta

131 2224 199 2277 sunt
215 2231 298 2292 quae
312 2214 406 2288 iacis,
429 2228 535 2275 omnes
550 2213 662 2288 sciant,
682 2214 708 2274 si
723 2215 838 2289 turpia,
863 2215 937 2291 quid
951 2217 1042 2277 refert
1057 2231 1108 2275 ne·

131 2301 239 2361 minem
256 2296 352 2373 scire,
376 2315 443 2359 cum
457 2305 490 2358 tu
504 2299 608 2357 scias?
641 2297 705 2358 Ote
717 2300 875 2373 miserum,
894 2300 920 2360 si
939 2298 1109 2362 contemnis

131 2381 209 2445 hunc
223 2389 350 2445 testem!
383 2384 471 2442 Vale.

435 2565 650 2625 EPISTULA
671 2569 714 2626 lll.
738 2573 752 2639 (
789 2569 809 2637 .)

387 2680 495 2732 Seneca
513 2683 624 2732 Lucuro
646 2694 697 2732 suo
719 2694 856 2736 snnureu.

190 2803 304 2862 Iterum
325 2807 358 2860 tu
372 2801 443 2860 milri
457 2809 488 2862 te
504 2800 646 2876 pusillum
662 2801 739 2862 lacis
755 2809 784 2863 et
799 2802 875 2861 dicis
890 2803 1051 2879 malignius
1065 2813 1108 2865 te·
1122 2820 1136 2871 1

133 2902 197 2947 cum
213 2885 318 2960 egisse
333 2891 470 2945 naturam
487 2884 586 2960 prius,
609 2884 720 2944 deinde
736 2886 902 2947 fortunam:
926 2902 992 2948 cum
1005 2888 1109 2963 possis

133 2969 265 3029 eximere
291 2976 321 3029 te
345 2970 438 3044 volgo
467 2978 497 3030 et
518 2969 557 3030 ad
578 2969 749 3029 felicitatem
771 2970 926 3031 hominum
948 2973 1109 3033 maximam

133 3067 296 3128 emergere.
334 3051 367 3112 Si
383 3053 456 3129 quid
472 3061 519 3114 est
533 3052 615 3113 aliud
627 3053 655 3112 iu
669 3053 866 3130 philosophia
877 3054 964 3129 boni,
979 3056 1040 3116 hoc
1052 3064 1107 3129 est,

134 3136 213 3212 quod
235 3142 366 3196 stemma
386 3153 447 3198 non
468 3136 606 3213 inspicit:
635 3153 758 3209 omnes,
782 3138 809 3198 si
830 3138 870 3197 ad
886 3139 1032 3215 originem
1048 3141 1108 3215 pri-

132 3236 207 3281 mum
228 3228 429 3296 revocantur,
458 3237 475 3281 a
497 3221 546 3282 dis
567 3229 646 3283 sunt.
685 3223 789 3297 Eques
804 3224 961 3283 Romanus
977 3240 1010 3283 es
1026 3232 1056 3284 et
1070 3223 1138 3288 adu

132 3302 209 3365 hunc
233 3303 373 3364 ordinem
392 3313 444 3365 tua
464 3313 494 3365 te
514 3306 657 3381 perduxit
674 3306 838 3368 industria:
868 3314 898 3367 ut
919 3307 1108 3367 mehercules

132 3390 229 3451 multis
252 3389 482 3465 quatuordecim
507 3392 602 3450 clausi
628 3399 707 3451 sunt.
740 3407 801 3451 non
823 3406 930 3451 omnes
950 3393 1035 3451 curia
1056 3391 1109 3450 ad-

132 3473 223 3534 mittit.
258 3481 358 3534 castra
375 3489 510 3549 quoque,
536 3491 614 3552 quos
631 3475 670 3538 ad
687 3475 828 3541 laborem
843 3486 875 3540 et
886 3477 1130 3557 pericuumro-
