2422 3862
190 211 253 276 lla
485 209 517 270 n.
538 160 685 267 anunm
708 206 882 269 sunnone

192 364 360 427 miniscilur
375 358 459 432 viae,
478 375 546 419 cum
561 360 601 419 ad
616 359 731 420 initium
745 360 811 422 eius
825 362 966 421 admotus
980 367 1043 420 est:
1059 359 1091 419 in
1110 369 1172 421 sta-

190 449 263 511 bulo
281 447 404 524 quidem
426 443 509 503 nulla
529 440 570 501 illl
594 443 661 503 viae
683 447 823 519 quamvis
845 460 942 518 saepe
957 444 1095 504 calcatae
1110 460 1174 504 me·

191 533 287 594 moria
305 537 361 590 est.
382 528 500 589 tertium
519 540 592 587 vero
612 533 747 602 tempus,
764 527 795 587 ld
809 536 857 589 est
871 529 1019 602 futurum,
1035 528 1077 587 ad
1091 535 1175 589 muta

152 626 253 682 ltnon
277 614 416 690 pertinet.
454 610 614 684 Quomodo
637 626 711 686 ergo
736 619 837 685 potest
856 626 963 673 eorum
984 611 1081 671 videri
1104 628 1173 687 per-

191 700 270 760 lecta
285 705 408 767 natura,
426 693 536 770 quibus
551 710 627 755 usus
644 693 771 769 perlecti
781 698 928 771 temporis
943 710 1005 755 non
1018 701 1088 755 estt
1099 703 1174 756 lem·

191 799 250 859 pus
266 783 345 841 enlm
361 779 457 839 tribus
474 778 610 853 partibus
635 784 770 852 constat,
793 780 973 854 praeterito,
984 785 1170 854 praesente,

192 874 337 926 venturo=
366 862 545 922 animalibus
568 869 682 923 lantum
703 862 788 936 quod
808 862 1025 924 brevissimum
1047 871 1111 938 εει,
1141 865 1170 922 in

191 958 371 1010 transcursu
392 946 510 1018 datum,
528 961 687 1020 praesens.
712 946 865 1021 praeteriti
879 963 948 1006 rara
963 947 1111 1006 memoria
1126 955 1174 1007 est

151 1048 249 1104 13nec
268 1046 412 1106 umquam
434 1037 597 1090 revocatur
616 1029 675 1090 nisi
703 1030 907 1105 praesentium
933 1044 1076 1090 occursu.
1111 1047 1171 1092 non

194 1122 295 1191 potest
315 1129 389 1188 ergo
410 1113 563 1188 perfectae
584 1120 709 1173 naturae
729 1114 844 1173 bonum
864 1115 894 1173 in
913 1113 1084 1188 inperfecta
1099 1130 1171 1174 esse

191 1207 314 1261 natura:
336 1203 388 1258 aut
402 1197 429 1258 si
442 1203 523 1257 mula
534 1197 676 1257 animalia
689 1196 802 1256 habent
815 1196 890 1271 hoc,
913 1197 1027 1258 habent
1050 1205 1081 1259 ει
1095 1205 1170 1258 sata.

190 1283 252 1343 Neo
267 1282 341 1342 illud
357 1296 452 1356 nego,
468 1280 507 1339 ad
522 1296 574 1352 ea,
592 1296 671 1354 quaa
682 1281 822 1341 videnlur
835 1282 1006 1342 secundum
1022 1287 1171 1353 naturam,

191 1382 319 1442 magnos
334 1380 406 1426 esse
426 1363 516 1424 mulis
531 1363 713 1424 animalibus
730 1364 851 1439 inpetus
866 1372 897 1425 ει
911 1363 1098 1438 concitatos,
1115 1366 1170 1426 sed

190 1451 380 1512 inordinatos
402 1463 437 1508 ac
459 1447 615 1508 turbidos=
637 1464 802 1524 numquam
824 1456 923 1509 autem
945 1455 996 1508 aui
1017 1449 1170 1509 inordina-

151 1542 252 1609 19lum
269 1542 316 1594 εει
330 1535 445 1597 bonum
459 1538 512 1593 aut
524 1530 687 1592 turbidum.
719 1531 822 1606 „Quid
837 1540 933 1608 ergot
952 1533 1070 1608 inquis:
1089 1541 1171 1594 muta

190 1617 332 1679 anionalia
352 1616 528 1692 perturbate
549 1623 579 1676 ει
593 1615 776 1691 indisposite
792 1622 998 1677 moventur‘t“
1030 1617 1170 1676 Dicerem

190 1702 240 1760 illa
264 1702 438 1776 perturbate
458 1706 488 1759 et
506 1697 690 1774 indisposite
711 1701 843 1775 moveri,
870 1701 896 1761 si
917 1707 1026 1761 natura
1049 1700 1170 1763 illorum

191 1783 329 1845 ordinem
356 1791 506 1860 caperata
530 1799 610 1843 nuno
639 1791 800 1844 moventur
828 1785 998 1845 secundum
1028 1792 1168 1845 naturam

191 1884 287 1929 suam.
315 1868 532 1943 perturbatum
543 1867 622 1926 enim
638 1867 745 1942 idest,
769 1869 852 1944 quod
867 1884 939 1929 esse
953 1869 1121 1944 aliquando
1141 1876 1171 1929 ει

191 1969 250 2013 non
268 1951 474 2027 perturbatum
489 1958 605 2026 potesta
629 1951 790 2012 sollicitum
805 1959 866 2026 εει,
883 1953 964 2028 quod
979 1959 1083 2027 potest
1098 1969 1170 2012 esse

191 2051 343 2097 securum.
375 2035 446 2095 nulli
468 2034 570 2095 vitium
593 2042 654 2107 est,
681 2036 739 2094 nisi
766 2034 815 2096 cui
841 2037 935 2097 virtus
958 2042 1169 2111 potestesse:

148 2120 280 2188 romulis
304 2116 485 2178 animalibus
506 2117 574 2179 talis
594 2134 634 2177 ex
650 2125 758 2179 natura
773 2135 830 2180 sua
841 2127 941 2181 molus
957 2127 1013 2180 est.
1047 2119 1110 2180 Sed
1130 2137 1169 2180 ne

189 2210 218 2262 ιε
240 2202 293 2261 diu
314 2208 448 2274 teneam,
469 2200 525 2261 erit
546 2201 712 2277 aliquando
734 2205 877 2279 [aliquod]
898 2204 1012 2263 bonum
1033 2203 1061 2262 in
1086 2212 1168 2264 muto

189 2284 325 2358 animali,
348 2284 404 2343 erll
427 2282 530 2360 aliqua
552 2285 662 2360 vlrluS,
684 2284 742 2346 erit
762 2287 876 2363 aliquid
899 2287 1083 2362 perlectum:
1113 2288 1168 2346 sed

188 2383 245 2428 neo
260 2367 374 2430 bonum
389 2367 530 2429 absolute
541 2385 599 2429 nec
613 2371 710 2430 virtus
725 2387 782 2431 nec
798 2373 973 2446 perlectum.
997 2371 1076 2431 haec
1089 2372 1167 2430 enim

188 2453 386 2514 rationalibus
412 2453 487 2511 solis
518 2451 710 2528 contingunt,
745 2455 856 2529 quibus
883 2455 986 2514 datum
1013 2463 1062 2515 εει
1088 2455 1167 2514 scire

190 2553 299 2612 quare,
328 2543 495 2612 quatenus,
524 2535 795 2612 quemadmodum:
831 2537 873 2599 ila
896 2538 1010 2598 bonum
1031 2537 1061 2598 in
1084 2540 1167 2599 nullo

146 2628 249 2695 most,
271 2621 329 2681 nisi
345 2621 373 2679 in
391 2637 452 2695 quo
467 2621 555 2682 ratio.
577 2620 642 2695 Quo
658 2639 738 2682 nunc
753 2621 903 2697 pertineat
916 2623 974 2683 ista
989 2621 1166 2698 disputatio,

189 2706 312 2778 quaeris
333 2711 362 2764 ει
382 2704 456 2778 quid
478 2705 579 2766 animo
595 2714 647 2767 tuo
663 2707 821 2781 profutura
840 2707 899 2767 sill
929 2711 1009 2779 [aon]
1033 2707 1118 2768 dico:
1138 2713 1168 2764 ει

188 2795 311 2847 exercet
326 2789 408 2848 illum
418 2796 448 2847 et
461 2789 543 2849 acuit
554 2799 584 2848 ει
599 2789 704 2863 ulique
719 2791 800 2852 aliud
815 2797 951 2850 acturum
963 2791 1167 2866 occupatione

187 2868 318 2930 honesta
342 2878 432 2931 tenet.
473 2873 600 2947 prodest
625 2879 725 2933 aulem
748 2875 838 2934 eliam
863 2875 947 2948 quod
971 2880 1109 2937 moratur
1127 2875 1165 2933 ad

188 2969 284 3027 prava
300 2962 531 3028 properantem:
555 2957 609 3016 sed
627 2956 700 3019 illud
716 2958 800 3017 dico:
823 2959 929 3020 nullo
950 2959 1061 3019 modo
1080 2974 1166 3034 pro-

188 3037 1167 3116 dessepossummagis,quamsitibibonumiuum

188 3121 371 3196 ostendo,
397 3123 428 3181 si
453 3131 529 3184 tea
552 3126 664 3184 mutis
686 3123 922 3185 animalibus
947 3141 1107 3200 separo,
1135 3127 1166 3185 si

144 3216 267 3269 mcum
290 3205 360 3266 deo
382 3223 494 3281 pono.
526 3209 618 3282 Quid,
641 3210 778 3284 inquam,
805 3210 885 3268 vires
902 3208 1044 3285 corporis
1062 3208 1119 3270 alls
1138 3218 1168 3270 el

186 3297 337 3349 exercest
373 3289 542 3364 pecudibus
564 3292 640 3352 istas
661 3293 793 3355 maiores
810 3293 944 3369 lorisque
965 3301 1075 3354 natura
1092 3310 1164 3354 con-

186 3373 289 3434 cessit.
320 3371 394 3447 quid
417 3376 534 3435 excolis
550 3376 698 3436 lormamt
724 3393 793 3437 cum
808 3377 910 3437 omnia
925 3377 1051 3453 leceris,
1069 3395 1165 3439 amu-

176 3456 216 3517 lis
230 3456 417 3520 animalibus
433 3459 548 3522 decore
561 3460 705 3522 vinceris.
733 3461 807 3536 quid
829 3460 970 3536 capillum
990 3462 1105 3539 ingenti
1123 3462 1163 3522 di
