2392 3870
244 203 415 274 EPISTUL.
429 213 524 274 MOR.
546 214 618 274 LIB.
634 215 671 273 Il.
693 213 750 273 EP.
765 222 791 278 t.
812 221 883 289 (19.)
1010 214 1051 279 ll

73 367 370 443 sumqsipotes,
394 365 1052 442 subducteistisoccupationibus.
1149 407 1152 413 -
1183 332 1186 338 4

74 453 105 512 si
131 453 273 523 minus,
302 451 421 527 eripe.
451 452 526 510 satis
547 450 673 511 multum
696 451 844 527 temporis
865 453 1052 526 sparsimus=

72 536 254 611 incipiamus
269 550 346 595 vasa
361 535 391 594 in
408 541 565 595 senectute
581 535 733 609 colligere.
753 535 908 610 Numquid
924 535 1081 604 invidio-a

74 637 140 682 sum
167 627 235 680 estt
264 621 293 679 in
316 619 393 680 ireto
411 618 560 693 viximus,
588 617 753 680 moriamur
774 621 922 695 inportu.
952 636 1053 697 neque

73 721 131 781 ego
153 705 304 766 suaserim
327 703 377 763 tibi
398 719 509 764 nomen
537 704 659 764 exotio
683 712 804 779 petere,
829 706 913 780 quod
936 720 995 764 nec
1010 706 1052 764 ia-

73 797 156 850 ctare
171 789 267 850 debes
282 803 339 847 nec
354 788 557 848 abscondere.
579 804 744 864 numquam
759 789 839 848 enim
854 804 1008 865 usqueeo
1025 797 1053 850 te

72 874 192 949 abigam
213 872 334 948 generis
351 871 474 932 humani
495 873 598 933 lurore
614 871 773 948 damnato,
794 880 827 933 ut
840 875 985 934 latebram
1001 873 1054 934 tibi

72 959 207 1032 aliquam
229 955 331 1032 parari
352 956 506 1017 oblivione
525 956 632 1016 velim=
656 957 687 1015 id
709 973 781 1032 age,
803 964 836 1021 ut
856 958 949 1019 otium
971 966 1053 1018 tuum

72 1058 133 1103 non
152 1041 297 1114 emineat,
313 1040 538 1116 sedadpareat.
560 1040 678 1101 Deinde
689 1041 836 1102 videbunt
847 1039 971 1116 deisto,
988 1043 1082 1119 qui-3

71 1126 131 1187 bus
149 1127 267 1200 integra
288 1131 358 1185 sunt
379 1132 410 1185 et
430 1124 528 1201 prima
547 1125 691 1199 consilia,
714 1141 753 1184 an
775 1125 869 1185 velint
884 1125 976 1187 vitam
996 1142 1053 1201 per

72 1210 238 1271 obscurum
256 1210 475 1270 transmittere=
505 1208 559 1269 tibi
573 1206 702 1269 liberum
717 1225 779 1269 non
793 1217 856 1270 est=
873 1211 903 1269 in
919 1210 1053 1271 medium

70 1303 100 1355 te
120 1293 246 1370 protulit
263 1292 376 1368 ingenii
394 1295 495 1368 vigor,
519 1293 702 1368 scriptorum
719 1295 886 1370 elegantia,
907 1296 1008 1354 clarae
1023 1302 1053 1356 et

71 1377 192 1440 nobiles
214 1375 373 1437 amicitiae.
402 1376 462 1437 iam
481 1377 587 1438 notitia
606 1385 637 1439 te
658 1378 778 1438 invasit.
811 1386 845 1439 ut
865 1380 895 1438 in
917 1385 1054 1439 extrema

70 1463 222 1541 mergaris
244 1478 281 1522 ac
303 1461 426 1536 penitus
446 1463 641 1537 recondariS,
662 1469 764 1523 tamen
784 1462 888 1537 priora
902 1469 1053 1522 monstra-

69 1548 156 1608 bunt.
178 1539 334 1606 Tenebras
349 1546 463 1606 habere
480 1562 540 1607 non
556 1553 657 1622 potes.
680 1552 840 1622 sequetur,
858 1549 1082 1622 quocumquel

71 1631 204 1706 fugeris,
220 1631 346 1690 multum
362 1631 510 1705 pristinae
525 1629 619 1691 lucis:
643 1629 775 1706 quietem
792 1637 881 1706 potes
895 1629 1053 1690 vindicare

71 1716 140 1776 sine
156 1715 311 1775 desiderio
326 1723 378 1774 aut
392 1731 497 1776 morsu
512 1713 603 1775 animi
620 1714 671 1775 tui.
698 1713 776 1790 Quid
791 1715 871 1774 enim
886 1714 1052 1789 relinques,

73 1800 157 1874 quod
184 1797 298 1860 invitus
319 1799 457 1859 relictum
486 1815 505 1858 a
529 1805 559 1858 te
583 1799 689 1874 possis
714 1799 871 1874 cogitaret
907 1798 1054 1858 clientes?

72 1899 204 1960 quorum
217 1897 306 1943 nemo
321 1890 351 1943 te
367 1885 468 1958 ipsum
484 1882 636 1957 sequitur,
652 1883 709 1942 sed
724 1882 840 1958 aliquid
858 1899 897 1942 ex
912 1889 951 1942 te.
968 1881 1052 1959 [ami-

74 1973 170 2040 cost]
195 1967 325 2026 amicitia
346 1967 417 2027 olim
439 1965 614 2042 petebatur,
636 1983 716 2026 nunc
740 1967 869 2042 praeda:
893 1965 1053 2026 mutabunt

71 2057 254 2113 testamenta
269 2052 404 2112 destituti
423 2066 526 2111 senes.
556 2049 696 2125 migrabit
711 2051 749 2110 ad
766 2051 847 2111 aliud
864 2051 954 2111 limen
970 2050 1053 2112 salu-

71 2144 161 2196 tator.
188 2135 256 2196 Non
271 2133 381 2211 'potest
402 2151 498 2211 parvo
518 2150 568 2195 res
590 2150 701 2209 magna
725 2144 883 2196 constare:
914 2135 1051 2210 aestima,

71 2226 173 2281 utrum
187 2225 218 2280 te
232 2220 406 2295 relinquere
421 2235 459 2278 an
475 2218 590 2294 aliquid
606 2235 645 2278 ex
659 2219 719 2279 tuis
734 2220 832 2280 malis.
851 2219 972 2280 Utinam
988 2220 1081 2295 qui-5

73 2306 143 2365 dem
159 2303 211 2363 tibi
228 2319 393 2364 senescere
407 2302 587 2378 contigisset
600 2303 679 2364 intra
693 2304 837 2365 natalium
851 2310 972 2364 tuorum
988 2320 1052 2363 mo-

73 2389 161 2461 dum,
185 2403 243 2448 nec
258 2395 289 2448 te
308 2386 339 2447 in
360 2389 453 2448 altum
475 2389 596 2448 fortuna
615 2387 763 2449 misisset:
792 2388 859 2449 tulit
878 2395 908 2448 te
928 2391 1053 2462 longea

74 2478 245 2548 conspectu
269 2471 350 2532 vitae
374 2470 506 2532 salubris
531 2472 641 2548 rapida
666 2470 808 2548 felicitas,
837 2471 998 2548 provincia
1023 2479 1075 2546 et

72 2557 258 2632 procuratio,
270 2563 300 2616 et
313 2555 459 2632 quicquid
472 2556 510 2616 ab
522 2557 588 2617 istis
599 2556 795 2631 promittitur:
812 2556 928 2617 maiora
941 2556 1053 2615 deinde

73 2641 175 2702 officia
191 2648 221 2701 te
236 2641 389 2716 excipient
404 2649 434 2702 et
449 2657 487 2701 ex
503 2641 570 2701 aliis
586 2641 653 2700 alia.
682 2639 755 2715 Quis
769 2642 870 2702 exitus
884 2642 959 2702 erit?
980 2638 1082 2715 quid6

74 2731 274 2800 [ex]spectaS,
295 2725 395 2785 donec
410 2723 557 2785 desinas?
577 2724 706 2798 habere,
728 2725 812 2800 quod
827 2726 950 2801 cupias,
966 2740 1052 2785 num·

74 2826 164 2885 quam
177 2809 235 2869 erit
245 2816 375 2885 tempus.
399 2808 523 2884 Qualem
535 2808 664 2870 dicimus
677 2809 787 2870 seriem
798 2825 869 2869 esse
881 2825 1052 2881 causarum,

73 2909 112 2954 ex
128 2892 243 2970 quibus
259 2894 388 2954 nectitur
403 2894 510 2977 latum,
534 2895 624 2954 talem
637 2909 708 2954 esse
720 2892 934 2969 cupiditatum:
959 2895 1054 2953 altera

73 2993 112 3038 ex
122 2979 185 3039 fine
197 2978 322 3039 alterius
338 2977 488 3039 nascitur:
510 2980 539 3038 in
555 2995 622 3038 eam
638 2977 792 3039 demissus
805 2993 840 3038 es
851 2978 953 3053 vitam,
974 2991 1055 3053 quae

73 3061 316 3142 numquamtibi
342 3063 501 3124 terminum
528 3063 715 3122 miseriarum
741 3079 778 3122 ac
804 3062 958 3123 servitutis
984 3063 1054 3137 ipsa

74 3147 193 3209 lactura
214 3146 262 3207 sit.
300 3145 426 3207 Subduc
450 3148 599 3207 cervicem
625 3147 696 3221 iugo
717 3149 830 3208 tritam=
854 3147 949 3206 semel
972 3145 1053 3205 illam

73 3230 165 3293 incidi
188 3247 281 3308 quam
298 3247 422 3307 semper
442 3231 539 3305 premi
561 3230 657 3291 satius
682 3239 738 3291 est.
775 3230 808 3291 Si
829 3238 860 3290 te
880 3232 920 3291 ad
936 3231 1081 3306 privatat

72 3315 230 3389 retuleris,
253 3315 370 3376 minora
383 3323 470 3376 erunt
487 3314 604 3389 omnia,
627 3315 684 3375 sed
698 3314 812 3376 affatim
828 3315 1000 3391 inplebunt=
1024 3320 1054 3372 at

73 3416 154 3462 nunc
168 3400 301 3476 plurima
321 3407 350 3460 et
370 3400 507 3475 undique
526 3399 646 3474 ingesta
659 3417 720 3460 non
737 3396 857 3460 satiant.
884 3407 985 3459 utrum
1000 3413 1052 3457 au-

73 3490 131 3545 tem
154 3485 253 3544 mavis
276 3499 315 3543 ex
336 3484 441 3559 inopia
461 3485 647 3544 saturitatem
663 3499 701 3543 an
723 3484 752 3543 in
768 3483 858 3558 copia
874 3484 1003 3542 tamem?
1023 3486 1053 3538 et
