2422 3862
148 235 213 299 240
442 239 476 298 L.
499 235 646 296 ANNAEI
667 235 843 298 SENECAE

446 441 665 501 EPISTULA
684 443 731 498 ΙΙΙ.
759 448 772 515 (
810 443 831 510 .)

399 541 510 592 Sauara
528 540 641 590 Lucrmo
661 550 713 589 suo
732 551 871 590 sanorum.

115 664 130 715 1
205 645 258 705 he
283 643 519 707 liberalibus
544 641 690 702 studiis
713 641 804 717 quid
826 643 1003 718 sentiam,
1027 645 1131 704 scire

144 730 369 791 desiderem
395 729 510 799 nullum
533 725 688 801 suspicio,
711 726 827 786 nullum
841 726 872 785 in
889 728 979 789 bonis
995 744 1129 802 numero,

145 815 228 890 quod
245 815 284 874 ad
298 828 353 874 aes
368 814 439 873 exit.
472 809 625 871 meritoria
637 809 765 870 artificia
778 809 860 885 sunt,
874 812 1023 873 hactenus
1037 810 1132 885 utilia,

144 901 170 959 si
185 904 372 974 praeparant
386 896 550 971 ingenium,
572 910 632 954 non
650 894 794 954 detinent.
833 896 948 956 tamdiu
969 898 1050 957 enim
1064 898 1132 958 istis

142 982 357 1042 inmorandum
376 987 438 1051 est,
461 978 606 1055 quamdiu
621 977 695 1036 nihil
709 978 829 1039 animus
844 995 937 1054 agere
951 982 1050 1041 maius
1066 988 1133 1057 pot·

114 1073 208 1129 uest=
229 1067 402 1126 rudimenta
422 1072 493 1124 sunt
507 1071 627 1135 nostra,
642 1078 704 1121 non
724 1078 830 1137 opera.
870 1065 970 1137 Quare
989 1066 1133 1125 libera-

143 1151 196 1211 lia
216 1149 347 1210 studia
371 1148 453 1208 dicta
473 1149 546 1221 sint,
569 1147 671 1206 vides:
698 1145 772 1221 quia
792 1147 915 1208 homine
929 1149 1025 1208 libero
1041 1149 1133 1225 digna

145 1240 224 1295 sunt.
257 1240 498 1293 ceterumunum
520 1231 653 1292 studium
674 1245 748 1289 vere
768 1231 895 1292 liberale
915 1240 977 1308 est,
999 1233 1082 1309 quod
1096 1232 1130 1291 li-

143 1318 251 1378 berum
265 1317 352 1388 iacit,
368 1316 428 1376 hoc
445 1323 494 1376 est
504 1314 689 1390 sapientiae,
706 1313 851 1389 sublime,
867 1317 960 1389 forte,
976 1317 1131 1392 magnani-

143 1418 235 1461 mum.
273 1408 374 1460 cetera
395 1401 506 1475 pusilla
520 1408 551 1460 et
566 1399 693 1473 puerilia
713 1407 798 1460 suntr
818 1416 857 1460 an
874 1408 907 1460 tu
922 1402 1086 1477 quicquam
1102 1402 1131 1460 in

143 1487 210 1546 istis
234 1485 335 1545 credis
359 1500 431 1545 esse
455 1483 544 1556 honi,
571 1499 702 1558 quorum
723 1485 920 1558 professores
934 1486 1133 1559 turpissimos

143 1569 277 1630 omnium
293 1585 330 1629 ac
352 1568 611 1644 flagitiosissimos
627 1566 751 1627 cernisl
791 1570 870 1629 Non
891 1569 1046 1628 discere
1066 1570 1132 1627 de-

141 1654 382 1727 bemusista,
406 1654 474 1714 sed
495 1651 698 1712 didicisse.
738 1652 864 1726 Quidam
878 1652 953 1712 illud
967 1652 1006 1711 de
1020 1651 1131 1711 libera-

142 1736 224 1798 libus
239 1737 348 1798 studiis
370 1736 580 1813 quaerendum
601 1734 827 1810 iudicaverunt,
847 1753 885 1796 an
900 1736 1000 1795 virum
1016 1735 1131 1795 bonurn

144 1821 294 1882 iacerent:
323 1837 363 1881 ne
384 1819 562 1897 promittunt
582 1820 706 1895 quidam
728 1836 785 1880 nec
807 1821 899 1881 huius
913 1819 958 1879 rei
972 1820 1132 1880 scientiam

114 1904 307 1967 tadiectant.
345 1905 623 1966 Grammaticus
639 1905 721 1964 circa
735 1921 839 1965 curam
855 1905 1005 1965 sermonis
1026 1919 1133 1963 versa-

141 1997 190 2049 tur
207 1998 251 2063 et,
273 1989 301 2050 si
315 1993 405 2050 latius
421 1988 546 2065 evagari
559 1990 639 2062 vult,
661 1988 742 2047 circa
763 1989 922 2061 historias,
944 1989 1005 2048 iam
1019 1996 1052 2049 ut
1065 1989 1131 2048 lon-

142 2072 269 2146 gissime
289 2075 367 2134 lines
388 2090 463 2134 suos
486 2075 635 2149 proierat,
656 2073 739 2131 circa
757 2074 900 2132 carmina.
934 2073 1008 2148 quid
1022 2071 1130 2131 horum

143 2154 183 2214 ad
198 2157 339 2217 virtutem
357 2157 437 2217 viam
452 2156 581 2218 sternit?
608 2156 796 2233 syllabarum
812 2158 963 2217 enarratio
979 2165 1008 2216 et
1023 2154 1132 2216 verbo-

142 2255 209 2297 rum
225 2239 380 2315 diligentia
394 2249 424 2301 et
440 2242 610 2301 tabularum
632 2241 779 2300 memoria
799 2249 829 2301 et
851 2257 996 2302 versuum
1022 2241 1074 2298 lex
1095 2255 1132 2298 ac

144 2322 351 2384 modificatio?
390 2325 464 2400 quid
485 2342 525 2384 ex
539 2326 587 2385 his
604 2331 715 2384 metum
731 2325 838 2397 demit,
856 2324 1051 2401 cupiditatem
1068 2325 1132 2382 exi-

113 2405 205 2479 amit
221 2407 374 2468 libidinem
390 2410 509 2469 frenati
550 2409 613 2484 (Ad
628 2410 825 2484 geometriam
839 2417 1032 2471 transeamus
1047 2407 1130 2469 etad

143 2492 296 2551 musicen:
312 2492 386 2552 nihii
408 2493 490 2568 apud
505 2493 573 2553 illas
588 2493 737 2566 invenies,
754 2493 839 2567 quod
852 2500 935 2553 vetet
948 2495 1063 2564 timere,
1079 2507 1130 2551 ve-

143 2581 185 2634 tet
200 2581 337 2651 cupere.)
376 2577 518 2652 quisquis
533 2577 611 2636 haec
625 2577 761 2652 ignorat,
787 2579 847 2637 alia
861 2578 973 2638 trustra
988 2576 1061 2637 scit:
1087 2576 1126 2633 vi·

144 2658 293 2733 dandum,
315 2669 416 2720 utrum
431 2663 562 2722 doceant
579 2660 630 2721 isti
646 2660 785 2721 uirtutem
801 2677 838 2721 an
856 2677 933 2720 non:
956 2663 983 2721 si
998 2677 1059 2722 non
1077 2660 1132 2719 do-

144 2749 220 2814 cent,
235 2759 273 2801 ne
287 2745 410 2804 tradunt
425 2745 559 2819 quidem.
596 2745 623 2804 si
638 2744 758 2820 docent,
774 2745 951 2821 philosophi
966 2754 1045 2806 sunt.
1083 2745 1131 2803 vis

143 2824 232 2896 scire,
249 2842 339 2899 quam
355 2843 417 2886 aon
437 2828 478 2887 ad
492 2827 663 2889 docendam
677 2829 820 2890 virtutem
834 2830 1051 2905 consederint?
1077 2828 1132 2887 ad·
1168 2855 1170 2863 ·

143 2907 243 2980 spice,
262 2925 351 2982 quam
370 2908 530 2974 dissimilia
545 2914 622 2973 inter
637 2929 672 2972 se
686 2915 819 2974 omnium
839 2915 940 2974 studia
954 2915 1028 2974 sint:
1048 2913 1133 2987 atqui

114 2989 307 3084 tsimilitudo
323 3000 407 3054 esset
419 2995 499 3054 idem
516 2997 699 3058 docentium.
733 2999 792 3059 nisi
808 3000 885 3060 forte
899 2998 952 3058 tibi
965 2998 1133 3058 Homerum

142 3071 362 3150 philosophum
379 3078 476 3140 luisse
493 3082 740 3156 persuade[a]ut,
763 3100 832 3143 cunr
845 3083 894 3144 his
908 3081 1002 3157 ipsis,
1018 3082 1131 3157 quibus

144 3156 297 3232 colligunt,
312 3170 438 3237 negent:
454 3181 523 3223 nam
539 3166 631 3225 modo
648 3165 784 3227 Stoicam
798 3169 880 3228 illum
896 3166 1019 3239 iaciant,
1034 3165 1132 3226 virtu·

142 3244 203 3297 tem
219 3244 316 3304 solam
332 3248 509 3321 probantem
525 3257 556 3308 et
568 3252 742 3327 voluptates
757 3253 956 3326 refugientem
974 3257 1004 3309 et
1018 3249 1056 3309 ab
1075 3250 1132 3309 ho-

143 3333 233 3386 nesto
255 3344 294 3387 ne
315 3329 536 3392 inmortalitatis
553 3333 676 3406 quidem
692 3335 790 3410 pretio
804 3335 1014 3407 recedentem,
1037 3335 1132 3394 modo

141 3402 339 3488 Epicureum,
364 3418 539 3478 laudantem
564 3425 674 3477 statum
701 3420 822 3494 quietae
848 3418 977 3480 civitatis
1001 3425 1032 3478 et
1051 3416 1133 3477 inter

143 3496 284 3556 convivia
300 3508 468 3574 cantusque
483 3500 576 3560 vitam
592 3503 758 3577 exigentis,
778 3503 871 3565 modo
885 3500 1131 3576 Peripateticum,
