2422 3862
189 219 254 283 224
477 218 509 277 L.
533 217 680 277 Addam
701 216 875 278 SENECAE

718 373 859 446 liquentia
875 375 964 434 mella

338 459 451 532 stipent
462 461 492 516 et
504 455 588 516 dulci
600 455 771 516 &andam
783 461 903 517 nectare
916 460 1016 521 celtas.

159 541 233 604 ilie
247 538 308 600 illis
326 556 387 600 non
409 537 485 600 satis
501 545 636 612 constat,
658 546 758 614 utrum
774 555 901 600 succum
917 555 956 600 ex
972 539 1102 603 floribus
1117 542 1172 604 du·

187 633 266 696 cant,
285 623 337 700 qui
353 624 491 699 protinus
508 624 568 682 mel
583 623 636 695 sit,
660 638 699 682 an
715 624 1013 698 quoe'collegerunt,
1038 625 1069 685 in
1090 626 1172 690 huuc

187 722 330 783 saporem
351 708 482 769 mixtura
498 706 629 782 quadam
646 714 677 766 et
698 708 883 782 proprietate
898 709 1025 783 spiritus
1043 710 1091 770 sui
1107 728 1171 771 mu·

187 799 258 852 tent.
283 791 467 866 quibusdam
492 790 571 849 enim
595 791 696 864 placet
717 808 778 852 non
800 791 931 852 iaciendi
951 793 1050 853 mellis
1072 795 1170 854 scien·

188 876 259 935 tiam
275 890 347 935 esse
363 875 436 949 illis,
456 873 512 935 sed
533 873 704 949 colligendi.
726 876 809 935 aiunt
828 875 957 935 inveniri
978 877 1062 951 apud
1077 878 1171 939 Indos

187 960 247 1020 mel
270 957 301 1017 in
329 959 510 1027 arundinum
539 957 635 1030 loliis,
662 960 745 1033 quod
767 955 819 1018 aut
841 975 894 1022 ros
916 960 998 1021 illius
1020 962 1099 1021 coeli
1119 969 1170 1022 aut

187 1042 286 1119 ipsius
307 1042 465 1104 arundinis
485 1041 595 1102 humor
617 1041 714 1102 duleis
735 1050 765 1103 et
786 1044 929 1118 pinguior
943 1043 1048 1120 gignit.
1071 1044 1102 1105 in
1118 1063 1171 1108 no·

187 1128 259 1189 stris
277 1143 402 1203 quoque
417 1125 520 1187 herbis
535 1125 597 1185 vim
614 1127 767 1201 eamdem,
793 1128 850 1188 sed
865 1128 967 1189 minus
980 1128 1172 1190 manifestam

186 1218 217 1272 et
231 1211 393 1272 notabilem
410 1210 499 1286 poni,
516 1227 609 1286 quam
624 1217 828 1285 persequatur
840 1219 873 1272 et
886 1212 1044 1274 conhahat
1060 1213 1172 1273 aninlal

186 1295 259 1355 huic
278 1296 323 1354 rei
344 1295 487 1369 genitum
511 1294 635 1370 quidam
650 1295 824 1356 existimant
844 1295 1005 1358 conditura
1019 1304 1050 1357 et
1064 1296 1169 1372 dispo-

133 1378 139 1389 ’
187 1379 296 1441 sitione
311 1377 342 1437 in
358 1379 437 1438 hanc
452 1378 626 1454 qualitatem
639 1379 722 1451 verti,
740 1395 819 1455 quae
833 1395 874 1440 ex
827 1366 1057 1442 'tenerrimis
1071 1381 1170 1440 viren-

186 1463 259 1524 tium
280 1460 516 1538 florentiumque
537 1424 764 1538 decerpserint,
788 1481 850 1526 non
871 1462 939 1524 sine
961 1466 1113 1538 quodam,
1140 1471 1173 1525 ut

186 1548 228 1607 ita
247 1545 361 1618 dicem,
386 1549 549 1620 termento,
581 1563 642 1621 quo
670 1547 701 1606 in
722 1565 815 1608 uuum
837 1548 961 1608 diversa
983 1551 1170 1626 coalescunt.

157 1646 173 1698 5
187 1630 250 1691 Sed
265 1645 304 1690 ne
319 1632 359 1690 ad
374 1632 456 1691 aliud
472 1646 563 1704 quam
584 1630 623 1689 de
638 1645 701 1706 quo
717 1633 831 1706 agitur,
847 1632 994 1705 abducar,
1019 1649 1077 1694 nos
1094 1648 1170 1706 quo·

187 1730 248 1790 que
268 1715 324 1773 has
348 1730 443 1789 apes
465 1715 647 1774 debemus
669 1715 810 1775 imitari
839 1723 876 1776 et
902 1731 1171 1790 quaecumque

186 1814 232 1857 ex
258 1798 417 1859 diversa
444 1798 616 1858 lectione
645 1800 932 1874 congessimus,
970 1814 1170 1874 separare.

186 1881 295 1942 melius
312 1883 392 1941 enim
408 1881 549 1942 distincta
565 1889 733 1942 servantur.
756 1882 900 1942 deinde
921 1881 1099 1942 adhibita
1120 1881 1172 1941 in-

185 1965 291 2042 genii
306 1966 431 2027 nostri
446 1973 590 2026 curaet
605 1967 792 2027 facultate
812 1965 848 2024 in
866 1982 975 2026 unum
991 1982 1169 2041 saporem

185 2051 294 2109 varia
315 2050 382 2110 illa
403 2049 614 2110 libamenta
636 2049 890 2123 confundere,
912 2056 960 2121 ut,
982 2050 1100 2109 etiamsi
1116 2050 1168 2109 ad-

188 2134 330 2208 paruerit,
345 2136 427 2195 unde
439 2140 597 2209 sumptum
613 2134 661 2206 sit,
677 2133 758 2193 aliud
776 2140 877 2193 tamen
893 2148 1071 2208 essequam
1086 2133 1169 2192 unde

186 2225 341 2291 sumptum
358 2226 418 2289 est,
435 2217 599 2294 adpareat,
616 2218 698 2293 quod
714 2218 743 2277 in
760 2233 891 2292 corpore
906 2224 1012 2278 nostro
1029 2217 1168 2277 videmus

49 2369 54 2386 ,
156 2300 253 2365 6sine
272 2301 334 2361 ulla
355 2317 450 2376 opera
470 2310 577 2364 nostra
598 2302 701 2362 lacere
720 2309 874 2363 nuturum=
904 2299 1061 2375 alimenta,
1089 2317 1169 2376 quae

186 2384 378 2460 accepimus,
400 2385 544 2460 quamdiu
565 2387 595 2446 in
612 2402 669 2447 sua
685 2388 829 2461 qualitate
844 2385 1011 2461 perdurant
1026 2393 1057 2446 et
1070 2385 1170 2446 solida

185 2469 322 2530 innatant
343 2469 517 2544 stomacho,
545 2486 640 2531 onera
665 2477 751 2530 sunt:
784 2477 815 2530 at
840 2485 909 2530 cum
935 2485 975 2529 ex
999 2485 1053 2544 eo,
1085 2469 1170 2544 quod

186 2560 281 2626 erant,
297 2560 410 2614 mutata
425 2562 509 2628 sunt,
532 2562 604 2615 tune
619 2554 743 2614 demum
757 2554 786 2613 in
803 2553 885 2615 vires
899 2560 930 2614 et
943 2553 972 2613 in
988 2554 1169 2627 sanguinem

185 2645 359 2699 transeunt:
382 2637 464 2698 idem
479 2639 509 2697 in
525 2638 587 2712 his,
610 2637 721 2712 quibus
736 2639 859 2698 aluntur
873 2638 1011 2713 ingenia,
1032 2644 1170 2712 praeste-

186 2738 270 2795 muS,
299 2729 332 2782 ut
355 2737 567 2797 quaecamque
591 2720 765 2796 hausimus
795 2738 857 2783 non
880 2722 1030 2798 patiamur
1054 2722 1169 2793 integro

157 2809 175 2865 'l
187 2820 273 2876 esse,
298 2820 336 2864 ne
357 2804 456 2865 aliena
478 2804 548 2866 sint.
574 2820 807 2881 concoquamus
822 2806 887 2866 illa=
911 2807 1045 2881 alioquin
1062 2801 1093 2864 ιἰι
1108 2819 1172 2864 me-

187 2889 312 2948 moriam
328 2887 423 2961 ibunt,
439 2905 500 2949 non
515 2890 545 2950 iu
560 2888 723 2964 ingenium.
746 2890 954 2951 adsentiamur
967 2890 1026 2950 illie
1040 2888 1172 2949 fideliter

186 2980 217 3032 et
231 2978 336 3032 nostra
352 2973 507 3047 iaciamus,
523 2980 557 3033 ut
570 2990 665 3034 unum
680 2974 826 3050 quiddam
840 2975 893 3036 liat
907 2991 946 3034 ex
962 2974 1073 3046 multis,
1093 2972 1171 3033 sicut

186 3071 267 3116 unus
288 3071 433 3117 numems
454 3058 488 3117 lit
505 3073 544 3117 ex
565 3058 708 3133 singulis,
738 3074 807 3119 cum
828 3057 962 3119 minores
984 3073 1120 3118 summas
1141 3063 1171 3115 et

187 3138 373 3201 dissidentes
395 3143 571 3218 conputatio
593 3158 654 3203 una
674 3143 904 3218 conprehendit.
925 3142 985 3200 hoc
1001 3142 1092 3201 iaciat
1107 3139 1171 3199 ani·

186 3241 255 3284 mus
269 3232 391 3286 noster:
406 3226 516 3297 omnia,
533 3225 645 3301 quibus
661 3235 709 3288 est
723 3226 856 3302 adiutus,
872 3227 1052 3297 abscondat,
1068 3226 1170 3298 ipsum

157 3314 300 3370 stantum
318 3308 474 3382 ostendat,
497 3310 580 3384 quod
596 3309 706 3370 effecit.
741 3311 839 3372 Etiam
856 3311 883 3371 si
899 3310 985 3371 cuius
1000 3311 1029 3369 io
1052 3315 1082 3368 te
1097 3324 1170 3367 con·

187 3393 306 3468 parebit
322 3391 504 3467 similitudo,
526 3409 618 3469 quem
637 3393 796 3456 admiratio
811 3395 865 3456 tibi
880 3393 969 3455 altius
990 3392 1104 3461 fixerit,
1127 3388 1169 3450 si-

186 3478 287 3540 milem
302 3494 374 3538 esse
391 3484 419 3536 te
436 3477 505 3537 volo
521 3478 677 3553 quomodo
697 3477 808 3553 lilium,
834 3495 894 3539 non
916 3477 1071 3555 quomodo
1095 3473 1167 3533 ima·
