2422 3862
55 237 102 273 xrr
443 221 676 277 PRAEFATIO.

58 363 91 412 ab
108 360 259 426 Hieronymo
280 359 374 423 petivi,
395 361 438 421 qui
460 372 612 421 quamquam
631 375 712 410 rerum
733 363 845 413 ordinem
865 378 909 427 pro
926 364 980 413 suis
998 370 1076 416 ratio-

53 428 306 490 nibus'i'r'nmutavit,
329 427 409 477 multa
430 429 455 477 in
479 428 580 477 brevius
606 433 743 494 contraxit,
769 431 849 481 multa
864 434 971 498 abrupte
989 437 1075 499 posuit

52 509 79 551 et
104 506 251 549 ornamenta
273 494 385 546 Senecae
409 503 530 547 consueta
553 496 702 562 plerumque
721 501 843 566 detraxit,
873 511 955 553 tamen
982 503 1006 552 ia
1032 506 1073 566 iis,

54 583 121 633 quae
139 582 188 632 ego
205 580 272 616 nunc
289 566 385 630 primus
400 565 503 627 addidi,
526 572 562 614 tot
581 575 717 632 supersunt
739 583 769 619 ac
788 577 839 620 tam
859 572 992 621 manifesta
1007 573 1070 624 indi·
1118 572 1121 578 ’

50 640 106 700 cia,
132 650 197 699 quae
221 632 343 685 Senecam
363 643 492 684 auctorem
515 635 638 699 prodant,
670 644 698 686 ιιι
721 639 803 704 magis
826 655 926 703 verear,
953 655 985 690 ne
1007 643 1073 692 iusto

53 706 176 773 pauciora
195 719 271 768 quam
288 719 321 754 ne
339 705 406 753 iusto
425 703 499 768 plura
513 703 680 766 adsciverim3
697 709 829 772 repudiavi
848 711 915 759 enim
941 724 986 772 ea,
1008 726 1073 773 quae

52 775 170 839 quamvis
183 780 333 839 argumento
350 788 364 823 a
384 771 480 823 Seneca
501 787 553 822 nou
569 773 748 835 abhorrerent,
775 778 799 827 iu
817 777 899 829 lorma
913 787 997 828 tamen
1018 795 1073 829 ora-
1119 834 1121 838 Α

50 845 128 896 tionis
151 843 216 894 nihii
237 842 371 902 haberent,
395 842 463 905 quod
487 842 519 892 de
537 841 634 893 Seneca
657 846 771 910 cogitare
789 856 904 912 cogerem
929 848 960 897 de
984 849 1073 908 ordine

51 929 111 966 vero
130 912 221 962 horum
237 911 437 976 fragmentorum
450 918 532 975 potest
546 912 616 962 varia
632 915 757 964 sententia
774 930 845 975 esse;
863 932 911 982 ego
923 931 980 966 eum
994 916 1071 982 elegi,

52 998 126 1047 quem
145 997 196 1032 non
214 980 323 1031 dixerim
339 980 412 1030 unice
433 995 520 1031 verum
544 995 601 1030 esse
624 982 670 1033 sed
688 991 769 1033 tamen
792 984 882 1045 talem,
909 983 991 1048 qualis
1015 1001 1071 1036 esse

49 1051 172 1119 potuerit.
203 1048 276 1109 Quod
291 1057 423 1114 praeterea
440 1049 588 1115 adiungitur
604 1066 637 1100 ex
654 1051 756 1103 schedis
772 1051 883 1104 Sadoleti
901 1054 1070 1119 fragmentum

48 1121 93 1186 88,
106 1128 242 1186 postquam
253 1118 414 1169 doctissimae
429 1119 622 1182 jurisconsultos
638 1127 662 1169 et
677 1135 758 1187 nuper
768 1121 896 1173 Osannum
910 1126 1031 1190 exercuit,
1044 1126 1072 1174 id
1117 1158 1120 1163 ,

48 1206 98 1257 ego
116 1190 152 1239 ita
167 1189 306 1254 genuinum
318 1201 374 1238 esse
387 1201 467 1253 nego,
486 1189 509 1238 si
520 1197 639 1253 parentes
655 1190 707 1239 sint
719 1205 765 1255 pro
779 1193 893 1256 cognatis
908 1192 983 1253 dicti;
1004 1193 1069 1256 quod

51 1276 83 1310 ne
96 1259 155 1322 ilat,
175 1273 264 1308 vocem
280 1264 335 1308 octo
352 1265 396 1306 aut
413 1256 546 1307 delendam
566 1258 675 1308 dixerim
693 1267 737 1309 ant
755 1262 831 1324 paulo
845 1268 904 1325 post
914 1262 1069 1325 ponendam,

50 1338 78 1379 ut
97 1343 154 1378 cunr
173 1328 265 1377 vicinis
282 1327 459 1391 coniungatur.
502 1325 618 1376 Ceterum
639 1327 709 1377 locus
731 1327 788 1391 bic,
812 1325 939 1392 siquidem
959 1329 1070 1380 Senecae

49 1405 97 1460 est,
117 1398 182 1446 sitne
201 1411 233 1446 ex
250 1395 314 1445 libro
331 1395 364 1446 ds
381 1396 540 1446 matrimonio
552 1397 660 1460 petitus,
681 1397 753 1447 cuius
773 1399 864 1448 notitia
888 1398 932 1448 uni
949 1398 1070 1465 Hierony-

49 1483 91 1518 mo
108 1467 228 1526 debetur,
251 1467 346 1515 incerta
364 1465 507 1515 coniectura
530 1473 581 1525 est3
604 1474 663 1515 snut
687 1475 819 1530 praeterea
836 1467 911 1517 etiam
929 1468 980 1517 alia
1004 1468 1070 1535 freg-

47 1544 149 1598 menta,
169 1550 235 1598 quae
250 1535 318 1584 unde
335 1534 415 1599 petita
431 1534 495 1592 sint,
513 1548 562 1583 non
580 1536 706 1598 proditum
725 1543 777 1596 est3
800 1537 934 1599 inquibus
952 1539 1070 1587 omuibus

49 1604 204 1656 collocandis
224 1611 326 1654 secutus
350 1617 406 1653 sum
422 1602 462 1653 vel
481 1604 625 1668 argumenti
643 1603 835 1655 similitudinem
851 1604 892 1655 vel
911 1604 961 1655 alia
980 1607 1003 1657 si
1019 1621 1069 1669 qua

44 1685 120 1726 erant
139 1674 246 1734 indicia,
265 1688 347 1736 neque
364 1672 413 1721 hoc
430 1671 494 1721 mihi
509 1687 595 1736 sumo,
614 1681 642 1722 ut
659 1673 684 1723 in
703 1675 820 1724 omnibus
834 1689 920 1724 verum
933 1682 1013 1724 meet
1031 1676 1068 1724 lo·

45 1760 106 1796 cum
125 1753 150 1794 et
167 1744 281 1795 ordinem
301 1743 429 1794 invenisse
447 1741 597 1795 existimem.

119 1813 238 1875 Sequitur
257 1811 377 1876 deinceps
396 1810 459 1859 liber
487 1811 527 1861 de
554 1811 711 1860 remediis
736 1810 963 1870 fortuitorum,
991 1826 1067 1878 quem
1114 1805 1120 1822 '

44 1898 110 1949 ego,
127 1883 149 1931 si
166 1897 239 1945 quem
258 1881 349 1941 alium,
370 1880 508 1946 genuinum
523 1877 635 1930 Senecae
652 1894 709 1929 esse
729 1881 848 1938 arbitron
871 1880 969 1944 excipio
993 1894 1068 1944 prae·
1117 1878 1121 1889 ’

46 1951 171 2002 lationem
184 1953 297 2015 ineptam
312 1948 381 2000 illam
396 1965 426 1999 ac
440 1950 586 2011 barbaram,
602 1949 722 2015 scriptam
741 1964 771 1998 eo
789 1957 917 2013 tempore,
937 1964 987 2012 qno
1005 1964 1068 2014 poe·

48 2029 131 2070 tarum
148 2022 251 2071 nomine
267 2018 543 2084 comprehendebantur
558 2020 577 2068 ii
590 2031 692 2077 omnes,
707 2017 751 2079 qui
763 2017 894 2082 gentilium
908 2017 1001 2066 litteris
1014 2026 1067 2067 stu-

45 2089 149 2151 derent,
175 2089 397 2154 praepositumque
422 2089 453 2138 ab
476 2087 575 2150 aliquo,
603 2088 646 2149 qui
667 2087 766 2149 etipse
786 2087 1068 2150 seinterpoetasnu-

48 2165 158 2208 meraret
176 2166 200 2207 et
219 2156 343 2219 descripto
359 2156 409 2207 hoc
427 2154 539 2206 Senecae
557 2156 620 2206 libro
642 2154 698 2218 regi
721 2153 797 2203 alicui
819 2154 859 2203 vel
881 2155 1004 2218 prodesse
1026 2155 1067 2205 rel
1107 2204 1111 2215 ,

49 2227 148 2292 placere
163 2227 252 2287 vellet;
273 2225 373 2290 excipio
390 2224 482 2274 deinde
499 2224 703 2277 additiones,
725 2237 787 2284 quas
807 2221 934 2273 oblivione
952 2223 1068 2288 sepultas

45 2312 97 2362 ego
115 2310 202 2345 rursus
220 2298 246 2346 in
264 2294 346 2344 lucem
360 2293 525 2360 proferendas
543 2292 617 2342 duxi:
636 2291 736 2354 excipio
751 2293 840 2351 etiam,
857 2299 885 2341 ut
901 2307 949 2357 par
962 2301 1008 2355 est,
1030 2292 1068 2341 lo-

49 2381 92 2414 cos
111 2363 273 2415 librariorum
288 2364 357 2414 vitiis
374 2364 540 2427 depravatos,
559 2359 602 2422 qui
619 2359 718 2423 quidem
732 2375 782 2411 nou
795 2360 882 2424 plures
900 2362 1001 2410 suntin
1020 2361 1069 2411 hoc

46 2433 111 2484 libro
129 2449 205 2497 quam
223 2435 249 2483 in
268 2432 338 2497 aliis,
362 2446 469 2494 quorum
492 2443 543 2479 non
570 2436 670 2477 exstant
691 2429 763 2478 codd.
783 2445 845 2482 mss.
865 2437 946 2480 aetate
960 2436 984 2479 et
1002 2432 1068 2480 iute-

47 2504 138 2568 gritate
157 2505 284 2568 insignem
304 2500 413 2562 denique
430 2499 512 2549 fateor
526 2496 616 2557 etiam,
633 2496 772 2547 detractam
787 2513 843 2548 esse
853 2497 965 2548 Senecae
984 2500 1067 2564 ipsius
1106 2559 1111 2567 ν

47 2579 91 2621 aut
108 2571 305 2637 praelationem,
326 2571 349 2618 si
367 2582 416 2630 qua
435 2567 496 2628 luit,
512 2573 555 2614 aut
573 2572 640 2615 certe
654 2566 767 2627 initium,
790 2575 814 2617 et
828 2568 966 2617 verisimile
984 2577 1022 2618 est
1042 2570 1068 2618 in
1103 2567 1109 2580 ”

47 2639 152 2704 reliquis
171 2656 272 2705 quoque
292 2638 350 2688 libri
365 2637 481 2700 partibus
499 2635 596 2685 abiecta
613 2649 669 2684 esse
688 2636 823 2696 nonnulla,
847 2652 911 2699 quae
929 2637 1068 2701 praelatio-

45 2709 87 2759 nis
111 2710 228 2776 scriptori
250 2709 336 2758 minus
358 2705 529 2770 placuissent3
553 2711 701 2769 argumento
725 2712 762 2755 est
786 2707 842 2770 ipsa
865 2704 923 2756 libri
945 2706 1067 2766 brevitas,

47 2793 113 2840 quae
132 2779 158 2826 in
175 2778 271 2829 Seneca
285 2775 364 2826 nimia
382 2775 496 2836 videtur,
515 2781 539 2823 et
554 2788 641 2823 rursus
654 2775 751 2837 =capitis
768 2774 849 2823 ultimi
866 2775 1014 2840 longitudo,
1040 2776 1067 2825 in

46 2861 97 2907 quo
114 2861 205 2911 parum
227 2842 347 2897 credibile
370 2852 409 2894 est
430 2844 514 2909 ipsum
534 2841 654 2894 Senecam
678 2843 863 2908 diligentiorem
885 2843 965 2893 luisse
990 2859 1067 2907 quam

46 2915 74 2962 iu
97 2915 196 2977 reliqua
215 2914 272 2965 libri
290 2914 409 2974 matcrla3
435 2912 533 2964 accedit
556 2913 646 2974 etiam,
678 2913 747 2975 quod
776 2925 827 2961 uuo
851 2921 918 2962 certe
938 2912 1065 2979 exemplo,

48 2982 80 3033 de
108 2999 157 3046 quo
181 2984 248 3034 inira
275 2985 373 3045 dicam,
406 2984 468 3033 satis
494 2982 652 3049 comprobari
679 2981 779 3030 videtur
805 2979 942 3044 pleniorem
973 2980 1066 3031 librum
1105 2988 1108 2993 '

42 3057 99 3099 tum
128 3053 221 3114 luisse,
250 3068 306 3104 oum
333 3054 471 3103 sententiae
497 3067 531 3102 ex
558 3067 588 3101 eo
612 3049 709 3113 aliquot
736 3052 761 3098 in
786 3049 876 3100 librum
900 3051 932 3100 de
952 3053 1067 3101 moribus

46 3121 192 3178 translatae¹
212 3131 278 3174 sunt.
327 3122 421 3173 Verum
444 3131 528 3172 tamen
548 3121 611 3171 haec
632 3119 655 3168 si
673 3120 805 3183 exceperis
825 3127 894 3168 reete
913 3121 1067 3172 contendere

47 3187 110 3238 mihi
126 3191 228 3254 videor,
249 3193 313 3244 nihil
330 3194 435 3258 reperiri
452 3193 478 3242 in
501 3190 551 3240 hoc
569 3189 648 3248 libro,
673 3188 741 3250 quod
762 3186 881 3238 falsarius
906 3187 1000 3252 aliquis
1019 3205 1067 3239 sua

46 3265 137 3320 sponte
155 3262 278 3315 adiecisse
296 3262 378 3314 videri
395 3263 492 3328 possit,
514 3266 602 3309 contra
615 3258 699 3307 omnia
715 3258 779 3307 adeo
798 3258 880 3322 ipsum
897 3255 1008 3308 Senecae
1028 3260 1066 3307 in·

46 3326 149 3386 genium
167 3332 275 3401 referre,
296 3341 324 3383 ut
350 3332 381 3381 de
405 3331 531 3382 imitatore
549 3326 604 3376 eius
621 3324 662 3376 rel
680 3326 816 3376 vaferrimo
836 3327 948 3390 cogitare
966 3342 1017 3377 nou
1034 3327 1067 3376 li·
1098 3354 1101 3360 ·

45 3400 112 3468 teat.
133 3406 207 3463 atque
224 3405 243 3452 ii
262 3402 382 3468 quidem,
408 3402 452 3464 qui
469 3398 591 3448 Senecam
609 3395 688 3459 probe
702 3402 806 3453 norunt,
827 3409 877 3444 uon
897 3396 984 3447 dubito
1004 3398 1067 3459 quin

32 3457 102 3506 milri
114 3467 254 3522 adsensuri
276 3473 345 3531 sint‚·
371 3469 473 3521 conlido
501 3473 586 3516 tamen
607 3464 683 3513 etiam
708 3464 765 3512 aliis
787 3463 903 3512 satisfieri
924 3480 1016 3529 posse,
1043 3469 1065 3516 si
