<?xml version="1.0" encoding="UTF-8"?>
<!DOCTYPE html PUBLIC "-//W3C//DTD XHTML 1.0 Transitional//EN"
    "http://www.w3.org/TR/xhtml1/DTD/xhtml1-transitional.dtd">
<html xmlns="http://www.w3.org/1999/xhtml" xml:lang="en" lang="en">
 <head>
  <title>
</title>
<meta http-equiv="Content-Type" content="text/html;charset=utf-8" />
  <meta name='ocr-system' content='tesseract 3.04.00' />
  <meta name='ocr-capabilities' content='ocr_page ocr_carea ocr_par ocr_line ocrx_word'/>
</head>
<body>
  <div class='ocr_page' id='page_1' title='image "./lannaeisenecaeo06senegoog_0471.png"; bbox 0 0 2422 3862; ppageno 0'>
   <div class='ocr_carea' id='block_1_1' title="bbox 190 238 857 303">
    <p class='ocr_par' dir='ltr' id='par_1_1' title="bbox 190 238 857 303">
     <span class='ocr_line' id='line_1_1' title="bbox 190 238 857 303; baseline -0.01 0"><span class='ocrx_word' id='word_1_1' title='bbox 190 238 252 303; x_wconf 63' lang='lat'><strong>430</strong></span> <span class='ocrx_word' id='word_1_2' title='bbox 496 243 526 298; x_wconf 85' lang='lat' dir='ltr'><strong>L.</strong></span> <span class='ocrx_word' id='word_1_3' title='bbox 542 240 679 299; x_wconf 79' lang='grc' dir='ltr'>ΑΝΝΑΕΙ</span> <span class='ocrx_word' id='word_1_4' title='bbox 694 239 857 298; x_wconf 85' lang='lat' dir='ltr'><strong>SENECAE</strong></span> 
     </span>
    </p>
   </div>
   <div class='ocr_carea' id='block_1_2' title="bbox 135 393 1172 3078">
    <p class='ocr_par' dir='ltr' id='par_1_2' title="bbox 144 393 1170 471">
     <span class='ocr_line' id='line_1_2' title="bbox 144 393 1170 471; baseline -0.005 -17"><span class='ocrx_word' id='word_1_5' title='bbox 144 407 179 463; x_wconf 83' lang='lat'><strong>94</strong></span> <span class='ocrx_word' id='word_1_6' title='bbox 189 398 342 471; x_wconf 88' lang='lat' dir='ltr'><strong>patiamur,</strong></span> <span class='ocrx_word' id='word_1_7' title='bbox 358 397 387 451; x_wconf 92' lang='lat' dir='ltr'><strong>in</strong></span> <span class='ocrx_word' id='word_1_8' title='bbox 398 396 521 451; x_wconf 89' lang='lat' dir='ltr'><strong>animum</strong></span> <span class='ocrx_word' id='word_1_9' title='bbox 532 393 650 451; x_wconf 85' lang='lat' dir='ltr'>subinde</span> <span class='ocrx_word' id='word_1_10' title='bbox 666 399 790 449; x_wconf 89' lang='lat' dir='ltr'><strong>nostrum</strong></span> <span class='ocrx_word' id='word_1_11' title='bbox 801 397 991 450; x_wconf 78' lang='lat' dir='ltr'><strong>revertanturi</strong></span> <span class='ocrx_word' id='word_1_12' title='bbox 1015 393 1107 448; x_wconf 87' lang='lat' dir='ltr'><strong>lutura</strong></span> <span class='ocrx_word' id='word_1_13' title='bbox 1118 410 1170 449; x_wconf 93' lang='lat' dir='ltr'><strong>no-</strong></span> 
     </span>
    </p>

    <p class='ocr_par' dir='ltr' id='par_1_3' title="bbox 191 478 900 557">
     <span class='ocr_line' id='line_1_3' title="bbox 191 478 900 557; baseline -0.011 -19"><span class='ocrx_word' id='word_1_14' title='bbox 191 483 234 538; x_wconf 91' lang='lat' dir='ltr'><strong>bis</strong></span> <span class='ocrx_word' id='word_1_15' title='bbox 253 478 304 557; x_wconf 85' lang='lat' dir='ltr'><strong>[in]</strong></span> <span class='ocrx_word' id='word_1_16' title='bbox 323 485 434 554; x_wconf 91' lang='lat' dir='ltr'><strong>promtu</strong></span> <span class='ocrx_word' id='word_1_17' title='bbox 448 480 503 534; x_wconf 92' lang='lat' dir='ltr'><strong>iam</strong></span> <span class='ocrx_word' id='word_1_18' title='bbox 519 484 548 532; x_wconf 92' lang='lat' dir='ltr'><strong>ut</strong></span> <span class='ocrx_word' id='word_1_19' title='bbox 564 479 714 550; x_wconf 88' lang='lat' dir='ltr'><strong>praeterita</strong></span> <span class='ocrx_word' id='word_1_20' title='bbox 725 484 900 550; x_wconf 81' lang='lat' dir='ltr'><strong>repetamus:</strong></span> 
     </span>
    </p>

    <p class='ocr_par' dir='ltr' id='par_1_4' title="bbox 191 561 1172 789">
     <span class='ocr_line' id='line_1_4' title="bbox 438 561 909 635; baseline -0.006 -16"><span class='ocrx_word' id='word_1_21' title='bbox 438 563 532 619; x_wconf 82' lang='lat' dir='ltr'><strong>sicilie</strong></span> <span class='ocrx_word' id='word_1_22' title='bbox 544 577 658 631; x_wconf 79' lang='lat' dir='ltr'><strong>manus,</strong></span> <span class='ocrx_word' id='word_1_23' title='bbox 676 565 716 617; x_wconf 86' lang='lat' dir='ltr'><strong>sic</strong></span> <span class='ocrx_word' id='word_1_24' title='bbox 726 579 777 618; x_wconf 87' lang='lat' dir='ltr'><strong>ora</strong></span> <span class='ocrx_word' id='word_1_25' title='bbox 786 561 909 635; x_wconf 80' lang='lat' dir='ltr'><strong>ferebat:</strong></span> 
     </span>
     <span class='ocr_line' id='line_1_5' title="bbox 191 645 1172 721; baseline -0.003 -16"><span class='ocrx_word' id='word_1_26' title='bbox 191 650 285 721; x_wconf 80' lang='lat' dir='ltr'>imago</span> <span class='ocrx_word' id='word_1_27' title='bbox 303 648 451 720; x_wconf 85' lang='lat' dir='ltr'><strong>ellingatur</strong></span> <span class='ocrx_word' id='word_1_28' title='bbox 463 647 556 702; x_wconf 89' lang='lat' dir='ltr'><strong>animo</strong></span> <span class='ocrx_word' id='word_1_29' title='bbox 569 645 697 701; x_wconf 92' lang='lat' dir='ltr'><strong>notabilis</strong></span> <span class='ocrx_word' id='word_1_30' title='bbox 709 652 736 701; x_wconf 91' lang='lat' dir='ltr'><strong>el</strong></span> <span class='ocrx_word' id='word_1_31' title='bbox 748 663 763 701; x_wconf 93' lang='lat' dir='ltr'><strong>e</strong></span> <span class='ocrx_word' id='word_1_32' title='bbox 775 646 842 718; x_wconf 78' lang='lat' dir='ltr'><strong>virro</strong></span> <span class='ocrx_word' id='word_1_33' title='bbox 853 645 953 718; x_wconf 89' lang='lat' dir='ltr'><strong>petita,</strong></span> <span class='ocrx_word' id='word_1_34' title='bbox 970 662 1028 702; x_wconf 92' lang='lat' dir='ltr'><strong>non</strong></span> <span class='ocrx_word' id='word_1_35' title='bbox 1048 645 1172 702; x_wconf 83' lang='lat' dir='ltr'>evanida</span> 
     </span>
     <span class='ocr_line' id='line_1_6' title="bbox 191 740 314 789; baseline -0.016 0"><span class='ocrx_word' id='word_1_36' title='bbox 191 740 218 789; x_wconf 93' lang='lat' dir='ltr'><strong>et</strong></span> <span class='ocrx_word' id='word_1_37' title='bbox 228 740 314 788; x_wconf 86' lang='lat' dir='ltr'><strong>muta.</strong></span> 
     </span>
    </p>

    <p class='ocr_par' dir='ltr' id='par_1_5' title="bbox 187 813 1171 1394">
     <span class='ocr_line' id='line_1_7' title="bbox 438 813 922 886; baseline 0 -16"><span class='ocrx_word' id='word_1_38' title='bbox 438 815 716 880; x_wconf 64' lang='lat' dir='ltr'><strong>acclamantem</strong></span> <span class='ocrx_word' id='word_1_39' title='bbox 732 830 784 869; x_wconf 86' lang='lat' dir='ltr'><strong>oro</strong></span> <span class='ocrx_word' id='word_1_40' title='bbox 798 813 922 886; x_wconf 69' lang='lat' dir='ltr'><strong>ferebare</strong></span> 
     </span>
     <span class='ocr_line' id='line_1_8' title="bbox 190 897 1171 971; baseline -0.003 -14"><span class='ocrx_word' id='word_1_41' title='bbox 190 901 344 958; x_wconf 83' lang='lat' dir='ltr'><strong>adiciamus</strong></span> <span class='ocrx_word' id='word_1_42' title='bbox 356 899 402 954; x_wconf 92' lang='lat' dir='ltr'><strong>illa</strong></span> <span class='ocrx_word' id='word_1_43' title='bbox 415 914 487 971; x_wconf 90' lang='lat' dir='ltr'><strong>quae</strong></span> <span class='ocrx_word' id='word_1_44' title='bbox 499 899 589 970; x_wconf 92' lang='lat' dir='ltr'><strong>magis</strong></span> <span class='ocrx_word' id='word_1_45' title='bbox 601 899 638 954; x_wconf 91' lang='lat' dir='ltr'><strong>ad</strong></span> <span class='ocrx_word' id='word_1_46' title='bbox 650 915 709 955; x_wconf 91' lang='lat' dir='ltr'><strong>rem</strong></span> <span class='ocrx_word' id='word_1_47' title='bbox 720 897 873 969; x_wconf 78' lang='lat' dir='ltr'><strong>pertinent:</strong></span> <span class='ocrx_word' id='word_1_48' title='bbox 884 899 925 953; x_wconf 90' lang='lat' dir='ltr'><strong>sie</strong></span> <span class='ocrx_word' id='word_1_49' title='bbox 936 900 1116 971; x_wconf 82' lang='lat' dir='ltr'>loquebatur,</span> <span class='ocrx_word' id='word_1_50' title='bbox 1130 900 1171 954; x_wconf 90' lang='lat' dir='ltr'><strong>sic</strong></span> 
     </span>
     <span class='ocr_line' id='line_1_9' title="bbox 188 976 1171 1064; baseline -0.002 -23"><span class='ocrx_word' id='word_1_51' title='bbox 188 976 263 1064; x_wconf 76' lang='grc' dir='ltr'>ΙιοῐΙΙ</span> <span class='ocrx_word' id='word_1_52' title='bbox 271 984 395 1054; x_wconf 88' lang='lat' dir='ltr'><strong>labatur,</strong></span> <span class='ocrx_word' id='word_1_53' title='bbox 408 985 449 1039; x_wconf 90' lang='lat' dir='ltr'><strong>sic</strong></span> <span class='ocrx_word' id='word_1_54' title='bbox 461 984 634 1050; x_wconf 88' lang='lat' dir='ltr'><strong>deterrebat,</strong></span> <span class='ocrx_word' id='word_1_55' title='bbox 649 983 690 1038; x_wconf 90' lang='lat' dir='ltr'><strong>sic</strong></span> <span class='ocrx_word' id='word_1_56' title='bbox 706 987 766 1037; x_wconf 89' lang='lat' dir='ltr'><strong>erat</strong></span> <span class='ocrx_word' id='word_1_57' title='bbox 776 983 804 1037; x_wconf 90' lang='lat' dir='ltr'><strong>in</strong></span> <span class='ocrx_word' id='word_1_58' title='bbox 815 982 910 1038; x_wconf 91' lang='lat' dir='ltr'><strong>dando</strong></span> <span class='ocrx_word' id='word_1_59' title='bbox 922 984 1039 1038; x_wconf 93' lang='lat' dir='ltr'><strong>consilio</strong></span> <span class='ocrx_word' id='word_1_60' title='bbox 1051 983 1171 1056; x_wconf 89' lang='lat' dir='ltr'><strong>expedi-</strong></span> 
     </span>
     <span class='ocr_line' id='line_1_10' title="bbox 188 1067 1168 1140; baseline -0.001 -15"><span class='ocrx_word' id='word_1_61' title='bbox 188 1077 247 1138; x_wconf 87' lang='lat' dir='ltr'><strong>tus,</strong></span> <span class='ocrx_word' id='word_1_62' title='bbox 265 1068 293 1122; x_wconf 94' lang='lat' dir='ltr'><strong>in</strong></span> <span class='ocrx_word' id='word_1_63' title='bbox 305 1068 470 1140; x_wconf 89' lang='lat' dir='ltr'><strong>accipiendo</strong></span> <span class='ocrx_word' id='word_1_64' title='bbox 483 1072 612 1140; x_wconf 89' lang='lat' dir='ltr'><strong>paratus,</strong></span> <span class='ocrx_word' id='word_1_65' title='bbox 623 1068 652 1122; x_wconf 91' lang='lat' dir='ltr'><strong>in</strong></span> <span class='ocrx_word' id='word_1_66' title='bbox 663 1067 796 1123; x_wconf 86' lang='lat' dir='ltr'><strong>mutando</strong></span> <span class='ocrx_word' id='word_1_67' title='bbox 808 1083 865 1122; x_wconf 93' lang='lat' dir='ltr'><strong>non</strong></span> <span class='ocrx_word' id='word_1_68' title='bbox 876 1068 1018 1139; x_wconf 77' lang='lat' dir='ltr'>pertinax:</span> <span class='ocrx_word' id='word_1_69' title='bbox 1036 1069 1077 1123; x_wconf 92' lang='lat' dir='ltr'><strong>sic</strong></span> <span class='ocrx_word' id='word_1_70' title='bbox 1095 1069 1168 1124; x_wconf 88' lang='lat' dir='ltr'><strong>sole·</strong></span> 
     </span>
     <span class='ocr_line' id='line_1_11' title="bbox 188 1150 1170 1225; baseline -0.002 -15"><span class='ocrx_word' id='word_1_71' title='bbox 188 1157 235 1210; x_wconf 91' lang='lat' dir='ltr'><strong>bat</strong></span> <span class='ocrx_word' id='word_1_72' title='bbox 246 1151 387 1209; x_wconf 88' lang='lat' dir='ltr'><strong>beneficia</strong></span> <span class='ocrx_word' id='word_1_73' title='bbox 400 1152 551 1208; x_wconf 82' lang='lat' dir='ltr'><strong>liberaliter</strong></span> <span class='ocrx_word' id='word_1_74' title='bbox 561 1150 639 1222; x_wconf 88' lang='lat' dir='ltr'><strong>dare,</strong></span> <span class='ocrx_word' id='word_1_75' title='bbox 650 1152 788 1223; x_wconf 75' lang='lat' dir='ltr'><strong>patienter</strong></span> <span class='ocrx_word' id='word_1_76' title='bbox 798 1150 935 1224; x_wconf 85' lang='lat' dir='ltr'><strong>perdere,</strong></span> <span class='ocrx_word' id='word_1_77' title='bbox 947 1153 988 1208; x_wconf 90' lang='lat' dir='ltr'><strong>sic</strong></span> <span class='ocrx_word' id='word_1_78' title='bbox 998 1155 1170 1225; x_wconf 83' lang='lat' dir='ltr'><strong>properabat</strong></span> 
     </span>
     <span class='ocr_line' id='line_1_12' title="bbox 187 1236 1169 1309; baseline -0.003 -15"><span class='ocrx_word' id='word_1_79' title='bbox 187 1236 345 1309; x_wconf 88' lang='lat' dir='ltr'><strong>benignitas</strong></span> <span class='ocrx_word' id='word_1_80' title='bbox 357 1237 431 1308; x_wconf 90' lang='lat' dir='ltr'><strong>eius,</strong></span> <span class='ocrx_word' id='word_1_81' title='bbox 451 1237 492 1293; x_wconf 92' lang='lat' dir='ltr'><strong>sic</strong></span> <span class='ocrx_word' id='word_1_82' title='bbox 503 1237 692 1306; x_wconf 86' lang='lat' dir='ltr'><strong>irascebatur,</strong></span> <span class='ocrx_word' id='word_1_83' title='bbox 712 1253 746 1291; x_wconf 91' lang='lat' dir='ltr'><strong>eo</strong></span> <span class='ocrx_word' id='word_1_84' title='bbox 757 1238 835 1293; x_wconf 91' lang='lat' dir='ltr'><strong>vultu</strong></span> <span class='ocrx_word' id='word_1_85' title='bbox 847 1237 882 1291; x_wconf 91' lang='lat' dir='ltr'><strong>ab</strong></span> <span class='ocrx_word' id='word_1_86' title='bbox 895 1237 984 1292; x_wconf 88' lang='lat' dir='ltr'><strong>amico</strong></span> <span class='ocrx_word' id='word_1_87' title='bbox 994 1238 1169 1307; x_wconf 89' lang='lat' dir='ltr'><strong>vincebatur,</strong></span> 
     </span>
     <span class='ocr_line' id='line_1_13' title="bbox 188 1321 1169 1394; baseline -0.001 -16"><span class='ocrx_word' id='word_1_88' title='bbox 188 1340 244 1394; x_wconf 94' lang='lat' dir='ltr'><strong>quo</strong></span> <span class='ocrx_word' id='word_1_89' title='bbox 256 1323 347 1377; x_wconf 93' lang='lat' dir='ltr'><strong>solent</strong></span> <span class='ocrx_word' id='word_1_90' title='bbox 357 1322 488 1378; x_wconf 75' lang='lat' dir='ltr'><strong>vincerer</strong></span> <span class='ocrx_word' id='word_1_91' title='bbox 507 1325 616 1376; x_wconf 89' lang='lat' dir='ltr'><strong>ceteras</strong></span> <span class='ocrx_word' id='word_1_92' title='bbox 627 1321 743 1379; x_wconf 88' lang='lat' dir='ltr'><strong>virtutes</strong></span> <span class='ocrx_word' id='word_1_93' title='bbox 757 1337 952 1392; x_wconf 90' lang='lat' dir='ltr'><strong>pererremus,</strong></span> <span class='ocrx_word' id='word_1_94' title='bbox 964 1322 993 1377; x_wconf 92' lang='lat' dir='ltr'><strong>in</strong></span> <span class='ocrx_word' id='word_1_95' title='bbox 1004 1321 1104 1379; x_wconf 89' lang='lat' dir='ltr'><strong>barum</strong></span> <span class='ocrx_word' id='word_1_96' title='bbox 1115 1339 1169 1378; x_wconf 92' lang='lat' dir='ltr'><strong>usu</strong></span> 
     </span>
    </p>

    <p class='ocr_par' dir='ltr' id='par_1_6' title="bbox 142 1399 1168 1990">
     <span class='ocr_line' id='line_1_14' title="bbox 142 1399 1167 1486; baseline -0.001 -24"><span class='ocrx_word' id='word_1_97' title='bbox 142 1400 176 1456; x_wconf 82' lang='lat'><strong>95</strong></span> <span class='ocrx_word' id='word_1_98' title='bbox 189 1411 359 1476; x_wconf 86' lang='lat' dir='ltr'><strong>tractatuque</strong></span> <span class='ocrx_word' id='word_1_99' title='bbox 381 1421 543 1463; x_wconf 80' lang='lat' dir='ltr'><strong>versemur:</strong></span> <span class='ocrx_word' id='word_1_100' title='bbox 566 1411 593 1461; x_wconf 91' lang='lat' dir='ltr'><strong>et</strong></span> <span class='ocrx_word' id='word_1_101' title='bbox 613 1406 638 1460; x_wconf 93' lang='lat' dir='ltr'><strong>si</strong></span> <span class='ocrx_word' id='word_1_102' title='bbox 657 1408 753 1477; x_wconf 92' lang='lat' dir='ltr'><strong>plures</strong></span> <span class='ocrx_word' id='word_1_103' title='bbox 777 1405 877 1462; x_wconf 90' lang='lat' dir='ltr'><strong>eodem</strong></span> <span class='ocrx_word' id='word_1_104' title='bbox 890 1399 1035 1486; x_wconf 68' lang='lat' dir='ltr'><strong>tempollre</strong></span> <span class='ocrx_word' id='word_1_105' title='bbox 1058 1411 1167 1477; x_wconf 91' lang='lat' dir='ltr'><strong>absunt,</strong></span> 
     </span>
     <span class='ocr_line' id='line_1_15' title="bbox 187 1490 1167 1562; baseline -0.001 -13"><span class='ocrx_word' id='word_1_106' title='bbox 187 1493 264 1549; x_wconf 89' lang='lat' dir='ltr'><strong>velut</strong></span> <span class='ocrx_word' id='word_1_107' title='bbox 279 1505 379 1562; x_wconf 89' lang='lat' dir='ltr'><strong>sparsa</strong></span> <span class='ocrx_word' id='word_1_108' title='bbox 395 1491 521 1562; x_wconf 89' lang='lat' dir='ltr'><strong>pluribus</strong></span> <span class='ocrx_word' id='word_1_109' title='bbox 534 1490 603 1546; x_wconf 92' lang='lat' dir='ltr'><strong>locis</strong></span> <span class='ocrx_word' id='word_1_110' title='bbox 620 1490 746 1546; x_wconf 90' lang='lat' dir='ltr'><strong>membra</strong></span> <span class='ocrx_word' id='word_1_111' title='bbox 757 1491 949 1546; x_wconf 74' lang='lat' dir='ltr'><strong>familiaritatis</strong></span> <span class='ocrx_word' id='word_1_112' title='bbox 965 1499 1078 1548; x_wconf 90' lang='lat' dir='ltr'><strong>nostrae</strong></span> <span class='ocrx_word' id='word_1_113' title='bbox 1090 1494 1167 1548; x_wconf 90' lang='lat' dir='ltr'><strong>colli-</strong></span> 
     </span>
     <span class='ocr_line' id='line_1_16' title="bbox 187 1573 1166 1648; baseline 0.001 -17"><span class='ocrx_word' id='word_1_114' title='bbox 187 1592 304 1648; x_wconf 83' lang='lat' dir='ltr'><strong>gamus=</strong></span> <span class='ocrx_word' id='word_1_115' title='bbox 326 1590 401 1629; x_wconf 90' lang='lat' dir='ltr'><strong>nune</strong></span> <span class='ocrx_word' id='word_1_116' title='bbox 414 1574 476 1646; x_wconf 91' lang='lat' dir='ltr'><strong>hie,</strong></span> <span class='ocrx_word' id='word_1_117' title='bbox 495 1590 570 1629; x_wconf 92' lang='lat' dir='ltr'><strong>nunc</strong></span> <span class='ocrx_word' id='word_1_118' title='bbox 580 1573 626 1630; x_wconf 92' lang='lat' dir='ltr'><strong>ille</strong></span> <span class='ocrx_word' id='word_1_119' title='bbox 638 1575 668 1636; x_wconf 89' lang='lat' dir='ltr'><strong>in</strong></span> <span class='ocrx_word' id='word_1_120' title='bbox 682 1589 731 1630; x_wconf 90' lang='lat' dir='ltr'><strong>ore</strong></span> <span class='ocrx_word' id='word_1_121' title='bbox 744 1576 893 1647; x_wconf 90' lang='lat' dir='ltr'><strong>animoque</strong></span> <span class='ocrx_word' id='word_1_122' title='bbox 904 1576 953 1646; x_wconf 91' lang='lat' dir='ltr'><strong>sit,</strong></span> <span class='ocrx_word' id='word_1_123' title='bbox 973 1577 1020 1631; x_wconf 92' lang='lat' dir='ltr'><strong>ubi</strong></span> <span class='ocrx_word' id='word_1_124' title='bbox 1034 1616 1041 1630; x_wconf 89' lang='lat'><strong>.</strong></span> <span class='ocrx_word' id='word_1_125' title='bbox 1053 1620 1061 1633; x_wconf 91' lang='lat'>.</span> <span class='ocrx_word' id='word_1_126' title='bbox 1073 1594 1090 1632; x_wconf 92' lang='lat' dir='ltr'><strong>e</strong></span> <span class='ocrx_word' id='word_1_127' title='bbox 1102 1617 1109 1631; x_wconf 92' lang='lat'><strong>.</strong></span> <span class='ocrx_word' id='word_1_128' title='bbox 1122 1577 1166 1632; x_wconf 92' lang='lat' dir='ltr'><strong>ius</strong></span> 
     </span>
     <span class='ocr_line' id='line_1_17' title="bbox 186 1657 1168 1732; baseline 0 -16"><span class='ocrx_word' id='word_1_129' title='bbox 186 1699 194 1716; x_wconf 89' lang='lat'><strong>.</strong></span> <span class='ocrx_word' id='word_1_130' title='bbox 209 1699 216 1714; x_wconf 93' lang='lat'><strong>.</strong></span> <span class='ocrx_word' id='word_1_131' title='bbox 229 1661 252 1714; x_wconf 89' lang='lat' dir='ltr'><strong>si</strong></span> <span class='ocrx_word' id='word_1_132' title='bbox 262 1657 361 1719; x_wconf 41' lang='lat' dir='ltr'><strong>...hul</strong></span> <span class='ocrx_word' id='word_1_133' title='bbox 376 1674 478 1730; x_wconf 88' lang='lat' dir='ltr'><strong>nempe</strong></span> <span class='ocrx_word' id='word_1_134' title='bbox 490 1675 556 1714; x_wconf 71' lang='lat' dir='ltr'><strong>nest</strong></span> <span class='ocrx_word' id='word_1_135' title='bbox 568 1660 643 1714; x_wconf 89' lang='lat' dir='ltr'><strong>nulla</strong></span> <span class='ocrx_word' id='word_1_136' title='bbox 655 1664 759 1715; x_wconf 84' lang='lat' dir='ltr'><strong>tantum</strong></span> <span class='ocrx_word' id='word_1_137' title='bbox 769 1661 859 1732; x_wconf 91' lang='lat' dir='ltr'><strong>possit</strong></span> <span class='ocrx_word' id='word_1_138' title='bbox 872 1665 1006 1729; x_wconf 90' lang='lat' dir='ltr'><strong>vetustas,</strong></span> <span class='ocrx_word' id='word_1_139' title='bbox 1017 1666 1045 1716; x_wconf 88' lang='lat' dir='ltr'><strong>ut</strong></span> <span class='ocrx_word' id='word_1_140' title='bbox 1059 1677 1168 1716; x_wconf 91' lang='lat' dir='ltr'><strong>memo·</strong></span> 
     </span>
     <span class='ocr_line' id='line_1_18' title="bbox 185 1732 1166 1823; baseline 0.001 -26"><span class='ocrx_word' id='word_1_141' title='bbox 185 1744 257 1799; x_wconf 90' lang='lat' dir='ltr'><strong>riam</strong></span> <span class='ocrx_word' id='word_1_142' title='bbox 268 1733 577 1821; x_wconf 72' lang='lat' dir='ltr'><strong>ami&#39;citiaeperdamua</strong></span> <span class='ocrx_word' id='word_1_143' title='bbox 595 1736 601 1823; x_wconf 99' lang='grc' dir='ltr'>Ι</span> <span class='ocrx_word' id='word_1_144' title='bbox 620 1743 660 1798; x_wconf 90' lang='lat' dir='ltr'><strong>sic</strong></span> <span class='ocrx_word' id='word_1_145' title='bbox 672 1760 728 1798; x_wconf 92' lang='lat' dir='ltr'><strong>nun</strong></span> <span class='ocrx_word' id='word_1_146' title='bbox 744 1783 900 1798; x_wconf 90' lang='grc'><strong>........</strong></span> <span class='ocrx_word' id='word_1_147' title='bbox 921 1737 927 1823; x_wconf 97' lang='grc' dir='ltr'>Ι</span> <span class='ocrx_word' id='word_1_148' title='bbox 946 1732 1001 1799; x_wconf 88' lang='lat' dir='ltr'><strong>lum</strong></span> <span class='ocrx_word' id='word_1_149' title='bbox 1018 1750 1061 1799; x_wconf 91' lang='lat' dir='ltr'><strong>est</strong></span> <span class='ocrx_word' id='word_1_150' title='bbox 1072 1783 1166 1798; x_wconf 88' lang='grc'><strong>.....</strong></span> 
     </span>
     <span class='ocr_line' id='line_1_19' title="bbox 186 1821 1167 1906; baseline 0.002 -23"><span class='ocrx_word' id='word_1_151' title='bbox 186 1827 239 1884; x_wconf 82' lang='lat' dir='ltr'><strong>llae</strong></span> <span class='ocrx_word' id='word_1_152' title='bbox 252 1844 283 1884; x_wconf 88' lang='lat' dir='ltr'><strong>es</strong></span> <span class='ocrx_word' id='word_1_153' title='bbox 297 1865 304 1879; x_wconf 88' lang='lat'><em>.</em></span> <span class='ocrx_word' id='word_1_154' title='bbox 332 1829 337 1904; x_wconf 87' lang='grc' dir='ltr'>Ι</span> <span class='ocrx_word' id='word_1_155' title='bbox 358 1842 389 1880; x_wconf 89' lang='lat' dir='ltr'><strong>sc</strong></span> <span class='ocrx_word' id='word_1_156' title='bbox 402 1827 513 1882; x_wconf 85' lang='lat' dir='ltr'><strong>interdu</strong></span> <span class='ocrx_word' id='word_1_157' title='bbox 526 1867 532 1881; x_wconf 95' lang='lat'><em>.</em></span> <span class='ocrx_word' id='word_1_158' title='bbox 545 1866 552 1880; x_wconf 89' lang='lat'><strong>.</strong></span> <span class='ocrx_word' id='word_1_159' title='bbox 566 1844 601 1881; x_wconf 94' lang='lat' dir='ltr'><strong>cu</strong></span> <span class='ocrx_word' id='word_1_160' title='bbox 611 1828 659 1883; x_wconf 87' lang='lat' dir='ltr'><strong>lati</strong></span> <span class='ocrx_word' id='word_1_161' title='bbox 677 1827 683 1901; x_wconf 88' lang='grc' dir='ltr'>Ι</span> <span class='ocrx_word' id='word_1_162' title='bbox 702 1831 772 1884; x_wconf 90' lang='lat' dir='ltr'><strong>solet</strong></span> <span class='ocrx_word' id='word_1_163' title='bbox 789 1828 888 1884; x_wconf 90' lang='lat' dir='ltr'><strong>iniram</strong></span> <span class='ocrx_word' id='word_1_164' title='bbox 900 1833 943 1883; x_wconf 90' lang='lat' dir='ltr'><strong>est</strong></span> <span class='ocrx_word' id='word_1_165' title='bbox 954 1843 1036 1900; x_wconf 91' lang='lat' dir='ltr'><strong>quam</strong></span> <span class='ocrx_word' id='word_1_166' title='bbox 1054 1821 1060 1906; x_wconf 97' lang='grc' dir='ltr'>Ι</span> <span class='ocrx_word' id='word_1_167' title='bbox 1079 1828 1167 1885; x_wconf 88' lang='lat' dir='ltr'><strong>valde</strong></span> 
     </span>
     <span class='ocr_line' id='line_1_20' title="bbox 186 1903 818 1990; baseline -0.002 -23"><span class='ocrx_word' id='word_1_168' title='bbox 186 1912 262 1968; x_wconf 91' lang='lat' dir='ltr'><strong>illurn</strong></span> <span class='ocrx_word' id='word_1_169' title='bbox 272 1927 364 1967; x_wconf 90' lang='lat' dir='ltr'><strong>amem</strong></span> <span class='ocrx_word' id='word_1_170' title='bbox 383 1909 389 1983; x_wconf 89' lang='grc' dir='ltr'>Ι</span> <span class='ocrx_word' id='word_1_171' title='bbox 409 1911 580 1967; x_wconf 89' lang='lat' dir='ltr'><strong>conscientia</strong></span> <span class='ocrx_word' id='word_1_172' title='bbox 592 1928 627 1966; x_wconf 92' lang='lat' dir='ltr'><strong>ea</strong></span> <span class='ocrx_word' id='word_1_173' title='bbox 639 1929 691 1968; x_wconf 87' lang='lat' dir='ltr'><strong>con</strong></span> <span class='ocrx_word' id='word_1_174' title='bbox 704 1903 710 1990; x_wconf 95' lang='grc' dir='ltr'>Ι</span> <span class='ocrx_word' id='word_1_175' title='bbox 725 1951 732 1965; x_wconf 92' lang='grc'><strong>.</strong></span> <span class='ocrx_word' id='word_1_176' title='bbox 747 1919 775 1967; x_wconf 88' lang='grc'><strong>.“.</strong></span> <span class='ocrx_word' id='word_1_177' title='bbox 790 1953 818 1966; x_wconf 93' lang='grc'><strong>..</strong></span> 
     </span>
    </p>

    <p class='ocr_par' dir='ltr' id='par_1_7' title="bbox 137 1983 1167 2403">
     <span class='ocr_line' id='line_1_21' title="bbox 137 1983 1167 2070; baseline 0 -18"><span class='ocrx_word' id='word_1_178' title='bbox 137 1983 172 2039; x_wconf 78' lang='grc'><strong>96</strong></span> <span class='ocrx_word' id='word_1_179' title='bbox 246 1997 291 2052; x_wconf 88' lang='grc' dir='ltr'><strong>ΙΙΙ.</strong></span> <span class='ocrx_word' id='word_1_180' title='bbox 303 2024 347 2036; x_wconf 90' lang='lat'>-</span> <span class='ocrx_word' id='word_1_181' title='bbox 359 1992 463 2069; x_wconf 82' lang='lat' dir='ltr'><strong>[notitia</strong></span> <span class='ocrx_word' id='word_1_182' title='bbox 474 1997 561 2054; x_wconf 81' lang='lat' dir='ltr'><strong>enimi</strong></span> <span class='ocrx_word' id='word_1_183' title='bbox 572 2010 631 2052; x_wconf 81' lang='lat' dir='ltr'><strong>esse</strong></span> <span class='ocrx_word' id='word_1_184' title='bbox 641 1991 757 2070; x_wconf 88' lang='lat' dir='ltr'><strong>cer]tior</strong></span> <span class='ocrx_word' id='word_1_185' title='bbox 768 1997 867 2067; x_wconf 90' lang='lat' dir='ltr'><strong>debet,</strong></span> <span class='ocrx_word' id='word_1_186' title='bbox 885 1997 950 2069; x_wconf 86' lang='lat' dir='ltr'><strong>quia</strong></span> <span class='ocrx_word' id='word_1_187' title='bbox 967 1997 1061 2054; x_wconf 90' lang='lat' dir='ltr'><strong>vultus</strong></span> <span class='ocrx_word' id='word_1_188' title='bbox 1073 1996 1167 2052; x_wconf 90' lang='lat' dir='ltr'><strong>incer-</strong></span> 
     </span>
     <span class='ocr_line' id='line_1_22' title="bbox 182 2079 1165 2152; baseline 0.005 -19"><span class='ocrx_word' id='word_1_189' title='bbox 182 2085 226 2135; x_wconf 93' lang='lat' dir='ltr'><strong>tus</strong></span> <span class='ocrx_word' id='word_1_190' title='bbox 241 2088 292 2141; x_wconf 82' lang='lat' dir='ltr'><strong>cst.</strong></span> <span class='ocrx_word' id='word_1_191' title='bbox 321 2079 441 2150; x_wconf 87' lang='lat' dir='ltr'><strong>Magnos</strong></span> <span class='ocrx_word' id='word_1_192' title='bbox 452 2080 604 2137; x_wconf 87' lang='lat' dir='ltr'><strong>humanum</strong></span> <span class='ocrx_word' id='word_1_193' title='bbox 620 2085 719 2152; x_wconf 90' lang='lat' dir='ltr'><strong>pectus</strong></span> <span class='ocrx_word' id='word_1_194' title='bbox 736 2096 867 2136; x_wconf 86' lang='lat' dir='ltr'><strong>recessus</strong></span> <span class='ocrx_word' id='word_1_195' title='bbox 883 2080 981 2137; x_wconf 88' lang='lat' dir='ltr'><strong>habet=</strong></span> <span class='ocrx_word' id='word_1_196' title='bbox 1004 2081 1081 2152; x_wconf 92' lang='lat' dir='ltr'><strong>quod</strong></span> <span class='ocrx_word' id='word_1_197' title='bbox 1092 2082 1165 2138; x_wconf 83' lang='lat' dir='ltr'><strong>vulta</strong></span> 
     </span>
     <span class='ocr_line' id='line_1_23' title="bbox 183 2163 1163 2237; baseline 0.003 -20"><span class='ocrx_word' id='word_1_198' title='bbox 183 2179 238 2233; x_wconf 90' lang='lat' dir='ltr'><strong>quo</strong></span> <span class='ocrx_word' id='word_1_199' title='bbox 249 2165 341 2235; x_wconf 92' lang='lat' dir='ltr'><strong>placet</strong></span> <span class='ocrx_word' id='word_1_200' title='bbox 350 2163 456 2233; x_wconf 84' lang='lat' dir='ltr'><strong>virtue,</strong></span> <span class='ocrx_word' id='word_1_201' title='bbox 469 2182 503 2221; x_wconf 92' lang='lat' dir='ltr'><strong>eo</strong></span> <span class='ocrx_word' id='word_1_202' title='bbox 514 2167 589 2221; x_wconf 82' lang='lat' dir='ltr'><strong>fraus</strong></span> <span class='ocrx_word' id='word_1_203' title='bbox 602 2165 796 2235; x_wconf 89' lang='lat' dir='ltr'><strong>adumbratur,</strong></span> <span class='ocrx_word' id='word_1_204' title='bbox 808 2171 836 2220; x_wconf 91' lang='lat' dir='ltr'><strong>et</strong></span> <span class='ocrx_word' id='word_1_205' title='bbox 846 2165 1060 2237; x_wconf 82' lang='lat' dir='ltr'><strong>cogitationibus</strong></span> <span class='ocrx_word' id='word_1_206' title='bbox 1072 2166 1163 2237; x_wconf 91' lang='lat' dir='ltr'><strong>pessi-</strong></span> 
     </span>
     <span class='ocr_line' id='line_1_24' title="bbox 182 2247 1165 2321; baseline 0.004 -20"><span class='ocrx_word' id='word_1_207' title='bbox 182 2247 234 2301; x_wconf 90' lang='lat' dir='ltr'><strong>mis</strong></span> <span class='ocrx_word' id='word_1_208' title='bbox 247 2249 334 2303; x_wconf 88' lang='lat' dir='ltr'><strong>lacies</strong></span> <span class='ocrx_word' id='word_1_209' title='bbox 349 2247 551 2319; x_wconf 88' lang='lat' dir='ltr'><strong>benignissima</strong></span> <span class='ocrx_word' id='word_1_210' title='bbox 562 2249 722 2305; x_wconf 85' lang='lat' dir='ltr'><strong>obducitur:</strong></span> <span class='ocrx_word' id='word_1_211' title='bbox 740 2266 792 2306; x_wconf 92' lang='lat' dir='ltr'><strong>nec</strong></span> <span class='ocrx_word' id='word_1_212' title='bbox 804 2249 886 2306; x_wconf 88' lang='lat' dir='ltr'><strong>lacile</strong></span> <span class='ocrx_word' id='word_1_213' title='bbox 902 2249 954 2304; x_wconf 89' lang='lat' dir='ltr'><strong>nisi</strong></span> <span class='ocrx_word' id='word_1_214' title='bbox 965 2250 1073 2321; x_wconf 89' lang='lat' dir='ltr'><strong>peritus</strong></span> <span class='ocrx_word' id='word_1_215' title='bbox 1084 2251 1165 2305; x_wconf 91' lang='lat' dir='ltr'><strong>intel-</strong></span> 
     </span>
     <span class='ocr_line' id='line_1_25' title="bbox 181 2330 968 2403; baseline 0.005 -19"><span class='ocrx_word' id='word_1_216' title='bbox 181 2331 276 2402; x_wconf 82' lang='lat' dir='ltr'><strong>legas,</strong></span> <span class='ocrx_word' id='word_1_217' title='bbox 288 2331 356 2403; x_wconf 89' lang='lat' dir='ltr'><strong>quid</strong></span> <span class='ocrx_word' id='word_1_218' title='bbox 367 2330 474 2386; x_wconf 90' lang='lat' dir='ltr'><strong>intersit</strong></span> <span class='ocrx_word' id='word_1_219' title='bbox 485 2333 557 2388; x_wconf 90' lang='lat' dir='ltr'><strong>inter</strong></span> <span class='ocrx_word' id='word_1_220' title='bbox 569 2332 691 2388; x_wconf 89' lang='lat' dir='ltr'><strong>animum</strong></span> <span class='ocrx_word' id='word_1_221' title='bbox 703 2335 785 2390; x_wconf 88' lang='lat' dir='ltr'><strong>amici</strong></span> <span class='ocrx_word' id='word_1_222' title='bbox 797 2340 825 2390; x_wconf 92' lang='lat' dir='ltr'><strong>et</strong></span> <span class='ocrx_word' id='word_1_223' title='bbox 835 2336 968 2390; x_wconf 88' lang='lat' dir='ltr'><strong>colorem.</strong></span> 
     </span>
    </p>

    <p class='ocr_par' dir='ltr' id='par_1_8' title="bbox 135 2402 1163 3078">
     <span class='ocr_line' id='line_1_26' title="bbox 135 2402 1163 2490; baseline 0.002 -19"><span class='ocrx_word' id='word_1_224' title='bbox 135 2402 169 2458; x_wconf 82' lang='lat'><strong>97</strong></span> <span class='ocrx_word' id='word_1_225' title='bbox 243 2416 303 2471; x_wconf 86' lang='lat' dir='ltr'><strong>Hoc</strong></span> <span class='ocrx_word' id='word_1_226' title='bbox 314 2415 367 2470; x_wconf 90' lang='lat' dir='ltr'><strong>sibi</strong></span> <span class='ocrx_word' id='word_1_227' title='bbox 380 2416 499 2487; x_wconf 90' lang='lat' dir='ltr'><strong>quisque</strong></span> <span class='ocrx_word' id='word_1_228' title='bbox 510 2424 665 2489; x_wconf 88' lang='lat' dir='ltr'><strong>proponat,</strong></span> <span class='ocrx_word' id='word_1_229' title='bbox 685 2430 740 2490; x_wconf 88' lang='lat' dir='ltr'><strong>quo</strong></span> <span class='ocrx_word' id='word_1_230' title='bbox 760 2419 851 2474; x_wconf 86' lang='lat' dir='ltr'><strong>minus</strong></span> <span class='ocrx_word' id='word_1_231' title='bbox 863 2419 944 2474; x_wconf 82' lang='lat' dir='ltr'><strong>facile</strong></span> <span class='ocrx_word' id='word_1_232' title='bbox 956 2418 1055 2473; x_wconf 90' lang='lat' dir='ltr'><strong>lucatis</strong></span> <span class='ocrx_word' id='word_1_233' title='bbox 1069 2420 1163 2489; x_wconf 89' lang='lat' dir='ltr'><strong>capia-</strong></span> 
     </span>
     <span class='ocr_line' id='line_1_27' title="bbox 180 2492 1163 2579; baseline 0.004 -25"><span class='ocrx_word' id='word_1_234' title='bbox 180 2505 225 2555; x_wconf 90' lang='lat' dir='ltr'><strong>tur</strong></span> <span class='ocrx_word' id='word_1_235' title='bbox 238 2499 353 2556; x_wconf 73' lang='lat' dir='ltr'><strong>olliciisi</strong></span> <span class='ocrx_word' id='word_1_236' title='bbox 369 2492 384 2579; x_wconf 92' lang='grc' dir='ltr'><strong>ΙΙ</strong></span> <span class='ocrx_word' id='word_1_237' title='bbox 397 2515 461 2555; x_wconf 89' lang='lat' dir='ltr'><strong>rara</strong></span> <span class='ocrx_word' id='word_1_238' title='bbox 473 2517 519 2556; x_wconf 90' lang='lat' dir='ltr'><strong>res</strong></span> <span class='ocrx_word' id='word_1_239' title='bbox 532 2506 576 2557; x_wconf 93' lang='lat' dir='ltr'><strong>est</strong></span> <span class='ocrx_word' id='word_1_240' title='bbox 587 2501 723 2571; x_wconf 88' lang='lat' dir='ltr'><strong>amicitia,</strong></span> <span class='ocrx_word' id='word_1_241' title='bbox 736 2498 814 2577; x_wconf 83' lang='lat' dir='ltr'><strong>[non]</strong></span> <span class='ocrx_word' id='word_1_242' title='bbox 826 2503 951 2575; x_wconf 91' lang='lat' dir='ltr'><strong>vulgaris</strong></span> <span class='ocrx_word' id='word_1_243' title='bbox 965 2507 1013 2559; x_wconf 87' lang='lat' dir='ltr'><strong>aut</strong></span> <span class='ocrx_word' id='word_1_244' title='bbox 1025 2503 1163 2574; x_wconf 87' lang='lat' dir='ltr'><strong>exposita,</strong></span> 
     </span>
     <span class='ocr_line' id='line_1_28' title="bbox 180 2584 1162 2659; baseline 0.004 -21"><span class='ocrx_word' id='word_1_245' title='bbox 180 2589 209 2638; x_wconf 91' lang='lat' dir='ltr'><strong>ut</strong></span> <span class='ocrx_word' id='word_1_246' title='bbox 223 2585 331 2657; x_wconf 89' lang='lat' dir='ltr'><strong>inplere</strong></span> <span class='ocrx_word' id='word_1_247' title='bbox 343 2590 413 2639; x_wconf 89' lang='lat' dir='ltr'><strong>totas</strong></span> <span class='ocrx_word' id='word_1_248' title='bbox 432 2584 532 2640; x_wconf 91' lang='lat' dir='ltr'><strong>domus</strong></span> <span class='ocrx_word' id='word_1_249' title='bbox 547 2585 652 2657; x_wconf 91' lang='lat' dir='ltr'><strong>possit,</strong></span> <span class='ocrx_word' id='word_1_250' title='bbox 668 2588 720 2656; x_wconf 83' lang='lat' dir='ltr'><strong>[ut]</strong></span> <span class='ocrx_word' id='word_1_251' title='bbox 737 2588 823 2658; x_wconf 91' lang='lat' dir='ltr'><strong>vulgo</strong></span> <span class='ocrx_word' id='word_1_252' title='bbox 842 2586 894 2642; x_wconf 93' lang='lat' dir='ltr'><strong>sibi</strong></span> <span class='ocrx_word' id='word_1_253' title='bbox 903 2587 1032 2643; x_wconf 91' lang='lat' dir='ltr'><strong>homines</strong></span> <span class='ocrx_word' id='word_1_254' title='bbox 1043 2602 1162 2659; x_wconf 91' lang='lat' dir='ltr'><strong>persua·</strong></span> 
     </span>
     <span class='ocr_line' id='line_1_29' title="bbox 181 2669 1162 2743; baseline 0.004 -21"><span class='ocrx_word' id='word_1_255' title='bbox 181 2685 254 2727; x_wconf 90' lang='lat' dir='ltr'><strong>sere.</strong></span> <span class='ocrx_word' id='word_1_256' title='bbox 290 2669 335 2725; x_wconf 85' lang='lat' dir='ltr'><strong>An</strong></span> <span class='ocrx_word' id='word_1_257' title='bbox 350 2684 449 2724; x_wconf 90' lang='lat' dir='ltr'><strong>aurum</strong></span> <span class='ocrx_word' id='word_1_258' title='bbox 461 2669 565 2740; x_wconf 78' lang='lat' dir='ltr'><strong>Ingenti</strong></span> <span class='ocrx_word' id='word_1_259' title='bbox 578 2685 666 2741; x_wconf 90' lang='lat' dir='ltr'><strong>opera</strong></span> <span class='ocrx_word' id='word_1_260' title='bbox 688 2671 801 2742; x_wconf 81' lang='lat' dir='ltr'><strong>[reJtegi</strong></span> <span class='ocrx_word' id='word_1_261' title='bbox 813 2670 942 2741; x_wconf 89' lang='lat' dir='ltr'><strong>creditis,</strong></span> <span class='ocrx_word' id='word_1_262' title='bbox 961 2671 1040 2728; x_wconf 90' lang='lat' dir='ltr'><strong>cuius</strong></span> <span class='ocrx_word' id='word_1_263' title='bbox 1058 2671 1162 2743; x_wconf 90' lang='lat' dir='ltr'><strong>ubique</strong></span> 
     </span>
     <span class='ocr_line' id='line_1_30' title="bbox 180 2753 1162 2828; baseline 0.004 -22"><span class='ocrx_word' id='word_1_264' title='bbox 180 2753 298 2822; x_wconf 85' lang='lat' dir='ltr'><strong>quaesiti</strong></span> <span class='ocrx_word' id='word_1_265' title='bbox 316 2753 365 2808; x_wconf 88' lang='lat' dir='ltr'><strong>vix</strong></span> <span class='ocrx_word' id='word_1_266' title='bbox 388 2754 439 2807; x_wconf 91' lang='lat' dir='ltr'><strong>sub</strong></span> <span class='ocrx_word' id='word_1_267' title='bbox 460 2755 553 2825; x_wconf 90' lang='lat' dir='ltr'><strong>aliquo</strong></span> <span class='ocrx_word' id='word_1_268' title='bbox 573 2758 667 2809; x_wconf 91' lang='lat' dir='ltr'><strong>monte</strong></span> <span class='ocrx_word' id='word_1_269' title='bbox 687 2771 762 2810; x_wconf 89' lang='lat' dir='ltr'><strong>vena</strong></span> <span class='ocrx_word' id='word_1_270' title='bbox 777 2754 1013 2828; x_wconf 76' lang='lat' dir='ltr'><strong>deprehenditur,</strong></span> <span class='ocrx_word' id='word_1_271' title='bbox 1041 2756 1162 2812; x_wconf 90' lang='lat' dir='ltr'><strong>amicum</strong></span> 
     </span>
     <span class='ocr_line' id='line_1_31' title="bbox 179 2837 1162 2911; baseline 0.006 -23"><span class='ocrx_word' id='word_1_272' title='bbox 179 2841 272 2889; x_wconf 90' lang='lat' dir='ltr'><strong>autem</strong></span> <span class='ocrx_word' id='word_1_273' title='bbox 283 2837 386 2906; x_wconf 91' lang='lat' dir='ltr'><strong>ubique</strong></span> <span class='ocrx_word' id='word_1_274' title='bbox 397 2837 515 2892; x_wconf 89' lang='lat' dir='ltr'><strong>inveniri</strong></span> <span class='ocrx_word' id='word_1_275' title='bbox 528 2839 589 2893; x_wconf 92' lang='lat' dir='ltr'><strong>sine</strong></span> <span class='ocrx_word' id='word_1_276' title='bbox 601 2839 656 2893; x_wconf 80' lang='lat' dir='ltr'><strong>ullo</strong></span> <span class='ocrx_word' id='word_1_277' title='bbox 670 2839 775 2908; x_wconf 92' lang='lat' dir='ltr'><strong>labore,</strong></span> <span class='ocrx_word' id='word_1_278' title='bbox 788 2840 848 2895; x_wconf 90' lang='lat' dir='ltr'><strong>sine</strong></span> <span class='ocrx_word' id='word_1_279' title='bbox 861 2841 915 2895; x_wconf 91' lang='lat' dir='ltr'><strong>ulla</strong></span> <span class='ocrx_word' id='word_1_280' title='bbox 922 2840 1162 2911; x_wconf 72' lang='lat' dir='ltr'><strong>investigatione?</strong></span> 
     </span>
     <span class='ocr_line' id='line_1_32' title="bbox 179 2918 1161 2994; baseline 0.006 -22"><span class='ocrx_word' id='word_1_281' title='bbox 179 2918 246 2989; x_wconf 90' lang='lat' dir='ltr'><strong>quid</strong></span> <span class='ocrx_word' id='word_1_282' title='bbox 258 2919 354 2974; x_wconf 73' lang='lat' dir='ltr'><strong>enimi</strong></span> <span class='ocrx_word' id='word_1_283' title='bbox 373 2927 430 2976; x_wconf 91' lang='lat' dir='ltr'><strong>tam</strong></span> <span class='ocrx_word' id='word_1_284' title='bbox 440 2921 560 2993; x_wconf 83' lang='lat' dir='ltr'><strong>simplex</strong></span> <span class='ocrx_word' id='word_1_285' title='bbox 571 2929 754 2994; x_wconf 88' lang='lat' dir='ltr'><strong>apertumque</strong></span> <span class='ocrx_word' id='word_1_286' title='bbox 766 2927 828 2978; x_wconf 75' lang='lat' dir='ltr'><strong>esti</strong></span> <span class='ocrx_word' id='word_1_287' title='bbox 841 2923 917 2994; x_wconf 93' lang='lat' dir='ltr'><strong>atqui</strong></span> <span class='ocrx_word' id='word_1_288' title='bbox 929 2939 987 2978; x_wconf 91' lang='lat' dir='ltr'><strong>non</strong></span> <span class='ocrx_word' id='word_1_289' title='bbox 998 2931 1054 2979; x_wconf 89' lang='lat' dir='ltr'><strong>tam</strong></span> <span class='ocrx_word' id='word_1_290' title='bbox 1067 2925 1095 2980; x_wconf 94' lang='lat' dir='ltr'><strong>in</strong></span> <span class='ocrx_word' id='word_1_291' title='bbox 1107 2927 1161 2980; x_wconf 90' lang='lat' dir='ltr'><strong>alto</strong></span> 
     </span>
     <span class='ocr_line' id='line_1_33' title="bbox 178 3003 733 3078; baseline 0.013 -24"><span class='ocrx_word' id='word_1_292' title='bbox 178 3003 244 3056; x_wconf 91' lang='lat' dir='ltr'><strong>latet</strong></span> <span class='ocrx_word' id='word_1_293' title='bbox 255 3017 353 3057; x_wconf 89' lang='lat' dir='ltr'><strong>aurum</strong></span> <span class='ocrx_word' id='word_1_294' title='bbox 368 3010 572 3078; x_wconf 83' lang='lat' dir='ltr'><strong>argentumque</strong></span> <span class='ocrx_word' id='word_1_295' title='bbox 585 3036 628 3045; x_wconf 88' lang='lat'><strong>—-</strong></span> <span class='ocrx_word' id='word_1_296' title='bbox 639 3036 681 3044; x_wconf 82' lang='lat'><strong>—·</strong></span> <span class='ocrx_word' id='word_1_297' title='bbox 691 3037 733 3046; x_wconf 76' lang='lat'>—</span> 
     </span>
    </p>
   </div>
   <div class='ocr_carea' id='block_1_3' title="bbox 637 3139 698 3195">
    <p class='ocr_par' dir='ltr' id='par_1_9' title="bbox 637 3139 698 3195">
     <span class='ocr_line' id='line_1_34' title="bbox 637 3139 698 3195; baseline 0 -1"><span class='ocrx_word' id='word_1_298' title='bbox 637 3139 698 3195; x_wconf 85' lang='lat' dir='ltr'><strong>XV.</strong></span> 
     </span>
    </p>
   </div>
   <div class='ocr_carea' id='block_1_4' title="bbox 130 3242 1162 3590">
    <p class='ocr_par' dir='ltr' id='par_1_10' title="bbox 130 3242 1162 3420">
     <span class='ocr_line' id='line_1_35' title="bbox 130 3242 1162 3342; baseline 0.012 -35"><span class='ocrx_word' id='word_1_299' title='bbox 130 3242 165 3298; x_wconf 84' lang='grc'><strong>98</strong></span> <span class='ocrx_word' id='word_1_300' title='bbox 238 3251 342 3326; x_wconf 81' lang='lat' dir='ltr'><strong>Incipit</strong></span> <span class='ocrx_word' id='word_1_301' title='bbox 364 3257 482 3312; x_wconf 81' lang='lat' dir='ltr'><strong>eiusdem</strong></span> <span class='ocrx_word' id='word_1_302' title='bbox 501 3257 506 3328; x_wconf 88' lang='grc' dir='ltr'>Ι</span> <span class='ocrx_word' id='word_1_303' title='bbox 524 3256 634 3313; x_wconf 80' lang='lat' dir='ltr'><strong>Annaei</strong></span> <span class='ocrx_word' id='word_1_304' title='bbox 649 3257 770 3315; x_wconf 85' lang='lat' dir='ltr'><strong>Senecae</strong></span> <span class='ocrx_word' id='word_1_305' title='bbox 787 3251 793 3339; x_wconf 95' lang='grc' dir='ltr'>Ι</span> <span class='ocrx_word' id='word_1_306' title='bbox 812 3259 846 3314; x_wconf 86' lang='lat' dir='ltr'><strong>de</strong></span> <span class='ocrx_word' id='word_1_307' title='bbox 866 3261 920 3315; x_wconf 84' lang='lat' dir='ltr'><strong>vito</strong></span> <span class='ocrx_word' id='word_1_308' title='bbox 937 3258 1030 3331; x_wconf 82' lang='lat' dir='ltr'><strong>petris</strong></span> <span class='ocrx_word' id='word_1_309' title='bbox 1049 3253 1055 3342; x_wconf 96' lang='grc' dir='ltr'>Ι</span> <span class='ocrx_word' id='word_1_310' title='bbox 1073 3261 1162 3334; x_wconf 78' lang='lat' dir='ltr'><strong>setici-</strong></span> 
     </span>
     <span class='ocr_line' id='line_1_36' title="bbox 175 3332 1057 3420; baseline 0.01 -28"><span class='ocrx_word' id='word_1_311' title='bbox 175 3342 231 3393; x_wconf 87' lang='lat' dir='ltr'><strong>ter:</strong></span> <span class='ocrx_word' id='word_1_312' title='bbox 250 3339 384 3395; x_wconf 81' lang='lat' dir='ltr'><strong>scribente</strong></span> <span class='ocrx_word' id='word_1_313' title='bbox 402 3332 408 3418; x_wconf 94' lang='grc' dir='ltr'>Ι</span> <span class='ocrx_word' id='word_1_314' title='bbox 426 3355 469 3396; x_wconf 87' lang='lat' dir='ltr'><strong>me</strong></span> <span class='ocrx_word' id='word_1_315' title='bbox 480 3381 570 3397; x_wconf 89' lang='grc'><strong>.....</strong></span> <span class='ocrx_word' id='word_1_316' title='bbox 588 3343 631 3398; x_wconf 85' lang='lat' dir='ltr'><strong>die</strong></span> <span class='ocrx_word' id='word_1_317' title='bbox 649 3349 675 3398; x_wconf 85' lang='lat' dir='ltr'><strong>et</strong></span> <span class='ocrx_word' id='word_1_318' title='bbox 691 3339 771 3418; x_wconf 87' lang='lat' dir='ltr'><strong>to[eo]</strong></span> <span class='ocrx_word' id='word_1_319' title='bbox 791 3339 903 3418; x_wconf 82' lang='lat' dir='ltr'><strong>e[upra]</strong></span> <span class='ocrx_word' id='word_1_320' title='bbox 918 3340 1057 3420; x_wconf 81' lang='lat' dir='ltr'><strong>s[cripto].</strong></span> 
     </span>
    </p>

    <p class='ocr_par' dir='ltr' id='par_1_11' title="bbox 233 3420 1161 3500">
     <span class='ocr_line' id='line_1_37' title="bbox 233 3420 1161 3500; baseline 0.006 -21"><span class='ocrx_word' id='word_1_321' title='bbox 233 3420 267 3480; x_wconf 89' lang='lat' dir='ltr'><strong>Si</strong></span> <span class='ocrx_word' id='word_1_322' title='bbox 278 3438 466 3497; x_wconf 84' lang='lat' dir='ltr'><strong>quaecunque</strong></span> <span class='ocrx_word' id='word_1_323' title='bbox 477 3425 634 3500; x_wconf 90' lang='lat' dir='ltr'><strong>composuit</strong></span> <span class='ocrx_word' id='word_1_324' title='bbox 645 3434 725 3499; x_wconf 91' lang='lat' dir='ltr'><strong>pater</strong></span> <span class='ocrx_word' id='word_1_325' title='bbox 736 3444 815 3483; x_wconf 92' lang='lat' dir='ltr'><strong>meus</strong></span> <span class='ocrx_word' id='word_1_326' title='bbox 828 3434 855 3482; x_wconf 91' lang='lat' dir='ltr'><strong>et</strong></span> <span class='ocrx_word' id='word_1_327' title='bbox 869 3427 915 3483; x_wconf 91' lang='lat' dir='ltr'><strong>edi</strong></span> <span class='ocrx_word' id='word_1_328' title='bbox 932 3430 1036 3499; x_wconf 89' lang='lat' dir='ltr'><strong>voluit,</strong></span> <span class='ocrx_word' id='word_1_329' title='bbox 1056 3431 1114 3487; x_wconf 88' lang='lat' dir='ltr'><strong>iam</strong></span> <span class='ocrx_word' id='word_1_330' title='bbox 1134 3432 1161 3487; x_wconf 92' lang='lat' dir='ltr'><strong>in</strong></span> 
     </span>
    </p>

    <p class='ocr_par' dir='ltr' id='par_1_12' title="bbox 155 3511 1161 3590">
     <span class='ocr_line' id='line_1_38' title="bbox 155 3511 1161 3590; baseline 0.007 -27"><span class='ocrx_word' id='word_1_331' title='bbox 155 3525 263 3567; x_wconf 87' lang='lat' dir='ltr'><strong>manus</strong></span> <span class='ocrx_word' id='word_1_332' title='bbox 275 3512 383 3590; x_wconf 85' lang='lat' dir='ltr'><strong>populi</strong></span> <span class='ocrx_word' id='word_1_333' title='bbox 407 3511 592 3588; x_wconf 89' lang='lat' dir='ltr'><strong>emisissem,</strong></span> <span class='ocrx_word' id='word_1_334' title='bbox 608 3512 649 3572; x_wconf 87' lang='lat' dir='ltr'><strong>ad</strong></span> <span class='ocrx_word' id='word_1_335' title='bbox 664 3512 819 3570; x_wconf 82' lang='lat' dir='ltr'><strong>claritatem</strong></span> <span class='ocrx_word' id='word_1_336' title='bbox 829 3511 950 3566; x_wconf 71' lang='lat' dir='ltr'><strong>nominis</strong></span> <span class='ocrx_word' id='word_1_337' title='bbox 962 3513 1009 3566; x_wconf 82' lang='lat' dir='ltr'><strong>sui</strong></span> <span class='ocrx_word' id='word_1_338' title='bbox 1023 3517 1091 3570; x_wconf 87' lang='lat' dir='ltr'><strong>satis</strong></span> <span class='ocrx_word' id='word_1_339' title='bbox 1110 3515 1161 3573; x_wconf 92' lang='lat' dir='ltr'><strong>sibi</strong></span> 
     </span>
    </p>
   </div>
   <div class='ocr_carea' id='block_1_5' title="bbox 0 0 1216 3862">
    <p class='ocr_par' dir='ltr' id='par_1_13' title="bbox 0 0 1216 3862">
     <span class='ocr_line' id='line_1_39' title="bbox 0 0 1216 3862; baseline 0 5"><span class='ocrx_word' id='word_1_340' title='bbox 0 0 1216 3862; x_wconf 95' lang='lat' dir='ltr'><strong> </strong></span> 
     </span>
    </p>
   </div>
  </div>
 </body>
</html>
