2422 3862
234 229 405 292 EPISTUL.
420 219 514 293 MOR.
530 233 601 292 LIB.
615 233 694 292 XIV.
710 232 767 292 ΕΡ.
781 230 812 294 4.
828 239 898 310 (92.)
1015 236 1076 301 281

93 400 155 460 que
169 384 305 446 termmis
320 385 406 445 finiat
421 385 612 460 deorumque
626 386 685 447 ritu
700 395 808 448 euncta
823 389 991 462 possideat,
1009 404 1077 449 eum

93 472 207 548 opibus
224 471 289 530 suis
306 470 415 529 divites
432 485 566 544 superne
581 467 746 546 despiciat,
764 488 893 546 quorum
912 490 1001 533 nemo
1018 481 1078 534 tam

92 574 151 619 suu
170 557 269 616 laetus
285 562 332 614 est
347 570 437 630 quam
453 555 547 615 tristis
563 554 672 616 alieno.
706 555 779 616 Cum
797 573 831 616 se
847 558 877 616 in
891 557 971 617 hane
986 557 1122 618 subii-33

92 644 226 703 mitatem
242 640 316 713 tulit,
333 638 473 716 eorporis
489 654 613 714 quoque
629 639 712 699 velut
723 641 825 701 oneris
837 640 1004 702 necessarii
1016 658 1079 704 non

92 733 225 797 amator,
248 724 303 783 sed
325 730 506 799 procurator
526 730 574 783 est
589 739 647 783 nee
661 738 696 783 se
711 724 768 798 itti,
791 724 839 785 cui
854 724 1007 800 inpositus
1023 735 1080 801 est,

93 807 214 872 subicit.
249 825 357 868 nemo
377 807 568 881 liberast,
591 808 976 883 quiaorporiservit.
1009 826 1078 869 nam

93 903 124 955 ut
139 895 217 954 alios
233 892 391 966 dominos,
415 907 492 966 quos
514 891 606 951 nimia
621 908 676 966 pro
698 893 749 954 itio
766 892 938 954 sollicitudo
955 894 1078 966 invenit,

93 988 249 1050 transeas,
276 976 374 1050 ipsius
400 992 556 1036 morosum
583 977 740 1052 imperium
773 979 998 1054 delicatumque
1023 987 1078 1039 est

94 1064 142 1122 Ab
164 1063 225 1122 hoe
246 1061 338 1120 modo
362 1075 462 1136 aequo
484 1061 584 1120 animo
607 1061 685 1134 exit,
712 1062 804 1122 modo
821 1079 933 1138 magno
950 1061 1121 1138 prosilit,34

95 1163 152 1206 nee
169 1145 239 1221 quis
255 1145 367 1205 deinde
382 1144 521 1219 reliquiis
537 1145 603 1204 eius
620 1145 738 1206 tuturus
754 1147 793 1207 sit
811 1148 927 1221 exitus,
950 1149 1077 1222 quaerit,

95 1232 206 1292 sed'ut
226 1246 265 1290 ex
285 1230 381 1290 barba
402 1228 555 1304 [capillos]
578 1229 708 1290 detonsa
729 1231 933 1306 neglegimus,
962 1232 1003 1292 ita
1029 1232 1079 1291 itte

94 1316 253 1375 divinus
269 1314 420 1374 animus
444 1329 681 1387 egressurus
702 1314 904 1388 hominem,
927 1332 1001 1390 quo
1022 1330 1078 1374 re—

94 1397 1079 1476 ceptaeuiumsuumeonteratur,ignisittudexuratan

93 1491 175 1544 terra
195 1490 351 1558 contegat,
378 1499 416 1541 an
436 1483 519 1542 ferae
539 1482 724 1555 distrahant,
751 1499 824 1542 non
848 1484 944 1556 magis
969 1482 1012 1542 ad
1039 1497 1080 1542 se

94 1567 245 1629 iudicat
261 1565 459 1644 pertinere
476 1583 567 1641 quam
582 1566 737 1627 secundas
749 1566 789 1625 ad
801 1566 914 1626 editum
925 1566 1080 1625 infantem.

94 1660 196 1713 utrum
213 1650 380 1727 proiectum
396 1666 471 1710 aves
487 1650 637 1723 differant,
653 1667 692 1710 an
708 1657 904 1711 consumatur

255 1735 259 1742 '
336 1737 458 1796 canibus
473 1736 545 1795 data
557 1738 676 1811 praeda
691 1737 830 1807 marinis,

97 1820 171 1896 quid
184 1820 223 1879 ad
239 1820 336 1893 ilium,
358 1819 410 1895 qui
431 1819 554 1879 nullust
584 1819 646 1880 Sed
662 1828 732 1880 tune
749 1833 890 1894 quoque,
919 1833 988 1877 eum
1002 1816 1124 1877 interes

94 1903 237 1964 homines
253 1910 314 1976 est,
330 1904 415 1964 timet
428 1905 527 1963 nutias
545 1910 615 1978 post
629 1911 757 1964 mortem
770 1905 868 1963 minas
883 1917 997 1976 eorum,
1015 1903 1080 1977 qui-

94 1989 155 2049 bus
170 2003 271 2061 usque
291 1988 330 2048 ad
349 1994 475 2048 mortem
495 1985 593 2047 timeri
608 2004 715 2062 parum
731 1994 787 2047 est.
818 2003 901 2062 „non
919 1993 1080 2060 conterret,

94 2069 207 2148 inquit,
229 2086 278 2130 me
298 2087 356 2132 nee
376 2087 477 2133 uncus
491 2086 549 2131 nee
563 2072 692 2146 proiecti
707 2071 747 2130 ad
761 2072 973 2133 contumetiam
990 2070 1081 2129 eada-

94 2153 179 2216 veris
195 2157 339 2216 laceratio
356 2157 448 2218 foeda
461 2155 585 2217 visuris.
618 2156 767 2235 neminem
787 2156 828 2214 de
849 2171 995 2231 supremo
1012 2155 1080 2214 offi-

96 2242 144 2301 cio
161 2255 248 2314 rogo.
278 2240 352 2301 nutti
366 2239 513 2315 reliquias
528 2255 613 2300 meas
633 2240 832 2302 commendo:
855 2255 893 2299 ne
914 2242 983 2316 quis
999 2240 1081 2299 inse·

97 2323 199 2398 pultus
215 2331 307 2396 esset,
322 2340 423 2385 rerum
438 2331 546 2388 natura
561 2325 731 2399 prospexit.
761 2325 855 2397 Quem
871 2325 998 2384 saevitia
1011 2339 1081 2397 pro-

95 2407 202 2468 iecerit
217 2407 285 2468 dies
301 2409 442 2469 condet.“
474 2407 595 2470 Diserte
608 2409 772 2469 Maecenas
788 2408 842 2468 ait:

223 2491 285 2552 Nee
299 2496 442 2554 mmalum
456 2509 537 2553 euro.
565 2497 669 2568 sepelit
681 2499 792 2552 nutura
805 2495 931 2553 relictos.

96 2577 156 2637 aite
184 2575 315 2636 cinctum
340 2585 431 2656 putes
461 2577 588 2636 dixisse.
628 2577 733 2636 habuit
761 2575 840 2634 enim
868 2572 1023 2648 ingenium
1051 2578 1082 2632 et

95 2657 214 2736 grande
228 2666 259 2720 et
272 2659 374 2740 virile,
390 2661 448 2722 nisi
462 2660 536 2722 illud
551 2660 689 2721 secunda
704 2659 930 2741 discinxissent.
959 2658 1046 2717 Vale.
