2422 3862
226 186 397 249 unsrun.
412 187 505 249 uon.
527 189 599 249 crs.
614 191 668 249 vr.
690 190 747 249 nr.
762 196 787 251 c.
804 194 878 270 (eo.)
984 192 1046 255 tes

45 339 236 416 ,congessiu
263 349 418 417 tamquam
444 339 578 401 debitum
599 338 789 415 prendimus.
828 341 960 417 optimos
984 361 1043 404 nos

62 440 151 499 esse,
185 422 432 503 sapientissimos
469 423 700 486 adfirmantibus
739 425 939 498 adsentimur‚
974 444 1043 488 cum

63 508 199 571 sciamus
218 507 289 568 illos
311 523 407 582 saepe
422 509 515 568 multa
531 507 660 569 mentiri.
693 509 835 585 adeoque
850 510 1042 586 indulgemus

63 593 170 667 nobis,
191 600 225 653 ut
244 591 363 652 laudari
384 590 513 652 velimus
535 591 564 651 in
588 593 635 665 id,
659 591 707 654 cui
730 594 881 654 contraria
896 611 965 656 cum
979 612 1042 656 ma-

63 678 142 738 xime
153 677 295 736 lacimus.
317 674 510 736 Mitissimum
522 676 572 736 ille
588 691 622 735 se
635 675 664 736 in
680 677 757 752 ipsis
773 677 933 752 suppliciis
949 680 1041 753 audit,

63 761 91 821 in
105 759 226 836 rapinis
241 759 489 820 liberalissimum
505 767 535 820 et
555 761 585 820 in
601 759 798 823 ebrietatibus
813 777 850 821 ac
866 761 1041 824 libidinibus

63 844 384 920 temperantissimum.
414 843 554 919 sequitur
566 844 684 921 itaque,
707 853 740 905 ut
754 844 824 907 ideo
843 848 951 906 mutari
966 849 1042 910 noli-

63 946 145 1002 mus,
169 926 242 1006 qnia
264 944 321 989 nos
344 928 476 1003 optimos
494 943 565 988 esse
582 927 744 990 credimus.
780 931 958 991 Alexander
973 949 1041 992 cum
1051 948 1083 1000 12

64 1014 120 1075 iam
138 1012 269 1074 inludia
284 1017 446 1087 vagaretur
461 1019 492 1073 et
505 1020 611 1088 gentes
625 1029 663 1072 ne
677 1013 811 1074 finitimis
827 1015 948 1090 quidem
965 1016 1040 1077 satis

64 1105 151 1160 notas
171 1097 254 1158 bello
276 1103 426 1169 vastaret,
448 1096 478 1156 in
500 1096 662 1157 obsidione
677 1097 837 1159 cuiusdam
854 1098 954 1173 urbis,
970 1101 1041 1161 dum

63 1180 200 1244 circumit
210 1196 316 1241 muros
330 1189 359 1240 et
374 1180 603 1240 inbecillissima
615 1182 766 1243 moenium
782 1183 914 1258 quaerit,
931 1185 1041 1259 sagitta

63 1268 138 1328 ictus
151 1267 206 1326 diu
219 1266 388 1341 persedere
403 1270 433 1324 et
446 1264 568 1340 incepta
585 1281 676 1341 agere
691 1267 910 1341 perseveravit.
930 1269 1042 1328 deinde

64 1367 130 1412 cunr
150 1364 301 1426 represso
320 1348 469 1423 sanguine
493 1350 567 1410 sicci
582 1351 715 1410 volneris
733 1350 821 1413 dolor
838 1360 991 1412 cresceret
1012 1361 1042 1412 et

64 1451 132 1497 crus
148 1449 341 1509 suspensum
356 1449 436 1509 equo
453 1435 596 1508 paulatim
612 1435 831 1510 obtorpuisset,
848 1444 973 1496 coactus
988 1437 1042 1496 ab·

64 1521 186 1580 sistere:
207 1533 351 1593 „omnes,
368 1518 479 1593 inquit,
497 1519 596 1578 iurant
608 1534 679 1579 esse
694 1533 742 1578 me
757 1519 844 1579 Jovis
858 1517 967 1592 lilium,
984 1520 1040 1579 sed

63 1606 173 1666 volnus
189 1602 250 1664 hoc
264 1600 417 1664 hominem
432 1617 504 1662 esse
519 1618 568 1662 me
586 1604 725 1664 clamat.“
761 1603 845 1661 ldem
868 1619 926 1664 nos
949 1603 1083 1672 lucia-13

63 1705 137 1750 mus.
175 1703 232 1763 pro
250 1703 308 1747 sua
320 1702 473 1762 quemque
489 1687 629 1762 portione
644 1686 777 1748 adulatio
794 1687 928 1745 inlatuat.
959 1686 1040 1746 dica-

63 1789 145 1834 mus:
169 1787 228 1832 vos
244 1770 368 1846 quidem
383 1769 483 1831 dicitis
498 1787 546 1831 me
565 1771 744 1846 prudentem
760 1786 846 1842 esse,
866 1786 924 1844 ego
940 1777 1040 1830 autem

62 1858 170 1931 video,
188 1871 281 1932 quam
293 1854 386 1915 multo
397 1853 513 1915 inutilia
525 1856 758 1930 concupiscam,
778 1853 916 1915 nocitura
929 1863 1040 1929 optem.

62 1957 96 2002 ne
111 1942 176 2002 hoc
192 1937 316 2016 quidem
331 1939 489 2015 intellego,
514 1938 597 2014 quod
613 1936 793 1999 animalibus
816 1936 941 1999 satietas
956 1955 1040 2000 mon·

62 2033 152 2098 strat,
177 2024 247 2101 quis
265 2023 333 2084 cibo
348 2022 459 2084 debeat
475 2039 561 2096 esse,
586 2023 655 2098 quis
672 2023 786 2097 potioni
801 2022 921 2083 modus.
946 2039 1041 2098 quan-

61 2117 122 2170 tum
139 2109 277 2185 capiam,
301 2108 401 2169 adhuc
416 2108 532 2168 nescio.
568 2109 643 2167 lam
667 2106 834 2180 doceb0,
856 2107 1083 2182 quemad-14

62 2195 213 2255 modum
236 2193 448 2267 intellegas
470 2200 505 2252 te
525 2209 596 2253 non
618 2208 707 2253 esse
729 2190 961 2270 sapientem:
980 2209 1040 2253 sa·

61 2280 174 2354 piens
201 2279 269 2338 ille
296 2277 435 2352 plenus
461 2283 521 2336 est
546 2276 702 2354 gaudio,
729 2273 868 2336 hilaris
894 2285 934 2337 et
959 2280 1041 2352 pla-

62 2363 191 2436 cidus,
216 2363 490 2422 inconcussus.
527 2377 595 2422 cum
621 2361 668 2420 dis
694 2376 735 2419 ex
760 2360 826 2435 pari
847 2361 934 2420 vivit:
958 2377 1039 2421 nunc

62 2444 130 2522 ipse
154 2453 187 2508 te
210 2446 353 2506 consule:
376 2444 409 2506 si
431 2462 632 2521 numquam
654 2453 829 2506 moestus
851 2460 908 2515 es,
933 2446 1041 2505 nulla

62 2547 152 2606 spes
181 2531 344 2590 animum
366 2537 466 2591 tuum
489 2529 610 2590 futuri
632 2529 935 2604 exspectatione
961 2529 1040 2589 sol-

63 2615 207 2684 licitat,
232 2612 265 2674 si
287 2615 453 2688 perdies
471 2622 689 2689 noctesque
713 2628 780 2689 par
801 2621 836 2672 et
857 2612 1041 2688 aequalis

62 2697 1042 2773 animitenorerectietplacentissibiest,perve-

61 2783 156 2844 nisti
185 2782 232 2843 ad
259 2780 414 2842 humani
443 2782 532 2843 boni
556 2798 744 2843 summam.
781 2781 837 2840 sed
868 2782 893 2841 si
923 2783 1042 2857 adpetis

62 2870 239 2944 voluptates
266 2873 296 2926 et
319 2863 455 2942 undique
482 2875 511 2927 et
534 2881 656 2940 omnes,
680 2865 756 2926 scito
784 2872 898 2934 tantum
924 2865 978 2928 tibi
1003 2882 1043 2926 ex

61 2951 229 3026 sapientia,
253 2959 398 3026 quantum
415 2967 454 3010 ex
468 2952 581 3026 gaudio
596 2951 720 3011 deesse.
741 2951 781 3010 ad
796 2950 855 3012 hoc
870 2952 959 3028 cupis
975 2967 1042 3028 per·

61 3035 182 3110 venire,
206 3036 264 3096 sed
285 3051 369 3095 erras
386 3035 446 3095 vic.
474 3036 551 3096 inter
566 3032 687 3096 divitias
703 3033 774 3095 illuc
796 3043 955 3097 venturum
972 3051 1042 3097 esso

61 3136 89 3181 rc
105 3136 234 3196 speras,
252 3119 330 3180 inter
344 3119 502 3180 honores?
522 3121 553 3181 id
569 3127 629 3192 est,
645 3118 790 3194 gaudium
805 3119 884 3181 inter
897 3121 1041 3183 sollicitu·

61 3204 149 3265 dines
175 3203 309 3279 quaeris.
332 3204 405 3278 ista,
428 3221 508 3280 quae
530 3205 575 3265 sic
592 3205 671 3280 petis
689 3211 842 3279 tamquam
858 3205 964 3266 datura
981 3207 1042 3266 lae·

61 3289 155 3349 titiam
172 3305 208 3348 ac
222 3290 425 3363 voluptatem,
450 3305 565 3351 causae
580 3288 721 3351 dolorum
736 3295 817 3350 sunt.
855 3288 982 3364 Omnes,
999 3291 1085 3354 in·15

63 3390 169 3449 quam,
193 3371 236 3432 illi
264 3373 392 3433 tendunt
419 3373 459 3434 ad
484 3373 643 3449 gaudium,
659 3373 722 3450 sed
743 3374 827 3434 unde
849 3374 957 3435 stabile
980 3390 1040 3433 ma-

62 3473 218 3535 gnumque
246 3464 489 3533 consequantur,
516 3459 675 3536 ignorant=
707 3457 760 3522 ille
784 3474 827 3520 ex
847 3457 1005 3522 conuiuiis
1026 3465 1063 3515 st

98 3561 196 3598 suasca
214 3557 283 3597 surr.
301 3543 344 3599 ΙΙΙ.
878 3554 900 3608 l)
