2422 3862
207 227 374 290 EPISTUL.
390 226 483 290 MOR.
501 229 573 291 [ΑΒ.
591 231 671 291 XVI.
693 232 748 292 ΕΡ.
763 241 788 294 2.
800 241 827 296 3.
839 238 896 309 (tt.
908 239 967 308 98.)
1014 231 1077 301 317

94 383 185 445 nobis
197 384 347 458 pendent,
368 399 430 443 non
445 398 484 442 ex
499 383 557 443 illis
573 400 641 445 nos.
687 383 808 460 Omnia,
831 403 911 463 quae
925 387 1105 451 fortunam

93 470 257 541 intuentur,
272 466 313 527 ita
327 467 481 528 fructifera
496 483 532 526 ac
546 467 678 528 iucunda
693 468 776 543 liunt,
792 469 827 544 si,
845 470 897 545 qui
911 469 1074 547 habetilla,

94 569 129 613 se
153 567 279 627 quoque
304 550 396 611 habet
421 566 478 610 nec
508 551 537 609 in
566 566 667 612 rerum
692 567 817 613 suarum
843 559 995 628 potestate
1018 564 1075 618 est

92 643 196 696 errant
215 635 308 706 enim,
331 634 440 707 Lucili,
463 634 514 709 qui
534 642 586 695 aut
606 633 679 696 boni
699 634 814 711 aliquid
836 637 926 697 nobis
941 645 992 698 aut
1005 639 1076 699 mali

92 721 230 781 iudicant
255 719 387 779 tribuere
411 718 578 778 fortunam:
608 717 764 780 materiam
792 719 844 780 dat
867 721 1017 782 bonorum
1039 737 1076 782 ac
1162 791 1165 797 ,

93 806 243 863 malorum
270 811 300 862 et
324 801 406 862 initia
429 797 531 862 r'erum
555 803 639 877 apud
660 818 717 864 nos
739 804 769 862 in
791 805 902 863 malum
921 804 1076 866 bonumve

93 889 287 948 exiturarum.
313 883 464 945 valentior
483 886 563 945 enim
585 885 666 947 omni
688 887 809 947 fortuna
823 886 942 948 animus
958 895 1022 949 est=
1045 889 1075 948 in

92 980 254 1046 utramque
275 977 393 1046 partem
414 969 483 1044 ipse
503 985 555 1029 res
576 986 650 1030 suas
671 971 754 1030 ducit
773 971 943 1048 beataeque
963 987 1000 1032 ac
1020 973 1075 1031 mi·

92 1071 182 1116 serae
196 1055 275 1114 vitae
291 1052 350 1114 sibi
365 1068 459 1113 causa
474 1060 530 1113 ost.
574 1054 673 1113 Malus
689 1053 790 1114 omnia
804 1055 833 1115 in
851 1056 962 1116 malum
977 1057 1105 1132 vertits

92 1140 182 1199 etiam
197 1153 276 1214 quae
292 1153 360 1198 cum
375 1137 480 1212 specie
496 1138 601 1213 optimi
617 1145 777 1198 venerant=
791 1146 902 1199 -rectus
924 1146 1016 1214 atque
1030 1141 1075 1200 in·

92 1232 178 1298 teger
192 1222 316 1296 corrigit
331 1237 426 1297 prava
443 1221 583 1281 fortunae
598 1228 629 1282 et
642 1223 718 1282 dura
731 1228 822 1298 atque
834 1239 946 1299 aspera
958 1223 1076 1286 ferendi

92 1307 220 1368 scientia
235 1306 330 1366 mollit
344 1305 489 1379 idemque
502 1314 530 1366 et
544 1305 682 1366 secunda
696 1313 781 1382 grate
796 1306 911 1382 excipit
921 1307 1073 1369 modeste·

93 1407 154 1467 que
175 1399 204 1451 et
224 1390 357 1450 adversa
375 1395 551 1449 constanter
571 1406 608 1450 ac
630 1389 756 1451 fortiter.
787 1391 838 1465 qui
852 1391 923 1450 licet
937 1391 1080 1466 prudens·

93 1475 141 1548 sit,
156 1475 226 1535 licet
239 1481 348 1534 exacto
364 1473 454 1533 iaciat
466 1479 574 1533 cuncta
585 1473 708 1547 iudicio,
720 1474 790 1535 licet
801 1473 872 1532 nillil
886 1490 981 1549 supra
994 1475 1075 1535 vires

92 1575 166 1619 suas
181 1565 320 1634 temptet=
343 1574 404 1618 non
428 1557 582 1632 continget
602 1556 644 1616 illi
661 1557 775 1617 bonum
791 1557 864 1617 illud
880 1558 1029 1632 integrum
1045 1565 1076 1619 et

93 1650 179 1703 extra
193 1641 291 1702 minas
308 1642 476 1716 [fortunae]
492 1641 640 1716 positum,
663 1639 721 1701 nisi
744 1649 845 1701 certus
863 1641 1014 1701 adversus
1030 1641 1075 1701 in·

93 1735 176 1787 certa
198 1735 254 1787 est.
299 1725 372 1786 Sive
394 1726 471 1786 alios
493 1725 660 1785 observare
680 1725 830 1799 volueris,
852 1724 976 1786 liberius
994 1725 1104 1785 enimi

93 1810 170 1869 inter
191 1811 289 1870 aliena
309 1809 455 1871 iudicium
470 1818 532 1882 est,
555 1809 620 1868 sive
636 1815 666 1869 te
680 1807 782 1883 ipsum
798 1809 903 1869 lavore
919 1810 1074 1884 seposito=

94 1901 125 1952 et
145 1895 258 1954 senties
278 1895 339 1954 hoc
361 1903 391 1954 et
405 1892 616 1967 confiteberis,
638 1891 711 1951 nihil
727 1908 766 1951 ex
781 1892 829 1952 his
845 1890 1029 1968 optabilibus
1045 1900 1076 1954 et

94 1977 262 2038 consutile
279 1994 365 2051 esse,
388 1978 447 2037 nisi
467 1982 497 2037 te
512 1983 619 2038 contra
631 1977 783 2036 levitatem
802 1992 895 2037 casus
910 1992 1076 2052 rerumque

94 2077 198 2122 casum
226 2063 417 2138 sequentium
443 2059 634 2122 instruxeris.
667 2061 725 2121 nisi
751 2061 825 2122 illud
850 2062 1026 2136 frequenter
1046 2069 1076 2122 et

93 2146 160 2206 sine
174 2149 300 2222 querela
314 2148 392 2207 inter
407 2147 527 2222 singula
543 2146 653 2208 damna
668 2143 799 2206 dixeris:

419 2232 466 2292 dis
480 2233 568 2291 aliter
582 2233 674 2291 visum
688 2236 739 2291 est.

92 2313 186 2373 Immo
202 2313 391 2372 mehercules
407 2322 440 2375 ut
454 2331 575 2374 carmen
591 2314 699 2374 lortius
714 2331 751 2373 ac
762 2313 871 2374 iustius
883 2320 994 2389 petam,
1012 2318 1104 2385 quob

93 2396 226 2455 animum
241 2404 326 2456 tuum
342 2397 439 2472 magis
458 2399 580 2473 tntcias,
600 2398 660 2458 hoc
674 2397 781 2470 dicito,
802 2398 943 2472 quotiens
959 2393 1076 2467 aliquid
1099 2425 1108 2440 ·

94 2479 181 2538 aliter
197 2495 289 2552 quam
312 2479 468 2552 cogitabas
489 2481 639 2540 evenerit:
660 2481 696 2538 di
717 2480 867 2541 melius.
897 2480 942 2539 sio
958 2490 1074 2551 conpo-

94 2561 154 2620 sito
168 2560 240 2619 nihil
255 2561 382 2622 accidet.
410 2561 455 2621 sic
470 2570 570 2622 autem
587 2570 793 2637 conponetur,
815 2561 857 2632 si,
881 2561 954 2636 quid
969 2558 1075 2618 huma·

94 2661 202 2704 narum
220 2660 320 2704 rerum
337 2644 467 2705 varietas
483 2644 597 2720 possit,
614 2644 806 2719 cogitaverit,
828 2643 989 2719 antequam
1005 2656 1074 2700 sen-

96 2729 178 2789 serit.
197 2729 223 2788 si
235 2737 266 2789 et
276 2729 390 2788 liberos
402 2735 432 2788 et
444 2729 604 2803 coniugem
614 2735 644 2788 et
654 2726 867 2802 patrimonium
882 2726 925 2787 sic
937 2725 1076 2786 habuerit

95 2821 251 2888 tamquam
272 2830 333 2874 non
355 2813 459 2888 utique
480 2828 603 2888 semper
621 2811 779 2872 habiturus
801 2816 830 2870 et
844 2817 999 2885 tamquam
1013 2824 1076 2871 nort

97 2898 215 2958 tuturus
236 2896 274 2957 ob
296 2897 355 2959 hoc
376 2898 531 2971 miserior,
552 2895 579 2957 si
600 2896 714 2956 babere
736 2895 869 2955 desierit.
913 2893 1105 2955 calami-o

97 2987 209 3041 tosus
235 2988 294 3042 ost
319 2982 466 3043 animus
494 2981 616 3042 luturi
636 2979 775 3040 anxius
796 2985 826 3040 et
846 2985 916 3039 ante
934 2975 1075 3039 miserias
1171 3029 1173 3032 ,

96 3065 204 3139 miser,
226 3066 277 3140 qni
293 3065 442 3126 sollicitus
457 3072 519 3139 est,
535 3073 567 3126 ut
581 3080 632 3137 ea,
649 3062 760 3140 quibus
776 3063 952 3138 delectatur,
967 3061 1007 3121 ad
1023 3077 1075 3121 ex·

96 3156 221 3210 tremum
237 3165 338 3226 usque
352 3155 560 3224 permaneant.
584 3149 666 3210 nullo
685 3148 763 3207 enim
779 3154 916 3223 tempore
931 3144 1076 3220 conquie-

98 3240 163 3294 scet
177 3241 206 3293 et
220 3235 453 3309 exspectatione
469 3231 587 3294 venturi
605 3233 795 3309 praesentia,
821 3233 931 3307 quibus
947 3229 1005 3290 irui
1021 3246 1075 3304 po·

98 3322 188 3388 terat,
209 3318 332 3380 amittet.
362 3319 392 3379 in
414 3333 515 3395 aequo
536 3325 584 3379 est
605 3324 705 3379 autem
720 3318 826 3392 [dolor]
841 3316 974 3376 amissae
987 3313 1032 3373 rei
1048 3317 1079 3374 et

98 3399 186 3460 timor
199 3402 390 3463 amittendae.
435 3403 498 3464 Nec
512 3404 582 3464 ideo
597 3401 755 3478 praecipio
772 3399 824 3461 tibi
838 3396 1105 3475 neglegentiam?

98 3489 130 3543 tu
157 3499 228 3546 vero
254 3487 417 3548 metuenda
442 3487 569 3550 declina.
604 3485 752 3565 quioquid
780 3483 909 3553 consilio
938 3477 1076 3556 prospici
