2422 3862
215 241 386 304 Epistol.
401 242 495 304 molt.
517 242 590 303 tiit.
602 243 652 303 111.
675 240 808 307 deae.
828 247 954 318 (mm.)
1035 241 1077 308 5³

102 398 170 461 satis
188 397 374 458 vixerimusz
397 411 487 456 nemo
504 395 563 456 hoc
579 403 678 471 putat,
700 395 751 470 qui
767 395 882 456 orditur
896 411 964 458 cum
981 398 1075 458 maxi-

100 499 141 544 me
166 482 270 544 vitam.
312 480 379 540 Non
404 479 552 556 estquod
577 480 734 540 existimes
760 494 877 556 paucos
904 496 975 542 esse
1000 482 1116 543 hos=11

101 565 322 644 propemodum
342 579 448 626 omnes
471 571 551 625 sunt.
585 564 708 638 quidam
729 581 803 626 vero
824 572 896 627 tunc
917 565 1073 641 incipiunt,

99 667 160 712 cnm
172 650 380 712 desinendum
391 655 448 709 est.
471 649 497 710 si
509 648 569 708 hoc
580 646 698 709 iudicas
709 649 833 724 mirum,
848 647 979 711 adiciam
991 650 1075 726 quod

98 735 189 812 magis
205 734 382 796 admireris:
407 730 532 808 quidam
547 740 617 794 ante
632 733 737 793 vivere
751 733 909 795 desierunt
924 750 1014 810 quam
1029 737 1073 794 in-

99 821 239 896 ciperent.
272 819 362 878 Vale.

387 953 607 1012 EPISTULA
633 956 677 1011 ill.
706 955 778 1025 (ll.)

282 1086 289 1098 ·
346 1053 457 1104 Seneca
474 1052 587 1103 Lucmro
608 1062 659 1102 sao
678 1063 816 1103 surorum.

154 1155 327 1217 Sollicitum
346 1164 375 1217 te
391 1170 462 1216 esse
477 1153 587 1215 scribis
603 1154 645 1221 de,
656 1154 759 1215 iudicii
774 1160 899 1229 eventu,
922 1158 1005 1231 quod
1021 1154 1074 1216 tibi
1087 1162 1102 1213 1

96 1241 176 1303 luror
198 1240 313 1301 inimici
334 1239 504 1312 denuntiat,
533 1245 563 1298 et
586 1239 743 1300 existimas
764 1254 813 1298 me
834 1255 1014 1314 suasurum,
1042 1248 1075 1301 ut

94 1325 220 1385 oreliara
240 1324 296 1386 tibi
316 1325 385 1400 ipse
405 1339 563 1399 proponas
584 1331 614 1384 et
634 1323 820 1397 adquiescas
842 1322 911 1399 spei
931 1324 1072 1386 blandae.

95 1410 166 1484 quid
181 1408 264 1470 enim
278 1423 409 1469 necesse
424 1415 472 1468 est
486 1410 564 1468 mala
578 1423 739 1469 accersere
753 1415 783 1467 et
797 1410 872 1468 satis
885 1409 1072 1484 citopatien·

94 1493 132 1553 da
151 1510 221 1554 com
242 1493 394 1562 venerint,
416 1507 613 1569 praesumere
628 1508 664 1551 ao
680 1508 828 1567 praesens
844 1499 965 1568 tempus
981 1494 1073 1554 loturi

94 1586 173 1640 metu
187 1577 341 1652 perderet
361 1584 408 1637 est
421 1575 489 1638 sinc
500 1577 593 1638 dubio
605 1579 742 1650 stultum,
758 1584 789 1636 et
800 1577 874 1652 quia
885 1578 1074 1652 quandoque

95 1662 135 1722 sis
156 1662 278 1723 futurus
299 1661 406 1735 miser,
429 1676 501 1723 esse
521 1664 580 1721 iam
595 1660 749 1722 miserum.
770 1661 827 1721 sed
842 1676 900 1735 ego
916 1661 974 1721 alia
988 1669 1018 1721 te
1034 1661 1073 1720 ad

94 1746 286 1807 securitatem
313 1746 362 1806 via
385 1746 505 1808 ducam.
550 1744 588 1806 Si
615 1746 674 1805 vis
703 1760 847 1805 omnem
873 1743 1102 1806 sollicita-a

93 1830 217 1891 dinem
243 1845 402 1904 exuere,
435 1831 624 1906 quicquid
652 1829 805 1889 vereris
831 1844 877 1888 nc
901 1829 1072 1904 eveniat,

93 1921 319 1976 eventurum
357 1915 490 1992 utique
527 1929 705 1990 propone
736 1921 771 1974 et
802 1914 1072 1988 quodcumque

93 2009 151 2061 est
178 1999 279 2060 illud
307 1999 456 2075 malum,
485 2006 611 2060 tecum
633 1998 719 2073 ipse
741 1998 876 2057 metire
898 2013 940 2057 ac
962 1998 1070 2059 timo-

91 2100 167 2145 rem
189 2091 293 2144 tuum
315 2090 405 2144 taxa
425 2092 455 2144 et
469 2083 629 2159 intelleges
642 2082 781 2158 prolecto
794 2090 915 2144 autnon
929 2098 1070 2158 maguum

93 2177 226 2230 autnon
248 2170 371 2243 longum
394 2185 481 2242 esse,
511 2168 595 2245 quod
617 2167 736 2228 metuis.
771 2166 835 2227 Nec
851 2168 903 2229 diu
920 2170 1100 2244 exemplat

93 2253 205 2328 quibus
221 2252 426 2327 confirmeris,
448 2253 620 2328 colligenda
634 2259 719 2313 sunt:
740 2252 840 2312 omnis
855 2253 906 2311 illa
923 2260 1008 2313 actas
1024 2260 1069 2314 tu·

93 2338 133 2396 lit.
162 2336 193 2397 in
211 2353 435 2413 quamcumque
448 2345 565 2413 partem
580 2353 681 2398 rerum
697 2337 744 2396 vel
760 2336 891 2397 civilium
907 2339 955 2396 vel
971 2343 1069 2397 exter-

93 2438 199 2482 narum
213 2418 390 2483 memoriam
405 2422 542 2494 miseris,
564 2428 726 2483 occurrent
737 2420 789 2480 tibi
802 2422 923 2496 ingenia
935 2427 986 2481 aut
997 2437 1068 2495 pro·

94 2507 190 2567 lectus
215 2512 269 2567 aut
292 2504 415 2581 inpetus
441 2505 552 2581 magni.
593 2503 747 2580 Numquid
773 2506 914 2565 accidere
941 2505 1008 2577 libi,
1042 2502 1069 2564 si

94 2591 263 2665 damneris,
283 2598 386 2665 potest
401 2592 505 2653 durius
522 2607 614 2665 quarn
633 2598 666 2651 ut
682 2588 808 2650 mittaris
825 2589 855 2648 in
871 2587 1015 2648 exilium?
1036 2582 1070 2649 ul

94 2675 216 2735 ducaris
231 2675 261 2734 in
276 2683 452 2736 carcerem?
473 2675 621 2751 numquid
634 2675 712 2735 ultra
724 2675 888 2750 quicquam
899 2672 953 2734 ulli
964 2673 1069 2734 timen-

94 2760 162 2820 dum
184 2767 234 2821 est
254 2775 345 2836 quam
364 2768 398 2820 ut
416 2767 542 2821 uraturt
571 2775 661 2836 quam
677 2766 709 2820 ut
723 2765 850 2834 pereat?
876 2758 996 2833 singula
1011 2758 1071 2819 ista

95 2845 245 2906 constitue
259 2852 289 2905 et
303 2851 530 2920 contemptores
546 2859 651 2905 comm
666 2843 740 2918 cita,
756 2841 809 2919 qui
820 2858 880 2902 non
892 2843 1069 2919 quaerendi,

94 2930 147 2989 sed
169 2929 304 3005 eligendi
326 2937 405 2990 sunt.
441 2928 673 2990 Damnationem
688 2927 919 2988 suam-Rutilius
935 2928 981 2988 sic
995 2927 1099 3002 tulitl

94 3020 247 3090 tamquam
262 3013 335 3074 nihil
354 3014 395 3073 illi
411 3017 571 3076 molestum
587 3011 670 3073 aliud
685 3019 768 3073 esset
784 3029 875 3087 quam
891 3012 976 3088 quod
991 3013 1070 3072 male

93 3095 285 3159 iudicaretur.
313 3098 436 3159 exilium
450 3097 591 3160 Metellus
606 3098 721 3159 lortiter
734 3095 814 3172 tulit,
834 3097 965 3159 Rutilius
980 3095 1071 3158 ctiam

94 3181 234 3244 libenter:
257 3184 341 3257 alter,
359 3189 394 3243 ut
406 3183 533 3256 rediret,
556 3182 743 3258 reipublicae
757 3181 920 3256 praestitit,
935 3182 1068 3241 alterre·

94 3266 185 3328 ditum
208 3283 298 3329 suum
314 3266 416 3327 Sullae
431 3268 567 3341 negavit,
590 3267 638 3328 cui
652 3266 724 3326 nihil
739 3272 810 3325 tunc
825 3263 1002 3341 negabatur.
1034 3264 1079 3323 In¹

95 3366 216 3413 carcere
242 3351 387 3412 Socrates
413 3352 579 3427 disputavit
603 3351 751 3424 etenira,
777 3364 846 3410 cum
869 3358 987 3423 essent,
1018 3347 1070 3423 qui

94 3435 305 3510 promitterent
325 3437 442 3509 lugam,
465 3437 560 3498 noluit
579 3433 807 3513 remansitque,
825 3441 864 3498 ut
882 3434 1019 3496 duarum
1030 3447 1083 3490 re·

92 3524 156 3579 mm
165 3519 415 3593 gravissimarum
428 3520 608 3585 nominibus
624 3530 743 3588 metum
760 3525 924 3598 demeret,
941 3517 1061 3580 moniis
1073 3519 1110 3572 sl
