2422 3862
163 217 226 283 464
464 225 493 279 L.
505 223 643 280 ANNAEl
656 222 818 280 SENECAE

159 377 317 431 innocentia
338 393 402 432 mea
422 392 496 432 nunc
513 376 633 431 maxime
649 374 770 448 gaudeo.
794 382 910 446 apparet
926 376 1001 430 enim
1018 376 1085 431 illos
1099 379 1148 434 ob·

158 461 278 515 iecturos
294 476 380 528 vera,
403 461 426 515 si
443 466 568 532 possent.

95 548 98 553 ’
117 545 152 601 43
225 544 287 598 Non
310 561 340 598 es
364 544 515 615 lupatria:
544 544 632 615 patria
658 548 700 598 est
723 543 888 613 ubicumque
903 544 976 599 bene
998 548 1050 597 est.
1080 543 1150 599 illud

161 628 249 696 enirn,
273 643 325 698 per
341 627 417 698 quod
431 630 504 683 bene
520 633 576 696 est,
598 643 654 682 non
671 626 699 681 in
714 629 777 682 loeo
794 625 846 681 sed
860 626 888 679 in
902 624 1016 682 homine
1033 632 1086 682 est.

116 714 151 768 44
223 711 297 765 Nihil
316 727 448 783 magnum
469 717 511 766 est
531 712 558 765 in
579 713 663 766 rebus
683 709 827 778 humanis,
850 709 902 764 nisi
919 710 1030 765 animus
1042 725 1148 778 magna

160 795 329 866 despiciens.

116 881 149 933 45
225 876 303 944 Quae
319 884 381 931 sunt
395 893 515 948 magnae
532 877 668 934 divitiae?
690 893 747 932 non
762 876 925 932 desiderare
942 877 1066 934 divitias.

115 963 149 1017 46
224 959 290 1027 Quis
308 961 455 1031 plurimum
470 960 575 1016 habet?
596 961 642 1032 qui
657 962 799 1016 minimum
815 961 898 1031 cupit.
951 993 955 999 ·

115 1045 149 1102 47
225 1042 297 1110 Quid
312 1050 354 1098 est
368 1042 437 1099 dare
450 1043 617 1099 beneficium
635 1041 735 1118 [de0]l
759 1045 842 1100 deum
857 1044 966 1098 imitari.

117 1130 152 1184 48
223 1127 372 1182 Honestius
391 1132 433 1182 est
447 1144 509 1182 cum
524 1128 691 1184 indicaveris
710 1144 804 1184 amare
820 1143 903 1198 quam
918 1143 981 1182 cum
996 1129 1146 1200 amaveris,

161 1209 296 1265 iudicare.

115 1297 150 1351 49
226 1290 368 1348 Diss‘ensio
385 1296 418 1349 ab
435 1294 488 1350 alio
504 1295 631 1366 incipiat,
647 1310 664 1348 a
678 1300 704 1349 te
720 1299 812 1348 autern
827 1293 1026 1350 reconciliatio.

116 1384 150 1437 50
225 1375 365 1433 Succurre
380 1381 538 1449 paupertati
554 1379 722 1446 amicorum,
743 1378 826 1432 immo
845 1394 970 1432 occurre.

116 1467 149 1520 51
224 1461 338 1516 Amicos
354 1461 497 1517 secundae
510 1478 555 1516 res
568 1467 682 1533 parant,
698 1460 837 1516 adversae
849 1461 1004 1516 certissime
1015 1463 1137 1533 probant

115 1551 149 1605 52
222 1545 321 1600 Peiora
342 1551 406 1599 sunt
427 1550 499 1599 tecta
519 1544 585 1599 odia
607 1560 690 1615 quam
710 1550 817 1615 aperta.
845 1545 937 1614 itaque
954 1551 980 1600 te
996 1546 1090 1600 minus
1107 1547 1143 1600 lo>

157 1644 233 1698 quax
247 1629 375 1683 inimicus
392 1627 509 1684 offendit
525 1644 607 1700 quam
621 1627 728 1682 tacitus.
749 1646 752 1651 ·

115 1718 149 1772 53
221 1711 292 1765 Mira
312 1712 382 1767 ratio
404 1718 459 1782 est,
490 1728 561 1783 quae
583 1727 638 1766 non
659 1713 717 1768 vult
736 1711 909 1782 praedicari,
936 1712 1014 1783 quod
1039 1712 1147 1784 gaudet

160 1795 285 1866 intelligi.

115 1884 150 1939 54
224 1878 349 1949 Agnosci
364 1884 451 1947 amat,
472 1879 519 1950 qui
535 1879 694 1951 quodagit‚
711 1878 838 1934 ostendit

115 1969 149 2022 55
221 1961 412 2058 Eleemosyna
426 1978 482 2017 non
496 1968 551 2018 tarn
567 1964 764 2034 accipientibus
780 1978 864 2033 quam
877 1962 1007 2018 dantibus
1018 1963 1146 2035 prodest.

117 2052 151 2106 56
163 2051 190 2101 et
204 2062 270 2116 spes
285 2045 403 2116 praemii
420 2032 547 2101 solatium
564 2046 593 2101 srt
611 2048 723 2103 laboris.

116 2134 150 2190 57
225 2127 302 2196 Quae
319 2135 361 2183 est
376 2130 497 2184 maxima
513 2135 647 2200 egestas?
669 2133 795 2188 avaritia

115 2218 151 2273 56
222 2212 384 2267 Pecuniae
377 2228 516 2282 imperare
533 2220 655 2285 oportet,
677 2231 732 2269 non
747 2215 866 2272 servire.

115 2302 150 2356 59
224 2295 334 2349 Nullum
350 2296 492 2350 conscium
506 2304 684 2369 peccatorum
701 2304 810 2353 tuorum
822 2298 911 2370 magis
923 2297 1049 2353 timueris
1063 2315 1147 2370 quam

160 2383 244 2436 temet
260 2379 365 2449 ipsum:
388 2380 472 2434 alium
486 2387 566 2451 potes
582 2381 724 2454 effugere,
746 2388 772 2438 te
789 2388 880 2438 autem
896 2397 1059 2453 numquam.

115 2469 150 2524 60
224 2461 292 2531 Quis
309 2468 351 2518 cst
364 2468 496 2535 paupert
516 2466 563 2536 qui
576 2466 629 2521 sibi
644 2467 764 2533 videtur.

114 2554 148 2609 61
224 2545 277 2615 Qui
292 2563 309 2601 a
324 2547 415 2602 multis
432 2548 555 2617 timetur,
576 2551 676 2615 multos
692 2552 778 2605 timet.

114 2637 149 2692 62
222 2631 410 2686 Infelicitatem
425 2631 518 2703 erige,
539 2634 667 2689 submitte
683 2635 861 2690 felicitatem.¹

115 2720 149 2776 63
222 2715 299 2770 Vera
313 2715 428 2769 felicitas
443 2717 601 2772 innocentia
617 2723 666 2773 est.

115 2803 151 2857 64
224 2796 352 2867 Nequitia
367 2799 429 2869 ipsa
444 2800 486 2853 sui
500 2815 593 2870 poena
609 2808 661 2856 est.

116 2886 150 2940 65
224 2879 298 2934 Nlala'
313 2883 483 2937 conscientia
499 2900 586 2955 saepe
600 2891 658 2942 tuta
673 2891 729 2954 est,
750 2901 850 2940 secura
866 2899 1027 2953 numquam.

115 2968 149 3023 66
226 2962 359 3018 Libidinis
375 2965 451 3020 initia
469 2968 632 3038 continebit,
654 2969 700 3040 qui
714 2970 817 3024 exitum
831 2967 969 3040 cogitabit.

114 3050 148 3106 67
223 3045 357 3101 Beneficii
371 3051 478 3120 accepti
493 3067 644 3123 numquam
655 3058 765 3125 oportet
777 3052 918 3121 oblivisci,
939 3050 996 3106 dati
1007 3051 1145 3122 protinus.

115 3135 150 3190 68
223 3128 374 3185 Inhonesta
388 3132 505 3189 victoria
521 3140 563 3191 est
577 3153 643 3191 suos
662 3137 786 3194 vincere.

115 3219 149 3273 69
224 3211 297 3268 Satis
314 3220 355 3269 est
369 3232 524 3286 poenarum
538 3221 664 3315 potuisse
678 3221 780 3293 puniri.

114 3303 148 3358 70
223 3296 381 3354 Inimicitias
395 3301 474 3354 tarde
490 3303 616 3375 suscipe,
636 3301 794 3380 [amicitias]
811 3319 912 3360 exerce
928 3303 1114 3382 moderata--

114 3386 147 3441 ll
224 3379 383 3437 Simultates
399 3383 519 3454 depone.
1044 3418 1088 3451 ··.·,·

107 3465 143 3520 72
214 3466 314 3541 Imago
331 3466 415 3525 animi
432 3485 526 3528 sermo
544 3476 595 3528 est.
1035 3492 1037 3497 ·
1055 3412 1112 3511 ”3³35
