2422 3862
217 170 388 233 musruu.
404 170 587 232 nomme.
602 173 653 232 rr.
675 173 731 232 ur.
746 184 808 236 nr.
833 183 960 251 (mor.)
1038 165 1077 241 7'1

101 327 174 404 quid
194 326 249 385 tibi
269 340 309 385 ex
329 323 393 399 bis,
414 338 493 399 quac
507 332 665 401 optantur,
685 327 815 388 eveniat.
855 328 920 390 Non
936 337 1007 390 sunt
1020 331 1108 395 istas

99 412 196 485 bone,
219 414 300 485 quoe
321 409 351 468 in
373 417 403 469 to
422 407 472 469 isti
492 411 599 471 volunt
618 413 756 485 congeri:
779 427 874 472 unum
890 412 1005 473 bonurn
1020 423 1075 487 cst,

100 494 183 571 quod
198 494 309 554 boetem
324 493 403 552 vitee
418 508 513 554 cause
528 501 558 553 et
576 495 797 556 flnnumentum
812 503 873 570 εει,
895 496 954 557 sibi
970 497 1076 558 fidere.

98 578 155 640 boc
175 585 280 638 sutem
302 577 477 652 contingere
498 594 559 638 non
582 585 697 653 potest,
728 578 787 639 nisi
813 587 1005 656 contemptus
1030 591 1078 642 est

97 663 184 722 labor
199 669 231 723 et
242 663 275 723 in
290 676 396 723 eorum
411 676 538 723 numero
553 661 690 735 habitus,
707 679 786 739 quae
801 679 902 740 neque
913 664 995 726 bone
1007 673 1077 727 sunt

98 762 198 822 neque
213 748 304 806 melu.
337 746 404 806 lieri
418 745 498 806 enim
512 762 577 807 non·
590 754 706 822 potest,
726 754 760 808 ut
773 765 833 809 una
847 750 910 809 ulle
921 764 972 810 res
983 750 1075 811 modo

96 832 175 890 mela
196 831 253 902 sit,
276 830 369 890 modo
390 829 488 904 bono,
509 831 602 892 modo
623 832 702 892 levis
715 839 746 893 et
763 831 960 908 perferendo,
983 834 1075 895 modo

96 913 346 990 expavescenda.
379 913 480 975 Labor
494 915 608 975 bonurn
622 932 683 977 non
697 923 760 976 est=
784 917 858 992 quid
871 930 945 994 ergo
961 918 1104 982 estber

95 1005 190 1060 nume
209 996 326 1059 laboris
341 998 534 1073 contemptio.
557 999 660 1076 itaque
674 1000 705 1061 in
720 1014 829 1061 vonum
845 1016 997 1077 operosos
1013 1004 1074 1064 col·
1127 1000 1129 1004 '

95 1083 243 1159 peveritn.
279 1097 387 1143 rursus
407 1082 448 1142 ad
469 1084 598 1144 honeste
612 1084 756 1160 nitentes,
786 1087 1011 1162 quantomagis
1029 1087 1074 1147 in·

85 1167 259 1229 rubuerint
272 1167 434 1242 minusque
448 1166 507 1228 sibi
521 1168 601 1228 vinci
616 1182 652 1229 ec
663 1168 791 1244 strigare
803 1170 1004 1246 permiserint,
1020 1173 1073 1231 ad·

95 1251 238 1326 probabo
259 1257 291 1310 ct
311 1251 465 1313 olemaboz
498 1260 600 1326 „tanto
620 1253 729 1313 melior
749 1266 841 1328 surge
861 1261 892 1314 et
910 1253 1028 1331 inspiro
1045 1262 1075 1316 ει

93 1336 208 1396 clivum
223 1333 315 1396 istum
330 1345 408 1408 uno,
431 1335 459 1395 ri
472 1343 577 1412 potes,
602 1338 710 1414 spiritu
725 1343 907 1413 exsupero.“
939 1338 1073 1400 Genero-

94 1436 149 1481 sos
169 1419 292 1480 animos
310 1420 398 1481 libor
411 1419 512 1482 nutrit.
547 1420 613 1482 Non
630 1428 678 1481 est
690 1436 781 1500 ergo,
804 1423 887 1498 quod
904 1437 942 1482 ex
956 1421 1007 1482 illo
1022 1438 1102 1491 ves

93 1513 159 1565 tere
181 1509 279 1577 [voto]
302 1506 459 1580 parentum
474 1512 594 1566 tuorum
607 1506 718 1580 eligas,
741 1506 814 1581 quid
831 1506 1005 1581 contingere
1020 1505 1073 1566 tibi

93 1588 188 1663 velie,
211 1588 286 1663 otrid
308 1592 410 1664 optem
433 1596 464 1649 et
477 1591 506 1649 in
522 1596 616 1650 totum
631 1589 690 1649 ium
706 1602 762 1665 per
777 1591 908 1649 maxims
923 1596 991 1650 ecto
1006 1590 1072 1650 viro

93 1679 186 1748 torpe
203 1679 253 1732 ost
272 1671 443 1734 etiamnunc
463 1674 540 1733 deos
554 1674 689 1750 fatigare.
725 1673 803 1746 puio
818 1672 897 1734 votis
912 1683 992 1748 opus
1007 1680 1074 1732 εειι

94 1758 143 1816 lec
155 1764 186 1817 te
198 1757 268 1832 ipse
276 1757 409 1817 inlicem.
432 1757 525 1818 lecies
537 1765 646 1831 eutem,
663 1758 689 1817 si
700 1757 886 1817 intellexeris
898 1757 979 1816 bonu
992 1770 1072 1830 εεεε,

95 1841 210 1918 ouibus
231 1838 365 1901 admittto
387 1849 434 1902 est
452 1841 565 1915 virtus,
594 1841 708 1916 titrpie,
733 1841 843 1915 quibus
866 1841 1072 1902 matitia-con-

94 1925 199 1985 iuncte
213 1931 270 1985 cst.
306 1925 565 1999 Quernodmodem
581 1925 647 1985 sine
660 1924 790 1985 mixture
799 1924 876 1985 lucis
888 1924 961 1984 nilrll
972 1926 1072 2001 splen·

94 2009 203 2069 didum
218 2015 280 2083 est,
303 2009 375 2070 nibli
391 2017 504 2084 etrum,
525 2007 584 2069 nisi
600 2008 684 2083 quod
698 2009 840 2069 tenebras
855 2008 947 2069 habet
959 2014 1009 2070 out
1020 2009 1073 2068 ali-

94 2093 171 2168 quid
189 2094 221 2153 in
242 2108 278 2154 εε
299 2095 391 2154 tremit
408 2094 547 2169 obscuri,
570 2093 827 2168 quemadmodum
841 2094 908 2154 sine
922 2093 1072 2155 adiutorio

94 2179 175 2252 ignis
197 2177 271 2237 nibil
291 2177 424 2238 calidum
441 2187 506 2253 cst,
527 2177 601 2237 nihil
618 2178 686 2238 sine
700 2180 770 2238 aere
785 2177 940 2253 trigidum:
963 2178 1004 2238 itu
1017 2177 1071 2239 ho·

94 2269 184 2322 nesta
205 2269 235 2321 ει
254 2261 355 2337 turpia
377 2264 493 2324 virtutis
515 2279 552 2323 oc
566 2262 699 2322 malitiae
712 2262 843 2323 societas
858 2261 960 2323 elficit.
997 2261 1102 2336 purus

94 2361 169 2420 ergo
186 2354 234 2406 est
247 2345 382 2406 bonurn?
402 2358 501 2406 rerum
516 2344 653 2407 scientie.
676 2346 749 2422 quid
764 2350 874 2408 malum
886 2353 954 2407 εειι
972 2362 1073 2406 rerum

95 2429 246 2504 inperitia.
281 2431 335 2489 ille
355 2432 491 2505 prudens
512 2438 603 2506 atque
624 2428 732 2490 artilex
752 2446 808 2506 pro
827 2437 964 2506 tempore
980 2445 1072 2504 quae-

97 2530 159 2588 que
178 2515 307 2588 repellet
327 2521 379 2574 nul
396 2515 495 2590 eliget.
524 2515 580 2575 sed
597 2528 654 2575 nec
670 2530 749 2590 quae
763 2515 882 2590 repellit
895 2513 993 2585 timet,
1016 2528 1073 2571 nec

95 2598 222 2658 miratur
244 2612 323 2674 quoe
344 2597 448 2673 elegit,
472 2598 604 2659 simodo
618 2603 747 2674 mugnus
763 2599 804 2659 illi
821 2604 851 2658 ει
867 2596 998 2657 invictus
1011 2595 1072 2655 ani-

97 2698 164 2741 mus
188 2689 244 2742 εει.
285 2681 424 2743 Submitti
447 2690 477 2743 te
499 2692 534 2742 ec
557 2681 685 2758 deprimi
707 2692 785 2743 ueto.
819 2681 953 2743 laborem
970 2680 1071 2741 sinon

96 2782 241 2838 recuses,
271 2781 376 2841 parum
398 2775 458 2827 est:
482 2782 587 2841 posce.
621 2767 717 2843 „Quis
735 2781 824 2841 ergo,
846 2765 964 2842 inquis,
988 2765 1100 2831 labore

97 2850 224 2910 irivolus
241 2859 270 2909 et
284 2866 496 2925 supervacuus
511 2854 604 2911 estt“
628 2867 717 2926 quem
732 2849 862 2911 humiles
878 2864 990 2910 causae
1003 2867 1074 2911 evo·

97 2940 252 2994 caverunt.
286 2951 347 2994 non
362 2940 409 2994 est
420 2936 535 3011 malus,
559 2950 618 2994 non
634 2932 731 3009 magis
748 2950 838 3010 quam
853 2935 918 3008 ille,
941 2935 993 3009 qui
1008 2935 1074 3009 pul-

98 3017 179 3078 chris
203 3017 296 3078 rebus
316 3017 504 3093 inpenditur,
528 3019 669 3094 qnoniam
693 3017 783 3078 animi
799 3024 847 3078 est
860 3017 1074 3093 ipsntoteran·

95 3101 152 3174 tie,
178 3114 257 3177 quae
278 3117 313 3162 εε
333 3103 373 3162 ed
393 3103 471 3162 dllra
491 3109 521 3162 et
540 3114 652 3177 tepere
668 3101 804 3162 lrortttttr
819 3115 855 3162 eo
868 3099 957 3162 dicit:
980 3102 1075 3176 „quid

97 3191 230 3245 cesses?
250 3202 311 3248 non
333 3193 381 3268 εει
399 3187 455 3245 viri
474 3187 580 3246 timere
602 3187 776 3247 sudorem.“
807 3186 875 3246 Huc
889 3192 920 3245 et
935 3183 1010 3245 illud
1026 3190 1104 3244 coll

98 3268 203 3342 cedet,
229 3275 264 3329 u't
288 3271 425 3344 perfecte
448 3272 545 3330 virtus
568 3268 621 3344 sit,
645 3269 813 3344 aequantes
835 3285 872 3330 uc
890 3277 979 3329 tenor
994 3269 1075 3329 vitae

97 3366 156 3426 per
175 3353 277 3415 omnia
296 3360 472 3415 consonans
495 3353 568 3428 sibi,
598 3354 681 3428 quod
703 3357 764 3414 nori
786 3359 888 3428 potest
910 3359 995 3427 esse,
1017 3352 1075 3411 nisi

96 3446 201 3496 rerum
219 3436 349 3500 scierim
363 3439 509 3514 contingit
525 3444 555 3498 ει
568 3452 634 3513 ers,
658 3452 712 3513 per
727 3451 819 3514 quum
832 3436 969 3497 humens
981 3451 1021 3494 oc
1032 3435 1078 3494 ‹ii-
