2422 3862
251 216 421 278 EPISTUL.
435 215 530 277 Mon.
553 216 624 277 LlB.
637 215 718 276 Vlll.
740 214 834 277 ΕΜ.
856 223 928 290 (il.)
1014 217 1078 282 169

94 371 1076 449 lioclocovitiumnostrumest,quiidemasapiente

94 457 289 533 exigimus
304 464 342 517 et
355 472 374 516 a
388 455 636 531 proficiente.
665 455 789 517 Suadeo
805 456 905 518 adhuc
920 457 992 518 milri
1007 457 1075 534 ista,

94 558 174 620 quae
190 541 300 615 laudo,
323 540 460 601 nondum
481 540 665 616 persuadeo.
696 538 815 601 etiamsi
838 541 1075 616 persuasissem,

91 626 230 690 nondum
251 632 313 685 tam
336 632 444 701 parata
463 624 607 684 habarcm
630 632 682 684 aut
700 631 761 684 tam
776 625 958 698 exercitata,
980 632 1013 687 ut
1035 628 1075 688 ad

92 726 204 773 omnes
224 724 317 770 casus
339 716 564 785 procurrerent.
607 707 868 782 Quemadmodum
891 711 961 770 lanu
981 714 1114 786 quos-31

92 799 164 858 dam
179 794 306 856 colores
316 794 411 855 semel
427 792 524 864 ducit,
542 793 693 867 quosdam
708 793 767 852 nisi
783 794 908 869 saepius
923 803 1077 855 macerata

92 890 122 942 et
135 886 262 940 recocta
275 890 336 939 non
354 876 497 953 perbibit,
514 874 560 936 sic
574 877 650 936 alias
664 876 843 952 disciplinas
860 879 991 954 ingenia,
1007 895 1075 941 cum

94 979 264 1039 accepere,
288 963 426 1038 protinus
447 967 620 1037 praestant:
642 960 734 1034 hacc,
760 962 820 1022 nisi
841 964 900 1023 alte
916 963 1078 1024 descendit

93 1058 124 1110 ct
139 1048 193 1109 diu
208 1047 289 1108 sedit
302 1054 333 1106 et
348 1046 479 1105 animum
494 1061 555 1105 non
572 1046 729 1117 coloravit,
746 1046 803 1106 sad
819 1047 929 1120 infecit,
947 1048 1019 1107 nibil
1037 1065 1076 1109 ex

92 1134 158 1205 his,
178 1147 260 1208 quae
277 1131 472 1206 promiserat,
497 1137 640 1204 praestat.
678 1128 742 1190 Cito
758 1130 817 1191 hoc
834 1140 936 1206 potest
951 1132 1030 1193 tradi
1047 1136 1119 1194 etat

92 1216 293 1294 paucissimis
311 1212 430 1276 verbis:
452 1230 546 1276 unum
568 1214 682 1275 bonum
698 1230 770 1275 esse
785 1215 940 1291 virtutem,
962 1217 1075 1278 nullum

92 1309 176 1364 certe
192 1299 261 1361 sine
275 1297 400 1372 virtute,
424 1307 454 1360 ct
474 1299 574 1375 ipsam
594 1298 734 1359 virtatem
755 1299 784 1358 in
802 1307 887 1375 parte
902 1301 999 1362 nostri
1014 1317 1062 1361 me

91 1388 186 1460 liora,
208 1383 240 1444 id
262 1391 310 1445 est
328 1383 485 1456 rationali,
507 1381 648 1458 positam.
684 1382 763 1457 Quid
781 1381 839 1444 erit
859 1383 937 1444 haec
960 1385 1077 1445 virtus?

90 1469 240 1531 iudicium
254 1484 359 1529 verum
370 1475 400 1528 et
414 1468 570 1529 inmotum.
592 1468 631 1527 ab
645 1466 706 1526 hoc
721 1469 801 1528 enim
816 1467 938 1543 inpetus
954 1470 1077 1528 venient

91 1553 220 1625 mentis,
243 1551 282 1611 ab
297 1552 357 1613 hoc
373 1552 472 1613 omnis
488 1552 623 1628 specics,
641 1566 721 1627 quae
735 1552 871 1628 inpetum
886 1560 1002 1625 movet,
1027 1568 1074 1612 re-

92 1639 216 1714 digetur
241 1636 281 1697 ad
309 1636 468 1712 liquidum.
513 1636 590 1696 Huic
615 1635 728 1696 iudicio
755 1643 994 1697 consentaneum
1020 1635 1120 1696 eritas

93 1720 214 1795 omnia,
236 1737 316 1796 quae
335 1721 446 1782 virtute
470 1727 611 1781 contacta
632 1726 718 1789 sunt,
741 1725 771 1779 et
795 1719 877 1780 bona
893 1719 1030 1780 iudicare
1045 1727 1076 1780 et

92 1810 223 1867 interae
239 1805 334 1880 paria.
359 1821 523 1881 corporum
540 1812 640 1866 autem
654 1802 737 1864 buna
751 1804 935 1879 corporibus
951 1803 1075 1878 quidem

91 1893 178 1952 bona
191 1897 277 1963 sunt,
295 1888 395 1950 sedin
411 1898 507 1951 totum
523 1905 584 1948 non
601 1895 674 1948 sunl
687 1887 778 1949 bona.
797 1888 846 1948 his
863 1888 992 1965 pretium
1010 1889 1075 1962 qui·

92 1976 165 2036 dem
181 1971 239 2034 erit
252 1973 394 2049 aliquod,
412 1983 545 2034 ceterum
559 1973 689 2047 dignitas
702 1989 763 2033 non
779 1973 849 2033 erit:
865 1972 983 2047 magnis
998 1972 1076 2033 inter

93 2076 130 2121 se
145 2057 315 2120 intervallis
331 2058 502 2118 distabunt:
525 2057 584 2118 alia
605 2057 738 2131 minora,
761 2057 819 2116 alia
840 2055 957 2118 maiora
977 2065 1074 2118 erunt.

91 2144 187 2206 Elin
209 2142 311 2219 ipsis
327 2142 562 2217 sapientiam
579 2142 1120 2217 sectantibusmagnadis-at

94 2228 261 2290 crimina
287 2241 378 2286 csse
406 2226 595 2286 fateamur
621 2240 788 2286 necesse
815 2235 889 2287 cst:
916 2225 994 2287 alius
1016 2227 1074 2286 iam

95 2314 125 2373 in
141 2320 258 2373 tantum
275 2310 418 2384 profecit,
440 2316 600 2371 utcontra
620 2311 771 2371 fortunam
793 2311 906 2372 audeat
927 2311 1075 2372 adtollere

95 2399 222 2469 oculos,
250 2394 307 2454 sed
328 2411 389 2455 non
405 2394 613 2468 pertinaciter:
642 2395 756 2456 cadunt
770 2397 850 2455 enim
864 2394 956 2455 nimio
973 2397 1074 2469 splen·

95 2482 173 2543 dore
187 2479 370 2557 praestricti.
399 2476 477 2539 alius
493 2478 523 2538 in
538 2486 668 2553 tantum,
688 2487 721 2540 ut
736 2481 836 2556 possit
849 2494 918 2540 cum
936 2478 986 2537 illa
1001 2492 1074 2537 con·

95 2567 176 2626 ferre
191 2566 322 2635 voltum,
338 2563 365 2623 si
376 2560 435 2622 iam
448 2564 588 2638 pervenit
601 2564 640 2623 ad
656 2580 806 2624 summum
822 2572 852 2624 et
867 2561 997 2623 fiduciae
1011 2562 1074 2637 ple·

96 2667 155 2712 nus
170 2657 228 2711 est.
250 2648 423 2723 Inperfecta
437 2663 568 2709 necesse
585 2656 633 2708 est
647 2649 749 2708 labent
764 2655 794 2708 et
808 2647 900 2707 modo
916 2645 1122 2722 prodeuntis

96 2735 189 2796 modo
216 2733 418 2794 sublabantur
442 2740 494 2793 aut
528 2732 696 2794 succidant.
744 2731 943 2793 sublabantur
965 2737 1075 2802 antem,

96 2819 154 2880 nisi
172 2819 217 2878 ire
236 2826 267 2878 et
280 2815 333 2877 niti
352 2819 632 2893 perseveraverint:
656 2817 688 2876 si
710 2817 919 2892 quicquam
933 2831 978 2876 ax
994 2823 1075 2878 stu·

97 2904 160 2965 dio
176 2900 580 2963 etiidaliintentione
596 2901 834 2976 laxaverint,
857 2909 961 2963 retro
983 2917 1075 2961 eun·

98 2988 266 3048 dumest.
294 2986 1075 3061 nemoproiectumibiinvenit,ubireli-

98 3080 247 3148 querat.
269 3071 978 3146 Instemusitaqueetperseveremus.
998 3072 1122 3145 plussin

97 3173 189 3233 quam
211 3153 458 3232 protligavimus,
484 3161 595 3216 restat:
622 3155 679 3216 sed
707 3170 819 3230 magna
847 3170 919 3230 pars
938 3162 986 3215 est
1005 3164 1091 3229 pro*

96 3243 197 3304 fectus
211 3241 292 3301 velle
307 3241 467 3317 prolicere.
493 3240 584 3301 lruius
598 3241 643 3300 rei
660 3242 804 3300 conscius
818 3239 891 3299 milri
906 3255 990 3300 sum:
1003 3240 1076 3298 volo

97 3334 127 3387 ct
140 3332 245 3387 mente
258 3333 322 3387 tota
335 3325 418 3386 volo.
452 3332 482 3385 te
499 3339 627 3401 quoque
640 3325 814 3386 instinctum
830 3338 902 3386 csse
917 3331 947 3385 at
965 3338 1077 3399 magno

97 3413 136 3472 ad
161 3408 369 3487 pulcherrima
396 3424 566 3487 properare
591 3408 699 3484 inpetu
725 3408 834 3469 video:
857 3420 1077 3483 properemusz

97 3495 138 3557 ita
161 3495 284 3555 demum
306 3495 366 3555 vita
390 3493 574 3556 beneficium
595 3493 669 3559 erita
697 3493 840 3572 alionum
854 3508 951 3556 mora
970 3496 1040 3558 est,
1063 3495 1103 3545 eu
