2422 3862
168 250 178 269 ,
252 193 422 255 untsrut.
440 192 535 254 mon.
552 194 627 253 tto.
642 193 722 254 xiv.
737 193 794 252 nr.
812 191 842 256 4.
853 180 930 270 ’(εε.)
1021 192 1084 258 nte

98 343 216 420 lerunt,
237 361 276 404 ne
298 360 337 402 ex
356 343 446 403 beata
468 343 591 418 quidem
612 343 755 404 educunt.
786 341 893 403 Sinon
910 350 1025 418 potest,
1048 345 1127 405 ut23

99 430 210 504 dicitia
226 429 353 503 sapiens
370 442 408 486 ex
424 428 513 488 beato
528 426 558 485 in
574 428 719 487 miserum
734 426 887 500 decidere,
903 442 965 487 nnn
983 435 1085 502 potest

97 514 129 574 in
149 529 212 572 non
231 512 363 573 beatum.
394 527 489 587 quare
512 510 592 570 enim
615 511 667 586 qui
682 511 733 570 illa
748 511 864 586 coepit,
886 510 997 571 alicubi
1012 512 1085 571 sub-

98 597 209 658 sistat?
231 612 311 672 quae
325 611 376 655 res
391 597 475 655 illum
490 612 551 656 non
568 594 680 669 patitur
695 596 735 655 ad
750 594 842 655 imum
858 595 997 666 devolvi,
1013 595 1083 655 reti-

98 688 149 743 net
163 683 193 740 in
208 697 337 759 summo.
372 678 477 754 quidni
492 695 552 739 non
569 679 669 754 possit
682 677 772 739 beata
790 677 852 738 vita
867 678 1023 740 rescindit
1046 695 1084 740 nc

96 767 207 825 remitti
223 765 344 840 quidem
362 770 477 838 potest:
501 771 531 824 ει
546 763 616 824 ideo
631 763 727 824 virtus
743 763 782 823 ad
797 762 878 822 illam
895 778 952 839 per
966 778 1001 823 se
1015 763 1084 838 ipsa

79 850 173 909 ‘satis
195 857 251 909 εει.
283 847 380 921 „Quid
403 854 500 922 ergot
523 848 635 922 inquit,
657 845 783 921 sapiens
803 863 867 907 non
887 854 935 907 cst
954 847 1128 920 beatiorum

98 934 150 1009 qui
165 932 279 994 diutius
294 933 383 1003 vixit,
409 947 499 1006 quem
513 932 615 992 nullus
630 931 773 991 avocavit
786 930 890 1006 dulor,
917 947 1009 1006 quam
1024 932 1083 1005 ille,

98 1017 150 1092 qui
172 1033 241 1077 cum
262 1017 342 1075 mala
363 1016 484 1076 lortuna
505 1029 627 1090 semper
647 1015 779 1075 luctatus
797 1021 884 1075 estt“
916 1015 1085 1091 Responde

97 1101 185 1160 mihi*¹
208 1100 356 1176 numquid
378 1107 408 1160 et
429 1099 603 1159 meliorest
625 1105 655 1159 et
675 1097 853 1162 houesu‘ort
876 1099 902 1160 si
924 1098 1002 1161 haec
1023 1115 1084 1159 non

97 1194 183 1258 sunt,
206 1200 245 1244 ne
267 1183 385 1244 beatior
406 1183 529 1260 quidem
551 1191 607 1243 est.
646 1181 760 1243 rectius
784 1183 869 1244 vivat
894 1191 1029 1259 oportet,
1052 1190 1085 1243 ut

97 1269 215 1330 beatius
236 1269 334 1328 vivat:
358 1267 384 1328 si
405 1267 517 1327 rectius
539 1284 600 1326 non
622 1272 737 1342 potest,
762 1284 800 1326 ne
815 1267 933 1328 beatius
950 1269 1083 1343 quidem.

95 1353 175 1413 Nun
195 1353 416 1414 intenditur
440 1351 582 1425 virtus,
609 1367 701 1426 ergo
727 1367 774 1411 ne
797 1352 912 1412 beata
934 1351 1083 1426 quidem

96 1436 190 1510 vita,
207 1452 303 1512 quac
319 1451 364 1495 ex
381 1436 523 1496 virtute
541 1442 608 1496 est.
643 1437 737 1496 virtus
750 1436 1083 1496 enimtantumbonum

62 1576 66 1581 .
94 1520 158 1592 est,
179 1530 213 1581 ut
229 1522 305 1581 istas
321 1519 519 1580 accessiones
533 1519 666 1580 minutas
680 1536 742 1581 non
758 1519 882 1593 sentiat,
904 1520 1081 1579 brevitatem

95 1605 164 1663 aevi
179 1612 209 1665 et
224 1605 362 1665 dolorem
378 1610 586 1678 etcorporum
602 1603 702 1664 varias
720 1602 919 1664 offensiones.
943 1619 1013 1663 nam
1028 1619 1081 1664 vo·

95 1690 197 1764 luptas
213 1705 274 1748 non
290 1694 338 1747 cst
352 1689 453 1762 digna,
468 1688 507 1747 ad
524 1704 615 1762 quam
630 1687 783 1762 respiciat.
818 1686 896 1760 Quid
912 1694 959 1748 εει
972 1687 1001 1746 in
1018 1687 1078 1746 vir·
1089 1691 1125 1746 nt

94 1779 158 1831 tute
173 1773 394 1847 praecipuum?
414 1771 515 1832 tuturo
531 1788 592 1832 non
608 1771 744 1845 indigere
758 1787 816 1831 nec
833 1771 900 1832 dies
915 1787 992 1833 suos
1007 1786 1079 1833 con·

95 1863 219 1929 putare:
242 1856 272 1915 in
293 1856 438 1930 quantulo
461 1856 535 1915 libet
549 1864 687 1929 tempore
701 1856 783 1915 bona
798 1863 922 1916 aeterna
941 1870 1081 1917 consum-

96 1945 167 1997 mat.
196 1936 387 2000 Incredibilia
403 1939 493 1999 nubis
508 1937 586 1999 haec
600 1938 742 1999 videntur
763 1946 793 2000 ει
808 1956 905 2014 supra
920 1939 1082 2000 humanam

95 2028 235 2082 naturam
249 2022 449 2083 excurrentia.
479 2022 667 2083 maiestatem
685 2024 764 2083 enim
780 2023 846 2083 eius
863 2040 901 2083 cx
917 2031 1022 2083 nostra
1037 2024 1081 2083 in·

93 2105 259 2167 becillitute
274 2107 415 2167 metimur
430 2115 460 2166 et
473 2105 555 2167 vitiis
569 2107 682 2168 nostris
698 2122 809 2168 nomen
827 2106 947 2169 virtutis
962 2107 1081 2183 inponi-

94 2207 173 2249 mus.
211 2191 290 2265 Quid
311 2192 429 2265 porro?
462 2206 523 2250 non
550 2207 649 2267 aeque
669 2192 848 2254 incredibile
870 2193 1006 2264 videtur,
1028 2193 1081 2252 ali·

95 2290 187 2348 quem
198 2275 227 2334 in
241 2274 367 2336 summis
380 2273 564 2336 eruciatibus
577 2274 711 2350 positum
720 2276 822 2336 dicere
837 2277 965 2349 „beatus
973 2293 1042 2337 sum
1048 2280 1082 2335 t“

93 2357 178 2433 utqui
205 2358 283 2418 haec
311 2375 372 2419 vox
397 2359 428 2417 in
453 2359 524 2433 ipsa
552 2360 676 2421 ollicina
701 2360 867 2436 voluptatis
893 2359 997 2422 audita
1019 2367 1081 2421 est:

93 2444 317 2516 ,beatissimum
333 2440 439 2518 inquit,
455 2444 535 2504 bunc
548 2450 577 2503 et
590 2447 724 2505 ultimum
739 2445 816 2505 diem
827 2450 903 2519 aad‘
918 2444 1081 2518 Epicurum

94 2542 164 2585 cum
178 2526 260 2586 illum
276 2526 347 2585 hinc
361 2526 468 2587 urinae
490 2524 655 2587 diliicultas
673 2534 845 2601 torqueret,
870 2527 941 2587 hinc
956 2528 1079 2588 insana-

92 2609 163 2669 bilis
191 2611 358 2670 exulcerati
383 2611 472 2672 dolor
499 2610 625 2669 ventris.
666 2609 765 2682 Quiane
789 2625 862 2684 ergo
889 2609 1154 2681 incredibiliatttx

95 2686 153 2754 :su
175 2693 235 2755 sint
255 2695 338 2769 apud
360 2709 431 2768 eos,
458 2693 510 2768 qui
529 2693 670 2754 virtutem
691 2693 807 2764 colunt,
833 2709 902 2753 cum
924 2694 1007 2768 apud
1027 2710 1083 2755 eos

94 2794 221 2852 quoque
241 2779 446 2852 reperiantur,
472 2777 555 2852 apud
577 2793 656 2852 quos
677 2779 820 2852 voluptas
842 2777 1023 2853 imperavit?
1052 2779 1083 2838 hi

93 2878 220 2936 qnoque
237 2862 406 2936 degeneres
428 2868 458 2921 et
478 2859 663 2922 humillimae
683 2860 792 2922 mentis
806 2862 890 2922 aittnt
909 2861 939 2921 in
956 2863 1082 2923 summis
1164 2908 1176 2928 .-

93 2944 263 3019 doloribus,
276 2947 306 3004 iu
320 2945 447 3006 summis
460 2945 682 3006 calamitatibus
693 2945 862 3020 sapientem
872 2947 1083 3008 necmiserum

91 3029 226 3090 futurum
247 3046 306 3089 nec
328 3030 466 3090 beatum:
496 3028 579 3104 atqui
600 3028 660 3089 hoc
679 3045 804 3105 qunque
826 3030 1004 3091 incredibile
1025 3039 1081 3105 est,

91 3111 185 3173 immo
209 3113 428 3173 incredibilius.
467 3128 529 3172 non
551 3111 642 3172 video
665 3112 760 3187 enim,
788 3115 944 3189 quomodo
966 3132 1027 3176 non
1051 3115 1083 3175 in

92 3197 230 3257 infimum
246 3206 353 3272 agatur
373 3213 389 3257 e
407 3197 528 3271 fastigio
545 3210 602 3256 suo
620 3195 739 3258 deiecta
752 3199 865 3259 virtus:
890 3200 1081 3260 authentum

93 3290 253 3356 praestare
270 3281 375 3354 debet,
397 3281 489 3340 autsi
505 3279 617 3342 abhoc
633 3281 764 3356 depulsa
781 3290 845 3361 est,
863 3299 924 3344 non
940 3283 1082 3358 prohibe·

92 3365 139 3424 bit
156 3365 223 3424 lieri
247 3365 402 3424 miserum.
448 3363 540 3424 Stans
563 3381 623 3424 non
639 3372 742 3439 potest
757 3366 926 3444 [sumeittiz
951 3373 1003 3427 aut
1017 3366 1082 3424 vin·

95 3456 182 3509 catur
197 3456 318 3522 oportet
332 3457 384 3509 aut
397 3449 508 3510 vincat.
540 3448 624 3523 „Dis
643 3450 755 3525 inquit,
779 3448 991 3511 inmortalibus
1006 3449 1124 3509 solistt
