<?xml version="1.0" encoding="UTF-8"?>
<!DOCTYPE html PUBLIC "-//W3C//DTD XHTML 1.0 Transitional//EN"
    "http://www.w3.org/TR/xhtml1/DTD/xhtml1-transitional.dtd">
<html xmlns="http://www.w3.org/1999/xhtml" xml:lang="en" lang="en">
 <head>
  <title>
</title>
<meta http-equiv="Content-Type" content="text/html;charset=utf-8" />
  <meta name='ocr-system' content='tesseract 3.04.00' />
  <meta name='ocr-capabilities' content='ocr_page ocr_carea ocr_par ocr_line ocrx_word'/>
</head>
<body>
  <div class='ocr_page' id='page_1' title='image "./lannaeisenecaeo06senegoog_0328.png"; bbox 0 0 2422 3862; ppageno 0'>
   <div class='ocr_carea' id='block_1_1' title="bbox 265 217 1084 294">
    <p class='ocr_par' dir='ltr' id='par_1_1' title="bbox 265 217 1084 294">
     <span class='ocr_line' id='line_1_1' title="bbox 265 217 1084 294; baseline 0.011 -17"><span class='ocrx_word' id='word_1_1' title='bbox 265 218 436 281; x_wconf 86' lang='lat' dir='ltr'><strong>EPISTUL.</strong></span> <span class='ocrx_word' id='word_1_2' title='bbox 448 217 542 278; x_wconf 72' lang='lat' dir='ltr'>llolt.</span> <span class='ocrx_word' id='word_1_3' title='bbox 565 218 638 277; x_wconf 88' lang='lat' dir='ltr'><strong>LIB.</strong></span> <span class='ocrx_word' id='word_1_4' title='bbox 652 218 718 279; x_wconf 89' lang='lat' dir='ltr'>XV.</span> <span class='ocrx_word' id='word_1_5' title='bbox 739 219 796 278; x_wconf 83' lang='grc' dir='ltr'>ΕΡ.</span> <span class='ocrx_word' id='word_1_6' title='bbox 811 227 838 280; x_wconf 75' lang='lat'>2.</span> <span class='ocrx_word' id='word_1_7' title='bbox 853 225 925 294; x_wconf 78' lang='lat'>(94.)</span> <span class='ocrx_word' id='word_1_8' title='bbox 1021 221 1084 286; x_wconf 75' lang='lat'>293</span> 
     </span>
    </p>
   </div>
   <div class='ocr_carea' id='block_1_2' title="bbox 92 351 1145 3554">
    <p class='ocr_par' dir='ltr' id='par_1_2' title="bbox 92 351 1145 3554">
     <span class='ocr_line' id='line_1_2' title="bbox 104 351 1145 446; baseline 0.001 -15"><span class='ocrx_word' id='word_1_9' title='bbox 104 373 154 431; x_wconf 92' lang='lat' dir='ltr'>dis</span> <span class='ocrx_word' id='word_1_10' title='bbox 171 371 344 446; x_wconf 80' lang='lat' dir='ltr'><strong>praeceptis</strong></span> <span class='ocrx_word' id='word_1_11' title='bbox 360 367 473 430; x_wconf 80' lang='lat' dir='ltr'>utiturt</span> <span class='ocrx_word' id='word_1_12' title='bbox 494 368 546 427; x_wconf 92' lang='lat' dir='ltr'>illa</span> <span class='ocrx_word' id='word_1_13' title='bbox 561 383 635 428; x_wconf 89' lang='lat' dir='ltr'>vero</span> <span class='ocrx_word' id='word_1_14' title='bbox 651 365 806 429; x_wconf 87' lang='lat' dir='ltr'>elhcacior</span> <span class='ocrx_word' id='word_1_15' title='bbox 822 375 911 429; x_wconf 88' lang='lat' dir='ltr'>estet</span> <span class='ocrx_word' id='word_1_16' title='bbox 925 370 1014 430; x_wconf 90' lang='lat' dir='ltr'>altius</span> <span class='ocrx_word' id='word_1_17' title='bbox 1030 387 1083 445; x_wconf 89' lang='lat' dir='ltr'>pe·</span> <span class='ocrx_word' id='word_1_18' title='bbox 1140 351 1145 373; x_wconf 70' lang='lat'><em>⁶</em></span> 
     </span>
     <span class='ocr_line' id='line_1_3' title="bbox 103 450 1082 531; baseline 0.001 -16"><span class='ocrx_word' id='word_1_19' title='bbox 103 463 218 529; x_wconf 87' lang='lat' dir='ltr'>netrat,</span> <span class='ocrx_word' id='word_1_20' title='bbox 242 469 321 530; x_wconf 88' lang='lat' dir='ltr'>quae</span> <span class='ocrx_word' id='word_1_21' title='bbox 335 453 460 512; x_wconf 90' lang='lat' dir='ltr'>adiuvat</span> <span class='ocrx_word' id='word_1_22' title='bbox 473 452 591 512; x_wconf 89' lang='lat' dir='ltr'>ratione</span> <span class='ocrx_word' id='word_1_23' title='bbox 607 452 691 527; x_wconf 86' lang='lat' dir='ltr'>quod</span> <span class='ocrx_word' id='word_1_24' title='bbox 707 450 869 528; x_wconf 83' lang='lat' dir='ltr'>praecipit,</span> <span class='ocrx_word' id='word_1_25' title='bbox 887 469 967 528; x_wconf 89' lang='lat' dir='ltr'>quae</span> <span class='ocrx_word' id='word_1_26' title='bbox 981 455 1082 531; x_wconf 90' lang='lat' dir='ltr'>adicit,</span> 
     </span>
     <span class='ocr_line' id='line_1_4' title="bbox 104 534 1081 615; baseline -0.002 -15"><span class='ocrx_word' id='word_1_27' title='bbox 104 555 201 615; x_wconf 88' lang='lat' dir='ltr'>quare</span> <span class='ocrx_word' id='word_1_28' title='bbox 220 538 355 612; x_wconf 91' lang='lat' dir='ltr'>quidque</span> <span class='ocrx_word' id='word_1_29' title='bbox 373 536 544 596; x_wconf 89' lang='lat' dir='ltr'>laciendum</span> <span class='ocrx_word' id='word_1_30' title='bbox 561 537 599 595; x_wconf 88' lang='lat' dir='ltr'>sit</span> <span class='ocrx_word' id='word_1_31' title='bbox 614 535 724 610; x_wconf 89' lang='lat' dir='ltr'>etquis</span> <span class='ocrx_word' id='word_1_32' title='bbox 739 536 900 596; x_wconf 79' lang='lat' dir='ltr'><strong>facientem</strong></span> <span class='ocrx_word' id='word_1_33' title='bbox 937 534 1081 598; x_wconf 86' lang='lat' dir='ltr'>obedien-</span> 
     </span>
     <span class='ocr_line' id='line_1_5' title="bbox 101 620 1081 697; baseline -0.001 -14"><span class='ocrx_word' id='word_1_34' title='bbox 101 631 227 697; x_wconf 82' lang='lat' dir='ltr'><strong>temque</strong></span> <span class='ocrx_word' id='word_1_35' title='bbox 251 620 424 696; x_wconf 80' lang='lat' dir='ltr'>praeceptis</span> <span class='ocrx_word' id='word_1_36' title='bbox 445 621 562 680; x_wconf 87' lang='lat' dir='ltr'>hactus</span> <span class='ocrx_word' id='word_1_37' title='bbox 577 627 745 693; x_wconf 89' lang='lat' dir='ltr'>exspectet.</span> <span class='ocrx_word' id='word_1_38' title='bbox 774 620 801 679; x_wconf 88' lang='lat' dir='ltr'>si</span> <span class='ocrx_word' id='word_1_39' title='bbox 816 620 943 695; x_wconf 88' lang='lat' dir='ltr'>imperio</span> <span class='ocrx_word' id='word_1_40' title='bbox 959 623 1081 696; x_wconf 88' lang='lat' dir='ltr'>profici·</span> 
     </span>
     <span class='ocr_line' id='line_1_6' title="bbox 101 703 1083 780; baseline -0.001 -13"><span class='ocrx_word' id='word_1_41' title='bbox 101 716 166 780; x_wconf 89' lang='lat' dir='ltr'>tur,</span> <span class='ocrx_word' id='word_1_42' title='bbox 190 714 221 766; x_wconf 90' lang='lat' dir='ltr'>et</span> <span class='ocrx_word' id='word_1_43' title='bbox 241 705 464 766; x_wconf 78' lang='lat' dir='ltr'>admonitione:</span> <span class='ocrx_word' id='word_1_44' title='bbox 498 707 584 779; x_wconf 79' lang='lat' dir='ltr'>atqui</span> <span class='ocrx_word' id='word_1_45' title='bbox 602 703 761 779; x_wconf 84' lang='lat' dir='ltr'>proficitur</span> <span class='ocrx_word' id='word_1_46' title='bbox 785 704 927 778; x_wconf 90' lang='lat' dir='ltr'>imperio,</span> <span class='ocrx_word' id='word_1_47' title='bbox 952 721 1025 780; x_wconf 85' lang='lat' dir='ltr'>ergo</span> <span class='ocrx_word' id='word_1_48' title='bbox 1053 714 1083 767; x_wconf 90' lang='lat' dir='ltr'>et</span> 
     </span>
     <span class='ocr_line' id='line_1_7' title="bbox 101 787 1124 863; baseline 0 -13"><span class='ocrx_word' id='word_1_49' title='bbox 101 791 321 851; x_wconf 91' lang='lat' dir='ltr'>admonitione.</span> <span class='ocrx_word' id='word_1_50' title='bbox 354 788 491 849; x_wconf 88' lang='lat' dir='ltr'>induas</span> <span class='ocrx_word' id='word_1_51' title='bbox 518 795 621 861; x_wconf 88' lang='lat' dir='ltr'>partes</span> <span class='ocrx_word' id='word_1_52' title='bbox 643 788 739 847; x_wconf 88' lang='lat' dir='ltr'>virtus</span> <span class='ocrx_word' id='word_1_53' title='bbox 768 787 926 863; x_wconf 87' lang='lat' dir='ltr'>dividitur,</span> <span class='ocrx_word' id='word_1_54' title='bbox 955 790 985 848; x_wconf 87' lang='lat' dir='ltr'>ln</span> <span class='ocrx_word' id='word_1_55' title='bbox 1009 805 1124 859; x_wconf 72' lang='lat' dir='ltr'>con-45</span> 
     </span>
     <span class='ocr_line' id='line_1_8' title="bbox 100 872 1081 948; baseline 0 -13"><span class='ocrx_word' id='word_1_56' title='bbox 100 873 330 948; x_wconf 89' lang='lat' dir='ltr'>templationem</span> <span class='ocrx_word' id='word_1_57' title='bbox 346 873 411 932; x_wconf 90' lang='lat' dir='ltr'>veri</span> <span class='ocrx_word' id='word_1_58' title='bbox 426 880 456 933; x_wconf 92' lang='lat' dir='ltr'>et</span> <span class='ocrx_word' id='word_1_59' title='bbox 471 873 637 932; x_wconf 86' lang='lat' dir='ltr'>actionem:</span> <span class='ocrx_word' id='word_1_60' title='bbox 661 872 948 946; x_wconf 87' lang='lat' dir='ltr'>contemplationem</span> <span class='ocrx_word' id='word_1_61' title='bbox 963 874 1081 935; x_wconf 88' lang='lat' dir='ltr'>institu-</span> 
     </span>
     <span class='ocr_line' id='line_1_9' title="bbox 100 956 1083 1030; baseline -0.001 -11"><span class='ocrx_word' id='word_1_62' title='bbox 100 961 142 1020; x_wconf 88' lang='lat' dir='ltr'>tio</span> <span class='ocrx_word' id='word_1_63' title='bbox 165 957 270 1030; x_wconf 87' lang='lat' dir='ltr'>tradit,</span> <span class='ocrx_word' id='word_1_64' title='bbox 296 958 447 1017; x_wconf 87' lang='lat' dir='ltr'>aetionem</span> <span class='ocrx_word' id='word_1_65' title='bbox 468 957 645 1016; x_wconf 86' lang='lat' dir='ltr'>admonitio.</span> <span class='ocrx_word' id='word_1_66' title='bbox 682 956 830 1016; x_wconf 88' lang='lat' dir='ltr'>Virtutem</span> <span class='ocrx_word' id='word_1_67' title='bbox 851 964 882 1017; x_wconf 89' lang='grc' dir='ltr'>ει</span> <span class='ocrx_word' id='word_1_68' title='bbox 904 965 1028 1018; x_wconf 85' lang='lat' dir='ltr'>exercet</span> <span class='ocrx_word' id='word_1_69' title='bbox 1053 966 1083 1018; x_wconf 92' lang='grc' dir='ltr'>ει</span> 
     </span>
     <span class='ocr_line' id='line_1_10' title="bbox 100 1040 1080 1116; baseline -0.001 -13"><span class='ocrx_word' id='word_1_70' title='bbox 100 1042 237 1104; x_wconf 89' lang='lat' dir='ltr'>ostendit</span> <span class='ocrx_word' id='word_1_71' title='bbox 250 1048 334 1101; x_wconf 88' lang='lat' dir='ltr'>recta</span> <span class='ocrx_word' id='word_1_72' title='bbox 348 1042 438 1102; x_wconf 89' lang='lat' dir='ltr'>actio.</span> <span class='ocrx_word' id='word_1_73' title='bbox 466 1048 573 1101; x_wconf 89' lang='lat' dir='ltr'>acturo</span> <span class='ocrx_word' id='word_1_74' title='bbox 589 1048 689 1101; x_wconf 87' lang='lat' dir='ltr'>autem</span> <span class='ocrx_word' id='word_1_75' title='bbox 707 1040 734 1099; x_wconf 88' lang='lat' dir='ltr'>si</span> <span class='ocrx_word' id='word_1_76' title='bbox 749 1041 877 1115; x_wconf 87' lang='lat' dir='ltr'>prodest</span> <span class='ocrx_word' id='word_1_77' title='bbox 893 1043 945 1116; x_wconf 89' lang='lat' dir='ltr'>qui</span> <span class='ocrx_word' id='word_1_78' title='bbox 962 1042 1080 1116; x_wconf 89' lang='lat' dir='ltr'>suadet,</span> 
     </span>
     <span class='ocr_line' id='line_1_11' title="bbox 101 1125 1081 1200; baseline -0.001 -14"><span class='ocrx_word' id='word_1_79' title='bbox 101 1127 197 1200; x_wconf 89' lang='lat' dir='ltr'>etqui</span> <span class='ocrx_word' id='word_1_80' title='bbox 212 1134 315 1187; x_wconf 91' lang='lat' dir='ltr'>monet</span> <span class='ocrx_word' id='word_1_81' title='bbox 330 1125 475 1200; x_wconf 88' lang='lat' dir='ltr'>proderit.</span> <span class='ocrx_word' id='word_1_82' title='bbox 498 1140 572 1198; x_wconf 81' lang='lat' dir='ltr'>ergo</span> <span class='ocrx_word' id='word_1_83' title='bbox 588 1125 614 1183; x_wconf 92' lang='lat' dir='ltr'>si</span> <span class='ocrx_word' id='word_1_84' title='bbox 627 1132 710 1184; x_wconf 89' lang='lat' dir='ltr'>recta</span> <span class='ocrx_word' id='word_1_85' title='bbox 725 1125 803 1186; x_wconf 89' lang='lat' dir='ltr'>actio</span> <span class='ocrx_word' id='word_1_86' title='bbox 819 1125 920 1186; x_wconf 85' lang='lat' dir='ltr'>virtuti</span> <span class='ocrx_word' id='word_1_87' title='bbox 935 1140 1081 1187; x_wconf 87' lang='lat' dir='ltr'>necessa-</span> 
     </span>
     <span class='ocr_line' id='line_1_12' title="bbox 99 1207 1082 1281; baseline 0.003 -13"><span class='ocrx_word' id='word_1_88' title='bbox 99 1211 146 1268; x_wconf 83' lang='lat' dir='ltr'>ria</span> <span class='ocrx_word' id='word_1_89' title='bbox 164 1218 225 1281; x_wconf 89' lang='grc' dir='ltr'><strong>εει,</strong></span> <span class='ocrx_word' id='word_1_90' title='bbox 248 1216 349 1270; x_wconf 86' lang='lat' dir='ltr'>rectas</span> <span class='ocrx_word' id='word_1_91' title='bbox 374 1216 474 1269; x_wconf 89' lang='lat' dir='ltr'>autem</span> <span class='ocrx_word' id='word_1_92' title='bbox 490 1209 628 1269; x_wconf 80' lang='lat' dir='ltr'>actiones</span> <span class='ocrx_word' id='word_1_93' title='bbox 643 1207 809 1268; x_wconf 90' lang='lat' dir='ltr'>admonitio</span> <span class='ocrx_word' id='word_1_94' title='bbox 827 1209 1029 1270; x_wconf 79' lang='lat' dir='ltr'>demonstrat:</span> <span class='ocrx_word' id='word_1_95' title='bbox 1052 1219 1082 1271; x_wconf 89' lang='lat' dir='ltr'>et</span> 
     </span>
     <span class='ocr_line' id='line_1_13' title="bbox 100 1293 1123 1366; baseline 0.001 -13"><span class='ocrx_word' id='word_1_96' title='bbox 100 1293 268 1355; x_wconf 91' lang='lat' dir='ltr'>admonitio</span> <span class='ocrx_word' id='word_1_97' title='bbox 299 1293 476 1354; x_wconf 86' lang='lat' dir='ltr'>necessaria</span> <span class='ocrx_word' id='word_1_98' title='bbox 501 1300 558 1353; x_wconf 93' lang='lat' dir='ltr'>est.</span> <span class='ocrx_word' id='word_1_99' title='bbox 592 1294 676 1352; x_wconf 89' lang='lat' dir='ltr'>Duae</span> <span class='ocrx_word' id='word_1_100' title='bbox 694 1307 745 1352; x_wconf 90' lang='lat' dir='ltr'>res</span> <span class='ocrx_word' id='word_1_101' title='bbox 773 1294 934 1366; x_wconf 89' lang='lat' dir='ltr'>plurimum</span> <span class='ocrx_word' id='word_1_102' title='bbox 959 1294 1123 1366; x_wconf 69' lang='lat' dir='ltr'>roborisaa</span> 
     </span>
     <span class='ocr_line' id='line_1_14' title="bbox 100 1376 1080 1452; baseline 0.003 -15"><span class='ocrx_word' id='word_1_103' title='bbox 100 1378 202 1437; x_wconf 88' lang='lat' dir='ltr'>animo</span> <span class='ocrx_word' id='word_1_104' title='bbox 229 1378 317 1450; x_wconf 90' lang='lat' dir='ltr'>dant,</span> <span class='ocrx_word' id='word_1_105' title='bbox 343 1378 421 1437; x_wconf 87' lang='lat' dir='ltr'>fides</span> <span class='ocrx_word' id='word_1_106' title='bbox 441 1378 506 1437; x_wconf 91' lang='lat' dir='ltr'>veri</span> <span class='ocrx_word' id='word_1_107' title='bbox 527 1385 557 1437; x_wconf 89' lang='lat' dir='ltr'>et</span> <span class='ocrx_word' id='word_1_108' title='bbox 577 1376 704 1436; x_wconf 82' lang='lat' dir='ltr'>fiducia:</span> <span class='ocrx_word' id='word_1_109' title='bbox 738 1383 898 1452; x_wconf 89' lang='lat' dir='ltr'>utramque</span> <span class='ocrx_word' id='word_1_110' title='bbox 914 1379 1080 1440; x_wconf 87' lang='lat' dir='ltr'>admonitio</span> 
     </span>
     <span class='ocr_line' id='line_1_15' title="bbox 100 1460 1080 1537; baseline 0.001 -17"><span class='ocrx_word' id='word_1_111' title='bbox 100 1461 182 1521; x_wconf 89' lang='lat' dir='ltr'>lacit.</span> <span class='ocrx_word' id='word_1_112' title='bbox 210 1479 280 1521; x_wconf 91' lang='lat' dir='ltr'>nam</span> <span class='ocrx_word' id='word_1_113' title='bbox 300 1469 330 1522; x_wconf 92' lang='grc' dir='ltr'>ει</span> <span class='ocrx_word' id='word_1_114' title='bbox 345 1461 479 1522; x_wconf 90' lang='lat' dir='ltr'>creditur</span> <span class='ocrx_word' id='word_1_115' title='bbox 493 1461 535 1521; x_wconf 91' lang='lat' dir='ltr'>illi</span> <span class='ocrx_word' id='word_1_116' title='bbox 552 1469 596 1534; x_wconf 91' lang='grc' dir='ltr'>ει,</span> <span class='ocrx_word' id='word_1_117' title='bbox 619 1477 688 1520; x_wconf 89' lang='lat' dir='ltr'>cum</span> <span class='ocrx_word' id='word_1_118' title='bbox 703 1460 851 1521; x_wconf 89' lang='lat' dir='ltr'>creditum</span> <span class='ocrx_word' id='word_1_119' title='bbox 867 1467 929 1533; x_wconf 88' lang='lat' dir='ltr'>est,</span> <span class='ocrx_word' id='word_1_120' title='bbox 950 1478 1080 1537; x_wconf 80' lang='lat' dir='ltr'>magnos</span> 
     </span>
     <span class='ocr_line' id='line_1_16' title="bbox 99 1543 1079 1621; baseline 0.001 -17"><span class='ocrx_word' id='word_1_121' title='bbox 99 1547 220 1606; x_wconf 91' lang='lat' dir='ltr'>animus</span> <span class='ocrx_word' id='word_1_122' title='bbox 236 1545 362 1621; x_wconf 88' lang='lat' dir='ltr'>spiritus</span> <span class='ocrx_word' id='word_1_123' title='bbox 379 1547 513 1621; x_wconf 89' lang='lat' dir='ltr'>concipit</span> <span class='ocrx_word' id='word_1_124' title='bbox 529 1561 565 1604; x_wconf 88' lang='lat' dir='ltr'>ac</span> <span class='ocrx_word' id='word_1_125' title='bbox 581 1545 694 1605; x_wconf 88' lang='lat' dir='ltr'>fiducia</span> <span class='ocrx_word' id='word_1_126' title='bbox 708 1543 855 1619; x_wconf 78' lang='lat' dir='ltr'>inpletur:</span> <span class='ocrx_word' id='word_1_127' title='bbox 884 1559 958 1618; x_wconf 80' lang='lat' dir='ltr'>ergo</span> <span class='ocrx_word' id='word_1_128' title='bbox 975 1546 1079 1604; x_wconf 91' lang='lat' dir='ltr'>admo-</span> 
     </span>
     <span class='ocr_line' id='line_1_17' title="bbox 99 1628 1079 1706; baseline 0 -18"><span class='ocrx_word' id='word_1_129' title='bbox 99 1630 173 1690; x_wconf 91' lang='lat' dir='ltr'>nitio</span> <span class='ocrx_word' id='word_1_130' title='bbox 186 1638 308 1691; x_wconf 89' lang='lat' dir='ltr'>nonest</span> <span class='ocrx_word' id='word_1_131' title='bbox 324 1645 527 1706; x_wconf 89' lang='lat' dir='ltr'>supervacua.</span> <span class='ocrx_word' id='word_1_132' title='bbox 549 1629 589 1687; x_wconf 88' lang='lat' dir='ltr'>M.</span> <span class='ocrx_word' id='word_1_133' title='bbox 600 1629 754 1703; x_wconf 83' lang='lat' dir='ltr'>Agrippa,</span> <span class='ocrx_word' id='word_1_134' title='bbox 769 1628 816 1686; x_wconf 89' lang='lat' dir='ltr'>vir</span> <span class='ocrx_word' id='word_1_135' title='bbox 830 1629 962 1703; x_wconf 82' lang='lat' dir='ltr'>ingentis</span> <span class='ocrx_word' id='word_1_136' title='bbox 978 1630 1079 1702; x_wconf 91' lang='lat' dir='ltr'>animi,</span> 
     </span>
     <span class='ocr_line' id='line_1_18' title="bbox 101 1712 1079 1790; baseline -0.001 -17"><span class='ocrx_word' id='word_1_137' title='bbox 101 1714 153 1788; x_wconf 90' lang='lat' dir='ltr'>qui</span> <span class='ocrx_word' id='word_1_138' title='bbox 169 1717 254 1776; x_wconf 90' lang='lat' dir='ltr'>solus</span> <span class='ocrx_word' id='word_1_139' title='bbox 270 1730 308 1774; x_wconf 87' lang='lat' dir='ltr'>ex</span> <span class='ocrx_word' id='word_1_140' title='bbox 325 1714 378 1789; x_wconf 89' lang='lat' dir='ltr'>iis,</span> <span class='ocrx_word' id='word_1_141' title='bbox 396 1731 475 1790; x_wconf 90' lang='lat' dir='ltr'>quos</span> <span class='ocrx_word' id='word_1_142' title='bbox 491 1712 592 1773; x_wconf 89' lang='lat' dir='ltr'>civilia</span> <span class='ocrx_word' id='word_1_143' title='bbox 607 1712 687 1772; x_wconf 92' lang='lat' dir='ltr'>bella</span> <span class='ocrx_word' id='word_1_144' title='bbox 699 1712 800 1771; x_wconf 91' lang='lat' dir='ltr'>claros</span> <span class='ocrx_word' id='word_1_145' title='bbox 817 1718 1020 1787; x_wconf 89' lang='lat' dir='ltr'>potentesque</span> <span class='ocrx_word' id='word_1_146' title='bbox 1037 1714 1079 1773; x_wconf 87' lang='lat' dir='ltr'>le-</span> 
     </span>
     <span class='ocr_line' id='line_1_19' title="bbox 99 1796 1080 1874; baseline 0.001 -18"><span class='ocrx_word' id='word_1_147' title='bbox 99 1805 222 1871; x_wconf 87' lang='lat' dir='ltr'>cerunt,</span> <span class='ocrx_word' id='word_1_148' title='bbox 246 1799 318 1859; x_wconf 87' lang='lat' dir='ltr'>lelix</span> <span class='ocrx_word' id='word_1_149' title='bbox 334 1801 364 1859; x_wconf 91' lang='lat' dir='ltr'>in</span> <span class='ocrx_word' id='word_1_150' title='bbox 384 1798 541 1874; x_wconf 91' lang='lat' dir='ltr'>publicum</span> <span class='ocrx_word' id='word_1_151' title='bbox 556 1797 626 1870; x_wconf 86' lang='lat' dir='ltr'>luit,</span> <span class='ocrx_word' id='word_1_152' title='bbox 648 1796 751 1856; x_wconf 88' lang='lat' dir='ltr'>dicere</span> <span class='ocrx_word' id='word_1_153' title='bbox 766 1796 886 1856; x_wconf 84' lang='lat' dir='ltr'>solebat</span> <span class='ocrx_word' id='word_1_154' title='bbox 903 1797 1029 1856; x_wconf 90' lang='lat' dir='ltr'>multum</span> <span class='ocrx_word' id='word_1_155' title='bbox 1045 1814 1080 1857; x_wconf 91' lang='lat' dir='ltr'>se</span> 
     </span>
     <span class='ocr_line' id='line_1_20' title="bbox 99 1881 1079 1956; baseline 0.003 -17"><span class='ocrx_word' id='word_1_156' title='bbox 99 1881 171 1940; x_wconf 92' lang='lat' dir='ltr'>huie</span> <span class='ocrx_word' id='word_1_157' title='bbox 186 1883 297 1942; x_wconf 86' lang='lat' dir='ltr'>debore</span> <span class='ocrx_word' id='word_1_158' title='bbox 313 1884 496 1943; x_wconf 80' lang='lat' dir='ltr'>sententiae:</span> <span class='ocrx_word' id='word_1_159' title='bbox 525 1928 542 1955; x_wconf 88' lang='lat'>‚,</span> <span class='ocrx_word' id='word_1_160' title='bbox 552 1882 629 1941; x_wconf 82' lang='lat' dir='ltr'>Nam</span> <span class='ocrx_word' id='word_1_161' title='bbox 643 1881 804 1942; x_wconf 78' lang='lat' dir='ltr'>concordia</span> <span class='ocrx_word' id='word_1_162' title='bbox 813 1898 932 1956; x_wconf 83' lang='lat' dir='ltr'>parvae</span> <span class='ocrx_word' id='word_1_163' title='bbox 945 1899 994 1942; x_wconf 81' lang='lat' dir='ltr'>res</span> <span class='ocrx_word' id='word_1_164' title='bbox 1007 1899 1079 1942; x_wconf 85' lang='lat' dir='ltr'>crc-</span> 
     </span>
     <span class='ocr_line' id='line_1_21' title="bbox 97 1964 1080 2038; baseline 0.001 -14"><span class='ocrx_word' id='word_1_165' title='bbox 97 1972 198 2038; x_wconf 82' lang='lat' dir='ltr'>scent,</span> <span class='ocrx_word' id='word_1_166' title='bbox 215 1968 366 2028; x_wconf 82' lang='lat' dir='ltr'>discordia</span> <span class='ocrx_word' id='word_1_167' title='bbox 384 1969 536 2027; x_wconf 78' lang='lat' dir='ltr'>maximae</span> <span class='ocrx_word' id='word_1_168' title='bbox 555 1967 762 2026; x_wconf 78' lang='lat' dir='ltr'>dc&#39;loduntur.“</span> <span class='ocrx_word' id='word_1_169' title='bbox 791 1964 850 2023; x_wconf 91' lang='lat' dir='ltr'>hac</span> <span class='ocrx_word' id='word_1_170' title='bbox 873 1981 907 2025; x_wconf 89' lang='lat' dir='ltr'>se</span> <span class='ocrx_word' id='word_1_171' title='bbox 928 1965 1028 2025; x_wconf 89' lang='lat' dir='ltr'>aiebat</span> <span class='ocrx_word' id='word_1_172' title='bbox 1049 1973 1080 2025; x_wconf 90' lang='grc' dir='ltr'>ει</span> 
     </span>
     <span class='ocr_line' id='line_1_22' title="bbox 99 2047 1118 2126; baseline 0.002 -20"><span class='ocrx_word' id='word_1_173' title='bbox 99 2049 220 2109; x_wconf 83' lang='lat' dir='ltr'>fratrem</span> <span class='ocrx_word' id='word_1_174' title='bbox 236 2058 266 2111; x_wconf 88' lang='lat' dir='ltr'>et</span> <span class='ocrx_word' id='word_1_175' title='bbox 280 2053 410 2112; x_wconf 90' lang='lat' dir='ltr'>amicum</span> <span class='ocrx_word' id='word_1_176' title='bbox 427 2053 573 2126; x_wconf 91' lang='lat' dir='ltr'>optimum</span> <span class='ocrx_word' id='word_1_177' title='bbox 588 2050 710 2110; x_wconf 87' lang='lat' dir='ltr'>lactum.</span> <span class='ocrx_word' id='word_1_178' title='bbox 740 2048 772 2109; x_wconf 88' lang='lat' dir='ltr'>Si</span> <span class='ocrx_word' id='word_1_179' title='bbox 789 2047 941 2110; x_wconf 87' lang='lat' dir='ltr'>eiusmodi</span> <span class='ocrx_word' id='word_1_180' title='bbox 957 2058 1118 2121; x_wconf 79' lang='lat' dir='ltr'>senten-47</span> 
     </span>
     <span class='ocr_line' id='line_1_23' title="bbox 98 2132 1079 2209; baseline 0.002 -18"><span class='ocrx_word' id='word_1_181' title='bbox 98 2133 159 2192; x_wconf 90' lang='lat' dir='ltr'>tiae</span> <span class='ocrx_word' id='word_1_182' title='bbox 172 2132 367 2195; x_wconf 70' lang='lat' dir='ltr'>&#39;familiariter</span> <span class='ocrx_word' id='word_1_183' title='bbox 390 2136 418 2194; x_wconf 89' lang='lat' dir='ltr'>in</span> <span class='ocrx_word' id='word_1_184' title='bbox 441 2136 574 2195; x_wconf 90' lang='lat' dir='ltr'>animum</span> <span class='ocrx_word' id='word_1_185' title='bbox 594 2142 738 2209; x_wconf 87' lang='lat' dir='ltr'>receptae</span> <span class='ocrx_word' id='word_1_186' title='bbox 760 2134 891 2193; x_wconf 86' lang='lat' dir='ltr'>lomrant</span> <span class='ocrx_word' id='word_1_187' title='bbox 912 2150 998 2208; x_wconf 90' lang='lat' dir='ltr'>eum,</span> <span class='ocrx_word' id='word_1_188' title='bbox 1024 2149 1079 2194; x_wconf 92' lang='lat' dir='ltr'>cur</span> 
     </span>
     <span class='ocr_line' id='line_1_24' title="bbox 97 2217 1076 2295; baseline 0.002 -19"><span class='ocrx_word' id='word_1_189' title='bbox 97 2233 159 2277; x_wconf 89' lang='lat' dir='ltr'>non</span> <span class='ocrx_word' id='word_1_190' title='bbox 176 2217 252 2278; x_wconf 90' lang='lat' dir='ltr'>haec</span> <span class='ocrx_word' id='word_1_191' title='bbox 268 2235 341 2294; x_wconf 88' lang='lat' dir='ltr'>pars</span> <span class='ocrx_word' id='word_1_192' title='bbox 357 2219 588 2295; x_wconf 88' lang='lat' dir='ltr'>philosophiae,</span> <span class='ocrx_word' id='word_1_193' title='bbox 606 2234 686 2293; x_wconf 88' lang='lat' dir='ltr'>quoe</span> <span class='ocrx_word' id='word_1_194' title='bbox 701 2217 813 2279; x_wconf 86' lang='lat' dir='ltr'>talibus</span> <span class='ocrx_word' id='word_1_195' title='bbox 829 2219 988 2279; x_wconf 87' lang='lat' dir='ltr'>sententiis</span> <span class='ocrx_word' id='word_1_196' title='bbox 1004 2234 1076 2280; x_wconf 90' lang='lat' dir='ltr'>con·</span> 
     </span>
     <span class='ocr_line' id='line_1_25' title="bbox 98 2302 1076 2379; baseline 0.004 -19"><span class='ocrx_word' id='word_1_197' title='bbox 98 2309 172 2372; x_wconf 90' lang='lat' dir='ltr'>stat,</span> <span class='ocrx_word' id='word_1_198' title='bbox 194 2303 275 2361; x_wconf 87' lang='lat' dir='ltr'>idern</span> <span class='ocrx_word' id='word_1_199' title='bbox 291 2303 412 2377; x_wconf 76' lang='lat' dir='ltr'>possita</span> <span class='ocrx_word' id='word_1_200' title='bbox 446 2303 521 2364; x_wconf 90' lang='lat' dir='ltr'>Pars</span> <span class='ocrx_word' id='word_1_201' title='bbox 538 2303 655 2364; x_wconf 87' lang='lat' dir='ltr'>virtutis</span> <span class='ocrx_word' id='word_1_202' title='bbox 671 2302 835 2377; x_wconf 86' lang='lat' dir='ltr'>disciplina</span> <span class='ocrx_word' id='word_1_203' title='bbox 853 2310 987 2377; x_wconf 86' lang='lat' dir='ltr'>coastat,</span> <span class='ocrx_word' id='word_1_204' title='bbox 1003 2320 1076 2379; x_wconf 82' lang='lat' dir='ltr'>pers</span> 
     </span>
     <span class='ocr_line' id='line_1_26' title="bbox 97 2386 1075 2462; baseline 0.003 -18"><span class='ocrx_word' id='word_1_205' title='bbox 97 2386 332 2445; x_wconf 80' lang='lat' dir='ltr'>exercitatione:</span> <span class='ocrx_word' id='word_1_206' title='bbox 354 2396 384 2446; x_wconf 88' lang='lat' dir='ltr'>et</span> <span class='ocrx_word' id='word_1_207' title='bbox 402 2388 505 2448; x_wconf 91' lang='lat' dir='ltr'>discas</span> <span class='ocrx_word' id='word_1_208' title='bbox 521 2394 643 2462; x_wconf 89' lang='lat' dir='ltr'>oportet</span> <span class='ocrx_word' id='word_1_209' title='bbox 656 2394 686 2446; x_wconf 91' lang='lat' dir='ltr'>ot</span> <span class='ocrx_word' id='word_1_210' title='bbox 702 2387 786 2462; x_wconf 90' lang='lat' dir='ltr'>quod</span> <span class='ocrx_word' id='word_1_211' title='bbox 803 2386 937 2447; x_wconf 89' lang='lat' dir='ltr'>didicisti</span> <span class='ocrx_word' id='word_1_212' title='bbox 954 2388 1075 2462; x_wconf 86' lang='lat' dir='ltr'>agendo</span> 
     </span>
     <span class='ocr_line' id='line_1_27' title="bbox 96 2469 1075 2546; baseline 0.002 -18"><span class='ocrx_word' id='word_1_213' title='bbox 96 2469 273 2528; x_wconf 85' lang='lat' dir='ltr'>confirmes.</span> <span class='ocrx_word' id='word_1_214' title='bbox 297 2470 383 2543; x_wconf 92' lang='lat' dir='ltr'>quod</span> <span class='ocrx_word' id='word_1_215' title='bbox 400 2471 426 2528; x_wconf 90' lang='lat' dir='ltr'>si</span> <span class='ocrx_word' id='word_1_216' title='bbox 442 2479 504 2544; x_wconf 91' lang='lat' dir='ltr'>est,</span> <span class='ocrx_word' id='word_1_217' title='bbox 526 2487 587 2531; x_wconf 94' lang='lat' dir='ltr'>non</span> <span class='ocrx_word' id='word_1_218' title='bbox 600 2478 714 2531; x_wconf 89' lang='lat' dir='ltr'>tantum</span> <span class='ocrx_word' id='word_1_219' title='bbox 731 2471 808 2531; x_wconf 92' lang='lat' dir='ltr'>scita</span> <span class='ocrx_word' id='word_1_220' title='bbox 823 2471 991 2545; x_wconf 89' lang='lat' dir='ltr'>sapientiae</span> <span class='ocrx_word' id='word_1_221' title='bbox 1005 2487 1075 2546; x_wconf 92' lang='lat' dir='ltr'>pro·</span> 
     </span>
     <span class='ocr_line' id='line_1_28' title="bbox 95 2550 1076 2628; baseline 0 -16"><span class='ocrx_word' id='word_1_222' title='bbox 95 2559 182 2624; x_wconf 89' lang='lat' dir='ltr'>sunt,</span> <span class='ocrx_word' id='word_1_223' title='bbox 206 2550 262 2610; x_wconf 92' lang='lat' dir='ltr'>sed</span> <span class='ocrx_word' id='word_1_224' title='bbox 284 2551 375 2611; x_wconf 88' lang='lat' dir='ltr'>etiam</span> <span class='ocrx_word' id='word_1_225' title='bbox 395 2562 575 2627; x_wconf 89' lang='lat' dir='ltr'>praecepta,</span> <span class='ocrx_word' id='word_1_226' title='bbox 597 2568 678 2628; x_wconf 90' lang='lat' dir='ltr'>quae</span> <span class='ocrx_word' id='word_1_227' title='bbox 697 2552 836 2613; x_wconf 88' lang='lat' dir='ltr'>adlectus</span> <span class='ocrx_word' id='word_1_228' title='bbox 853 2564 978 2615; x_wconf 89' lang='lat' dir='ltr'>nostros</span> <span class='ocrx_word' id='word_1_229' title='bbox 993 2556 1076 2613; x_wconf 88' lang='lat' dir='ltr'>velut</span> 
     </span>
     <span class='ocr_line' id='line_1_29' title="bbox 95 2635 1117 2711; baseline 0.005 -15"><span class='ocrx_word' id='word_1_230' title='bbox 95 2636 197 2696; x_wconf 89' lang='lat' dir='ltr'>edicto</span> <span class='ocrx_word' id='word_1_231' title='bbox 216 2643 361 2695; x_wconf 88' lang='lat' dir='ltr'>coercent</span> <span class='ocrx_word' id='word_1_232' title='bbox 376 2644 406 2695; x_wconf 87' lang='lat' dir='ltr'>et</span> <span class='ocrx_word' id='word_1_233' title='bbox 420 2635 564 2710; x_wconf 84' lang='lat' dir='ltr'>adligant.</span> <span class='ocrx_word' id='word_1_234' title='bbox 586 2635 819 2710; x_wconf 89' lang='lat' dir='ltr'>„Philosophia,</span> <span class='ocrx_word' id='word_1_235' title='bbox 835 2637 947 2711; x_wconf 87' lang='lat' dir='ltr'>inquit,</span> <span class='ocrx_word' id='word_1_236' title='bbox 966 2637 1117 2704; x_wconf 80' lang='lat' dir='ltr'>dividi-la</span> 
     </span>
     <span class='ocr_line' id='line_1_30' title="bbox 95 2719 1075 2795; baseline 0.003 -16"><span class='ocrx_word' id='word_1_237' title='bbox 95 2728 144 2779; x_wconf 91' lang='lat' dir='ltr'>tur</span> <span class='ocrx_word' id='word_1_238' title='bbox 160 2720 190 2779; x_wconf 92' lang='lat' dir='ltr'>in</span> <span class='ocrx_word' id='word_1_239' title='bbox 208 2719 299 2794; x_wconf 89' lang='lat' dir='ltr'>haec,</span> <span class='ocrx_word' id='word_1_240' title='bbox 317 2720 473 2780; x_wconf 88' lang='lat' dir='ltr'>scientiam</span> <span class='ocrx_word' id='word_1_241' title='bbox 490 2727 521 2780; x_wconf 87' lang='grc' dir='ltr'>ει</span> <span class='ocrx_word' id='word_1_242' title='bbox 536 2720 669 2780; x_wconf 86' lang='lat' dir='ltr'>habiturn</span> <span class='ocrx_word' id='word_1_243' title='bbox 685 2719 787 2778; x_wconf 87' lang='lat' dir='ltr'>animi.</span> <span class='ocrx_word' id='word_1_244' title='bbox 816 2735 887 2779; x_wconf 91' lang='lat' dir='ltr'>nam</span> <span class='ocrx_word' id='word_1_245' title='bbox 903 2721 955 2795; x_wconf 93' lang='lat' dir='ltr'>qui</span> <span class='ocrx_word' id='word_1_246' title='bbox 971 2721 1075 2783; x_wconf 89' lang='lat' dir='ltr'>didicit</span> 
     </span>
     <span class='ocr_line' id='line_1_31' title="bbox 95 2804 1074 2881; baseline 0.005 -19"><span class='ocrx_word' id='word_1_247' title='bbox 95 2811 125 2863; x_wconf 89' lang='lat' dir='ltr'>et</span> <span class='ocrx_word' id='word_1_248' title='bbox 140 2804 281 2864; x_wconf 84' lang='lat' dir='ltr'>iacienda</span> <span class='ocrx_word' id='word_1_249' title='bbox 296 2821 332 2864; x_wconf 92' lang='lat' dir='ltr'>ac</span> <span class='ocrx_word' id='word_1_250' title='bbox 344 2806 467 2866; x_wconf 91' lang='lat' dir='ltr'>vitanda</span> <span class='ocrx_word' id='word_1_251' title='bbox 483 2805 635 2880; x_wconf 87' lang='lat' dir='ltr'>percepit,</span> <span class='ocrx_word' id='word_1_252' title='bbox 650 2804 786 2864; x_wconf 91' lang='lat' dir='ltr'>nondum</span> <span class='ocrx_word' id='word_1_253' title='bbox 799 2804 924 2879; x_wconf 90' lang='lat' dir='ltr'>sapiens</span> <span class='ocrx_word' id='word_1_254' title='bbox 937 2813 998 2881; x_wconf 88' lang='lat' dir='ltr'>cst,</span> <span class='ocrx_word' id='word_1_255' title='bbox 1015 2806 1074 2868; x_wconf 86' lang='lat' dir='ltr'>nisi</span> 
     </span>
     <span class='ocr_line' id='line_1_32' title="bbox 94 2888 1074 2964; baseline 0.006 -18"><span class='ocrx_word' id='word_1_256' title='bbox 94 2888 125 2946; x_wconf 94' lang='lat' dir='ltr'>in</span> <span class='ocrx_word' id='word_1_257' title='bbox 141 2904 192 2961; x_wconf 88' lang='lat' dir='ltr'>ea,</span> <span class='ocrx_word' id='word_1_258' title='bbox 209 2905 288 2964; x_wconf 89' lang='lat' dir='ltr'>quae</span> <span class='ocrx_word' id='word_1_259' title='bbox 304 2889 422 2964; x_wconf 89' lang='lat' dir='ltr'>didicit,</span> <span class='ocrx_word' id='word_1_260' title='bbox 438 2890 556 2950; x_wconf 86' lang='lat' dir='ltr'>animus</span> <span class='ocrx_word' id='word_1_261' title='bbox 574 2889 640 2949; x_wconf 90' lang='lat' dir='ltr'>eius</span> <span class='ocrx_word' id='word_1_262' title='bbox 655 2889 888 2964; x_wconf 81' lang='lat' dir='ltr'>transfiguratus</span> <span class='ocrx_word' id='word_1_263' title='bbox 903 2897 965 2951; x_wconf 83' lang='lat' dir='ltr'>est:</span> <span class='ocrx_word' id='word_1_264' title='bbox 987 2894 1074 2952; x_wconf 87' lang='lat' dir='ltr'>tertia</span> 
     </span>
     <span class='ocr_line' id='line_1_33' title="bbox 94 2971 1075 3050; baseline 0.005 -19"><span class='ocrx_word' id='word_1_265' title='bbox 94 2971 153 3032; x_wconf 86' lang='lat' dir='ltr'>ista</span> <span class='ocrx_word' id='word_1_266' title='bbox 174 2989 247 3048; x_wconf 90' lang='lat' dir='ltr'>pars</span> <span class='ocrx_word' id='word_1_267' title='bbox 270 2973 481 3050; x_wconf 89' lang='lat' dir='ltr'>praecipiendi</span> <span class='ocrx_word' id='word_1_268' title='bbox 502 2990 541 3034; x_wconf 87' lang='lat' dir='ltr'>ex</span> <span class='ocrx_word' id='word_1_269' title='bbox 560 2981 692 3049; x_wconf 87' lang='lat' dir='ltr'>utroque</span> <span class='ocrx_word' id='word_1_270' title='bbox 708 2981 770 3046; x_wconf 90' lang='lat' dir='ltr'>est,</span> <span class='ocrx_word' id='word_1_271' title='bbox 794 2981 824 3034; x_wconf 90' lang='lat' dir='ltr'>et</span> <span class='ocrx_word' id='word_1_272' title='bbox 837 2991 877 3034; x_wconf 88' lang='lat' dir='ltr'>ex</span> <span class='ocrx_word' id='word_1_273' title='bbox 889 2975 1021 3037; x_wconf 91' lang='lat' dir='ltr'>decretis</span> <span class='ocrx_word' id='word_1_274' title='bbox 1045 2984 1075 3036; x_wconf 91' lang='grc' dir='ltr'>ει</span> 
     </span>
     <span class='ocr_line' id='line_1_34' title="bbox 94 3056 1073 3135; baseline 0.006 -21"><span class='ocrx_word' id='word_1_275' title='bbox 94 3072 134 3114; x_wconf 88' lang='lat' dir='ltr'>ex</span> <span class='ocrx_word' id='word_1_276' title='bbox 149 3056 263 3118; x_wconf 89' lang='lat' dir='ltr'>habitu.</span> <span class='ocrx_word' id='word_1_277' title='bbox 287 3059 391 3133; x_wconf 90' lang='lat' dir='ltr'>itaque</span> <span class='ocrx_word' id='word_1_278' title='bbox 406 3074 600 3135; x_wconf 90' lang='lat' dir='ltr'>supervacua</span> <span class='ocrx_word' id='word_1_279' title='bbox 615 3065 664 3119; x_wconf 89' lang='lat' dir='ltr'>est</span> <span class='ocrx_word' id='word_1_280' title='bbox 677 3059 715 3118; x_wconf 89' lang='lat' dir='ltr'>ad</span> <span class='ocrx_word' id='word_1_281' title='bbox 731 3058 908 3134; x_wconf 87' lang='lat' dir='ltr'>inplendam</span> <span class='ocrx_word' id='word_1_282' title='bbox 924 3060 1073 3135; x_wconf 89' lang='lat' dir='ltr'>virtatem,</span> 
     </span>
     <span class='ocr_line' id='line_1_35' title="bbox 94 3142 1116 3218; baseline 0.004 -19"><span class='ocrx_word' id='word_1_283' title='bbox 94 3142 142 3200; x_wconf 91' lang='lat' dir='ltr'>cui</span> <span class='ocrx_word' id='word_1_284' title='bbox 166 3142 228 3201; x_wconf 94' lang='lat' dir='ltr'>duo</span> <span class='ocrx_word' id='word_1_285' title='bbox 249 3142 300 3201; x_wconf 92' lang='lat' dir='ltr'>illa</span> <span class='ocrx_word' id='word_1_286' title='bbox 322 3143 514 3203; x_wconf 82' lang='lat' dir='ltr'>sulliciunt.⁴‘</span> <span class='ocrx_word' id='word_1_287' title='bbox 551 3145 614 3204; x_wconf 91' lang='lat' dir='ltr'>lsto</span> <span class='ocrx_word' id='word_1_288' title='bbox 636 3158 710 3218; x_wconf 85' lang='lat' dir='ltr'>ergo</span> <span class='ocrx_word' id='word_1_289' title='bbox 731 3143 824 3205; x_wconf 92' lang='lat' dir='ltr'>modo</span> <span class='ocrx_word' id='word_1_290' title='bbox 852 3152 883 3202; x_wconf 89' lang='lat' dir='ltr'>et</span> <span class='ocrx_word' id='word_1_291' title='bbox 903 3143 1073 3206; x_wconf 90' lang='lat' dir='ltr'>consolatio</span> <span class='ocrx_word' id='word_1_292' title='bbox 1081 3149 1116 3204; x_wconf 80' lang='lat' dir='ltr'>le</span> 
     </span>
     <span class='ocr_line' id='line_1_36' title="bbox 94 3227 1073 3303; baseline 0.003 -18"><span class='ocrx_word' id='word_1_293' title='bbox 94 3241 288 3299; x_wconf 86' lang='lat' dir='ltr'>supervacua</span> <span class='ocrx_word' id='word_1_294' title='bbox 303 3233 364 3300; x_wconf 89' lang='grc' dir='ltr'><strong>εει,</strong></span> <span class='ocrx_word' id='word_1_295' title='bbox 379 3243 449 3287; x_wconf 93' lang='lat' dir='ltr'>nam</span> <span class='ocrx_word' id='word_1_296' title='bbox 463 3227 542 3288; x_wconf 87' lang='lat' dir='ltr'>haee</span> <span class='ocrx_word' id='word_1_297' title='bbox 558 3243 683 3303; x_wconf 89' lang='lat' dir='ltr'>quoque</span> <span class='ocrx_word' id='word_1_298' title='bbox 697 3244 737 3287; x_wconf 83' lang='lat' dir='ltr'>ex</span> <span class='ocrx_word' id='word_1_299' title='bbox 750 3234 882 3301; x_wconf 83' lang='lat' dir='ltr'>utroque</span> <span class='ocrx_word' id='word_1_300' title='bbox 897 3235 958 3301; x_wconf 90' lang='lat' dir='ltr'>est,</span> <span class='ocrx_word' id='word_1_301' title='bbox 974 3234 1004 3288; x_wconf 90' lang='lat' dir='ltr'>et</span> <span class='ocrx_word' id='word_1_302' title='bbox 1021 3230 1073 3288; x_wconf 92' lang='lat' dir='ltr'>ad-</span> 
     </span>
     <span class='ocr_line' id='line_1_37' title="bbox 92 3308 1074 3386; baseline 0.005 -20"><span class='ocrx_word' id='word_1_303' title='bbox 92 3308 224 3370; x_wconf 90' lang='lat' dir='ltr'>hortatio</span> <span class='ocrx_word' id='word_1_304' title='bbox 248 3318 278 3370; x_wconf 87' lang='lat' dir='ltr'>et</span> <span class='ocrx_word' id='word_1_305' title='bbox 301 3312 405 3372; x_wconf 90' lang='lat' dir='ltr'>suasio</span> <span class='ocrx_word' id='word_1_306' title='bbox 420 3319 451 3371; x_wconf 91' lang='lat' dir='ltr'>et</span> <span class='ocrx_word' id='word_1_307' title='bbox 465 3311 535 3386; x_wconf 89' lang='lat' dir='ltr'>ipsa</span> <span class='ocrx_word' id='word_1_308' title='bbox 547 3312 778 3385; x_wconf 83' lang='lat' dir='ltr'>argumentatio.</span> <span class='ocrx_word' id='word_1_309' title='bbox 807 3327 877 3370; x_wconf 90' lang='lat' dir='ltr'>nam</span> <span class='ocrx_word' id='word_1_310' title='bbox 898 3312 1020 3372; x_wconf 81' lang='lat' dir='ltr'>ethaeo</span> <span class='ocrx_word' id='word_1_311' title='bbox 1035 3313 1074 3371; x_wconf 87' lang='lat' dir='ltr'>ab</span> 
     </span>
     <span class='ocr_line' id='line_1_38' title="bbox 93 3392 1073 3470; baseline 0.004 -20"><span class='ocrx_word' id='word_1_312' title='bbox 93 3392 198 3453; x_wconf 89' lang='lat' dir='ltr'>habitu</span> <span class='ocrx_word' id='word_1_313' title='bbox 213 3394 305 3454; x_wconf 90' lang='lat' dir='ltr'>animi</span> <span class='ocrx_word' id='word_1_314' title='bbox 326 3396 477 3470; x_wconf 87' lang='lat' dir='ltr'>conpositi</span> <span class='ocrx_word' id='word_1_315' title='bbox 488 3393 644 3470; x_wconf 86' lang='lat' dir='ltr'>validique</span> <span class='ocrx_word' id='word_1_316' title='bbox 657 3395 872 3470; x_wconf 88' lang='lat' dir='ltr'>proficiscitur.</span> <span class='ocrx_word' id='word_1_317' title='bbox 897 3395 954 3454; x_wconf 90' lang='lat' dir='ltr'>sod</span> <span class='ocrx_word' id='word_1_318' title='bbox 970 3411 1073 3468; x_wconf 80' lang='lat' dir='ltr'>quarn</span> 
     </span>
     <span class='ocr_line' id='line_1_39' title="bbox 94 3476 1065 3554; baseline 0.001 -21"><span class='ocrx_word' id='word_1_319' title='bbox 94 3477 140 3536; x_wconf 91' lang='lat' dir='ltr'>vis</span> <span class='ocrx_word' id='word_1_320' title='bbox 156 3477 214 3537; x_wconf 87' lang='lat' dir='ltr'>ista</span> <span class='ocrx_word' id='word_1_321' title='bbox 225 3494 264 3538; x_wconf 87' lang='lat' dir='ltr'>ex</span> <span class='ocrx_word' id='word_1_322' title='bbox 277 3479 391 3554; x_wconf 89' lang='lat' dir='ltr'>optimo</span> <span class='ocrx_word' id='word_1_323' title='bbox 406 3478 511 3538; x_wconf 85' lang='lat' dir='ltr'>habitu</span> <span class='ocrx_word' id='word_1_324' title='bbox 522 3479 613 3538; x_wconf 89' lang='lat' dir='ltr'>animi</span> <span class='ocrx_word' id='word_1_325' title='bbox 624 3477 905 3554; x_wconf 73' lang='lat' dir='ltr'>veniant-optimus</span> <span class='ocrx_word' id='word_1_326' title='bbox 919 3477 1010 3539; x_wconf 86' lang='lat' dir='ltr'>animi</span> <span class='ocrx_word' id='word_1_327' title='bbox 1020 3476 1065 3535; x_wconf 86' lang='lat' dir='ltr'>ha</span> 
     </span>
    </p>
   </div>
   <div class='ocr_carea' id='block_1_3' title="bbox 0 0 1216 3862">
    <p class='ocr_par' dir='ltr' id='par_1_3' title="bbox 0 0 1216 3862">
     <span class='ocr_line' id='line_1_40' title="bbox 0 0 1216 3862; baseline 0 3"><span class='ocrx_word' id='word_1_328' title='bbox 0 0 1216 3862; x_wconf 95' lang='lat' dir='ltr'> </span> 
     </span>
    </p>
   </div>
  </div>
 </body>
</html>
