2422 3862
286 241 457 302 uersum.
471 221 565 331 upa.
587 241 659 301 nra.
677 242 696 299 ι.
719 240 775 299 nr.
791 249 874 303 r-a.
1050 241 1070 304 5

98 413 158 456 cum
173 395 270 454 muita
285 392 488 468 percurreris,
501 407 595 451 unum
607 407 755 467 excerpe,
773 392 857 468 quod
868 392 918 453 illo
932 394 982 454 die
997 410 1070 454 con-

97 495 218 556 coquas.
253 477 322 537 Hoc
343 476 411 551 ipse
427 491 551 551 quoque
566 476 660 536 facio:
683 491 721 535 ex
734 476 890 551 pluribus,
908 493 988 552 quae
1002 480 1070 556 legi,
1086 486 1103 537 5

96 561 208 639 aliquid
235 559 447 636 adprehendo.
480 558 670 620 Hodiernum
697 559 756 619 hoc
786 567 847 631 est,
876 563 959 636 quod
988 565 1070 637 apud

95 649 255 723 Epicurum
272 651 403 705 nanctus
419 660 502 704 sum:
514 645 656 704 -soleo
673 644 752 702 enim
770 652 799 704 et
813 645 843 703 in
857 644 957 705 aliena
971 654 1073 706 castra

97 733 238 803 transire,
255 745 319 789 non
334 736 485 804 tamquam
501 730 672 803 transfuga,
689 729 744 788 sed
762 730 914 804 tamquam
931 731 1072 805 explora-

96 811 1073 889 tor-‚,Honesta,inquit,resestlaetapaupertas.“

97 901 144 960 llla
158 915 234 960 vero
248 914 312 959 non
328 905 375 958 est
387 903 567 971 paupertas,
584 896 611 955 si
624 898 703 956 laeta
718 904 780 957 esta
796 898 844 956 cui
858 913 925 958 cum
942 914 1071 974 pauper·
1087 912 1105 966 6

97 993 150 1046 tate
165 986 247 1044 bene
263 983 420 1052 convenit,
437 981 523 1040 dives
539 989 596 1040 est.
629 995 689 1040 non
708 980 758 1054 qui
775 996 880 1055 parurn
894 982 1000 1057 hahet,
1015 985 1072 1043 sed

96 1070 143 1145 qui
161 1069 233 1145 plus
249 1067 347 1141 cupit,
371 1080 487 1140 pauper
508 1071 563 1124 est.
601 1065 675 1139 quid
697 1064 775 1124 eninr
797 1067 902 1137 refert,
928 1074 1072 1141 quantum

93 1154 132 1213 illi
146 1155 177 1212 in
194 1167 283 1224 arca,
305 1157 449 1225 quantum
474 1149 504 1208 in
518 1148 637 1209 horreis
652 1147 764 1221 iaceat,
790 1159 934 1223 qnantum
957 1160 1071 1226 pascat,

95 1243 240 1313 quantum
257 1237 388 1306 leneret,
405 1234 431 1292 si
443 1233 542 1293 alieno
558 1232 697 1306 inminet,
713 1233 739 1292 si
756 1249 815 1293 non
832 1233 1000 1310 adquisita,
1016 1237 1072 1296 sed

93 1319 288 1396 adquirenda
308 1324 473 1393 conputati
500 1316 573 1390 Quis
591 1317 630 1377 sit
647 1316 817 1378 divitiarum
831 1319 958 1395 modus,
980 1336 1072 1395 quae-

93 1407 151 1465 ris=
178 1404 311 1480 primus,
332 1401 446 1462 habere
462 1401 545 1476 quod
562 1416 691 1461 necesse
706 1408 768 1474 est,
792 1403 964 1478 proximus,
989 1406 1072 1480 quod

95 1499 143 1550 sat
157 1496 216 1549 est.
249 1488 337 1546 Vale.

392 1680 395 1684 Ι
446 1604 660 1662 EPISTULA
681 1607 725 1665 ΙΙΙ.

352 1703 590 1754 senseriacum
613 1714 664 1753 suo
685 1714 823 1756 suturam.

159 1825 315 1899 Epistulas
340 1824 380 1883 ad
406 1840 453 1882 inc
480 1826 679 1900 perferendas
705 1823 870 1895 tradidisti,
897 1831 930 1882 ut
955 1824 1102 1892 scribisr

98 1909 196 1968 amico
211 1915 275 1969 tuo.
307 1909 417 1967 deinde
432 1909 581 1969 admones
595 1923 659 1981 me,
682 1922 721 1966 ne
736 1909 838 1966 onmia
853 1923 921 1967 cum
937 1923 974 1967 eo
992 1909 1031 1967 ad
1047 1918 1075 1968 te

99 1991 281 2068 pertinentia
302 1993 536 2066 communicem,
566 1993 717 2067 quianon
739 1993 842 2051 soleas
864 2007 903 2050 ne
925 1990 993 2066 ipse
1009 1995 1076 2067 qui-

99 2078 166 2136 dem
181 2077 214 2135 id
227 2077 345 2136 facere:
364 2077 404 2135 ita
420 2077 528 2137 eadem
544 2077 676 2152 epistula
688 2069 769 2134 illum
784 2083 814 2134 et
827 2076 930 2136 dixisti
946 2076 1075 2137 amicum

99 2170 128 2221 et
140 2161 272 2236 negasti.
295 2160 399 2235 ltaque
411 2160 456 2220 sic
470 2162 570 2235 priore
582 2161 632 2221 illo
646 2161 740 2220 uerbo
757 2163 844 2235 quasi
862 2159 983 2235 publico
998 2179 1075 2222 usus

100 2261 132 2304 es
153 2254 183 2305 et
200 2245 245 2304 sic
260 2243 343 2304 illurn
364 2245 523 2305 amicum
546 2243 680 2318 vocasti,
704 2246 859 2320 quomodo
882 2261 988 2305 omnes
1005 2262 1075 2306 ean-

99 2329 221 2391 didatos
237 2328 360 2390 bonos
377 2329 482 2390 viros
499 2328 643 2402 dicimus,
661 2330 815 2404 quomodo
834 2329 958 2402 olarios,
976 2330 1003 2388 si
1022 2347 1080 2389 no·
1103 2380 1107 2391 .

98 2429 166 2474 men
188 2429 250 2473 non
272 2413 437 2486 succurrit,
459 2413 636 2474 dominos
658 2416 834 2474 salutamus.
865 2414 931 2472 Hac
954 2414 1075 2473 abierit!
1109 2412 1118 2469 Ἰ

99 2497 1109 2573 Sedstariquernamicunexistimas‚coinontan-r
1151 2510 1153 2514 ’

98 2583 263 2643 tamdem
284 2580 414 2642 credis
436 2590 618 2656 quantum
641 2581 726 2654 tibi,
749 2583 998 2642 vehementer
1018 2598 1076 2641 er-

97 2683 159 2726 ras
181 2673 218 2725 et
239 2666 432 2726 nonsatis
453 2666 558 2726 nosti
582 2666 651 2724 vim
675 2665 1017 2726 veraeamicitiac=
1044 2675 1077 2726 tu

100 2765 172 2811 vero
189 2751 292 2810 omnia
307 2765 376 2810 cum
391 2751 490 2810 amico
506 2748 655 2823 delibera,
671 2751 727 2810 sed
745 2751 784 2809 de
800 2752 869 2825 ipso
888 2750 983 2825 prius.
1006 2759 1078 2826 post

99 2834 261 2896 amicitiam
286 2833 474 2894 credendmn
500 2841 561 2905 est,
588 2842 658 2894 ante
683 2835 843 2894 amicitiam
870 2835 1077 2895 iudicandum.

99 2918 150 2979 lsti
160 2932 238 2980 vero
255 2924 455 2993 praepostero
472 2917 574 2978 oificia
590 2919 787 2993 permiscent,
804 2919 855 2993 qui
870 2926 975 2979 contra
991 2935 1076 2994 prac-

100 3011 188 3079 cepta
216 3002 438 3077 Theophrasti,
466 3019 541 3063 cum‘
561 3012 757 3076 amaverunt,
783 3001 936 3076 iudicant,
964 3011 993 3063 et
1016 3021 1077 3063 uon

99 3095 215 3162 arnunt,
235 3103 304 3147 cum
327 3085 547 3147 iudicaverunt.
579 3087 637 3146 Diu
658 3087 774 3162 cogita,
796 3104 833 3146 arr
855 3087 908 3147 tibi
931 3088 961 3146 in
976 3087 1078 3148 amici-

101 3173 168 3233 tiam
183 3172 297 3248 aliquis
312 3170 508 3246 recipiendus
526 3170 573 3230 sit.
607 3172 838 3246 complacuerit
858 3172 938 3244 lieri,
961 3179 1023 3232 toto
1044 3173 1073 3231 il-

99 3255 157 3319 lum
183 3264 314 3332 pectore
339 3254 476 3315 admitte:
506 3263 566 3314 tam
595 3256 750 3316 audaciter
780 3272 849 3316 curn
874 3256 926 3316 illo
953 3258 1079 3331 loquere

101 3356 190 3417 quam
202 3348 320 3405 tecum.
342 3339 387 3399 Tu
403 3337 525 3414 quidem
542 3340 682 3412 itariae,
698 3348 730 3400 ut
744 3338 817 3399 uilril
833 3339 885 3400 tibi
901 3341 1079 3415 committas,
1093 3349 1112 3403 3

100 3426 157 3489 niti
167 3425 259 3505 cuod
274 3422 464 3485 committere
478 3423 567 3484 etiam
582 3423 703 3486 inimico
720 3430 774 3485 tuo
793 3424 914 3503 possis.
941 3424 1005 3484 sed
1016 3422 1098 3499 adia

100 3509 303 3573 interueniunt
315 3507 472 3584 quaedam,
489 3525 570 3585 quae
583 3513 787 3578 consuetudo
802 3513 1117 3583 lectionarium
