2422 3862
154 211 219 274 300
452 207 485 268 1,
501 205 648 267 ANNAEI
671 203 847 266 SENECAE

126 363 243 438 oouod
261 362 347 435 dioo,
368 361 429 422 tale
444 367 506 420 est:
533 358 748 434 granimaticus
770 373 832 419 uon
853 357 1016 418 erubescet
1038 361 1142 419 soloe·

156 450 262 522 cismo,
280 446 306 506 si
322 443 425 506 sciens
441 444 528 504 lacit:
548 443 724 516 embescet,
740 443 767 502 si
781 442 935 502 nesciens.
958 443 1097 504 medicus
1114 443 1140 503 si

156 531 290 593 deiicere
306 545 430 604 aegrum
445 544 506 589 nou
522 527 682 602 intellegit,
707 535 853 603 quantum
872 527 912 585 ad
932 534 1027 587 artem
1043 527 1141 601 magis

156 623 279 692 peccat,
303 629 394 689 quam
415 613 441 672 si
462 628 497 672 se
512 612 689 686 intellegere
704 611 891 671 dissimulat:
915 615 945 670 at
957 611 987 669 iu
1002 610 1061 670 hac
1077 618 1141 671 arte

49 704 52 710 '
155 699 280 760 vivendi
293 698 412 773 turpior
427 696 592 758 volentium
608 698 700 770 eulpa
714 703 771 756 est.
814 695 913 754 Adice
933 711 1030 767 nunc,
1057 697 1139 771 quod

157 792 239 845 artes
255 798 379 858 quoque
394 781 570 856 pleraeque,
585 778 676 844 immo
694 795 735 839 ex
752 779 893 840 omnibus
909 779 1141 840 liberalissimae

156 867 269 928 habent
281 865 404 925 decreta
419 881 484 938 sua,
502 880 564 925 nori
576 871 690 925 tantum
698 870 874 940 praecepta,
890 863 971 923 sieut
980 864 1140 924 medicina.

157 952 261 1027 itaque
282 950 341 1009 alia
363 956 411 1008 est
423 949 621 1023 Hippocratis
643 956 744 1023 secta,
771 948 830 1008 alia
843 946 1058 1022 Asclepiadis,
1084 949 1142 1007 alia

114 1048 149 1100 10
156 1033 359 1094 Themisonis.
403 1032 565 1093 Praeterea
585 1033 668 1094 uulla
688 1049 739 1093 ars
755 1031 992 1107 contemplativa
1007 1034 1075 1092 sine
1090 1033 1140 1092 de·

157 1119 248 1179 cretis
266 1118 332 1177 suis
347 1125 402 1192 est,
419 1132 499 1192 quae
516 1117 625 1177 Graeci
639 1125 752 1178 vocant
771 1117 965 1191 dogmata,
987 1115 1077 1177 uobis
1095 1117 1141 1175 vel

157 1204 316 1262 decreta
330 1200 401 1262 licet
418 1202 575 1276 adpellare
592 1203 641 1261 vel
658 1202 759 1261 scita
775 1203 822 1262 vel
839 1199 1001 1276 placita,
1019 1216 1097 1276 quae
1112 1207 1143 1258 et

156 1287 185 1347 in
202 1285 368 1362 geometria
386 1287 456 1346 etin
468 1286 656 1347 astronomia
667 1286 815 1346 invenies.
832 1284 1032 1359 Philosophia
1042 1293 1141 1345 autem

157 1379 187 1431 et
212 1371 449 1446 contemplativa
473 1377 521 1430 est
546 1377 575 1429 et
600 1371 716 1430 activa:
751 1375 871 1445 spectat
893 1370 982 1430 simul
1008 1370 1141 1444 agitque.

156 1471 243 1516 erras
263 1454 359 1527 enim,
386 1456 414 1514 si
434 1455 487 1515 tibi
507 1454 589 1513 illam
610 1461 701 1529 putas
717 1461 832 1515 tautum
853 1460 1014 1514 terrestres
1030 1468 1141 1528 operas

156 1538 346 1615 promittere:
368 1540 458 1600 altius
475 1536 581 1613 spirat.
603 1546 717 1612 ,totum,
735 1539 842 1614 iuquit,
857 1537 1003 1598 mundum
1022 1544 1144 1597 scrutor

155 1639 213 1687 uec
228 1639 277 1684 me
292 1624 370 1683 intra
385 1623 617 1684 contubernium
632 1624 760 1682 mortale
782 1625 925 1684 contineo
941 1621 1072 1682 suadere
1087 1637 1139 1680 vo·

155 1707 204 1767 bis
220 1723 256 1767 ae
272 1708 456 1768 dissuadere
471 1715 623 1768 contenta.
652 1723 763 1782 magna
783 1723 831 1767 me
853 1714 966 1768 vocant
983 1720 1143 1780 supraque

157 1807 213 1851 vos
228 1793 351 1867 posita‘

115 1884 147 1936 11
239 1878 317 1937 Nam
331 1879 383 1938 titi
396 1877 433 1938 de
446 1893 561 1937 summo
575 1879 649 1937 coeli
661 1879 777 1936 ratione
791 1876 936 1950 mumque

239 1962 393 2022 Disserere
408 1964 551 2038 incaptum
564 1972 593 2021 et
606 1978 708 2022 rerum
718 1962 892 2036 primordia
901 1960 1058 2035 pandam:

243 2045 329 2106 Unde
343 2048 438 2107 omois
451 2055 563 2106 notura
577 2053 657 2106 creet
670 2063 727 2119 res,
745 2052 845 2105 auctet
859 2048 988 2119 alatque,

242 2129 360 2204 Quoque
372 2131 478 2190 eodem
494 2147 601 2190 rursus
617 2137 728 2191 natura
737 2136 897 2206 perempto
910 2132 1047 2202 resolvat,

155 2219 188 2271 ut
203 2213 244 2270 ait
259 2211 427 2272 Lueretius.
452 2215 589 2289 sequitur
607 2229 681 2288 ergo
699 2220 740 2286 ut,
757 2230 826 2274 oum
841 2211 1080 2288 contemplativa
1096 2212 1143 2285 sit,

114 2293 266 2360 lahabeat
282 2296 405 2355 decreta
420 2313 487 2356 sua.
532 2296 631 2371 Quidt
652 2299 736 2372 quod
752 2298 894 2358 iacienda
910 2312 1037 2372 quoque
1052 2311 1143 2355 nemo

153 2378 210 2440 rite
225 2378 321 2440 obibit
335 2380 393 2439 uisi
410 2381 450 2455 is,
473 2380 523 2442 cui
538 2383 615 2442 ratio
630 2384 686 2442 erit
702 2383 825 2453 tradita,
844 2398 907 2458 qua
924 2385 954 2442 iu
971 2397 1095 2457 quaque
1110 2396 1144 2439 re

154 2480 262 2525 omnes
279 2463 450 2526 ciliciorum
466 2482 610 2527 numeros
627 2467 757 2542 exsequi
773 2465 883 2542 possit,
905 2482 984 2542 quos
1001 2482 1062 2526 uon
1079 2480 1141 2523 ser·

154 2548 251 2623 vabit,
274 2550 327 2626 qui
347 2550 375 2608 in
398 2567 462 2611 rem
479 2559 644 2626 praecepta
658 2551 827 2626 acceperit,
843 2567 905 2611 non
921 2553 952 2612 in
969 2566 1069 2610 omne.
1099 2551 1140 2608 in·

154 2632 262 2695 becilla
278 2643 350 2695 sunt
365 2651 420 2710 per
438 2651 472 2694 se
486 2644 524 2710 et,
540 2643 573 2696 ut
588 2635 630 2695 ita
645 2636 754 2709 dicam,
770 2636 837 2695 siue
848 2637 963 2708 radice,
980 2650 1061 2710 quae
1074 2649 1142 2708 par-

152 2719 232 2778 tibus
249 2718 367 2779 dautur.
391 2720 521 2780 Decreta
537 2726 621 2795 suut,
639 2736 719 2795 quae
735 2721 880 2794 muniant,
898 2736 979 2795 quae
994 2717 1142 2779 securita-

152 2809 212 2861 tem
240 2811 376 2862 nostram
407 2805 717 2880 tranquillitatemqae
746 2810 903 2879 tueantur,
938 2819 1018 2879 quae
1049 2809 1143 2863 lolam

151 2886 243 2945 vitam
266 2892 424 2959 totamque
443 2902 545 2948 rerum
566 2896 704 2950 naturam
727 2891 816 2950 simul
844 2889 1030 2949 contineant.
1075 2887 1144 2946 Hoc

151 2968 279 3029 interest
302 2968 381 3028 inter
407 2968 530 3031 decreta
551 2972 767 3048 philosophiae
792 2982 822 3034 et
848 2980 1029 3050 praecepta,
1058 2971 1142 3047 quod

151 3054 395 3122 interelementa
409 3061 439 3114 et
455 3057 606 3117 membra:
635 3057 712 3117 liaeo
734 3075 772 3119 ex
794 3059 853 3118 illis
876 3057 1069 3132 dependent,
1091 3055 1143 3114 illa

109 3145 180 3200 leet
194 3138 303 3197 horum
321 3154 434 3199 causae
450 3149 522 3202 sunt
536 3149 566 3200 et
585 3142 729 3202 omnium.
759 3143 930 3217 „Antiqua,
954 3140 1068 3215 inquit,
1094 3155 1142 3198 sa·

151 3223 266 3299 pientia
280 3222 354 3283 nihil
370 3225 452 3285 aliud
468 3241 561 3301 quam
578 3226 720 3286 iacienda
741 3242 777 3286 ac
799 3226 923 3286 vitanda
940 3222 1099 3300 praecepit
1114 3229 1143 3281 et

149 3316 222 3368 tuuc
235 3310 325 3383 louge
338 3310 480 3369 meliores
493 3316 581 3369 erant
592 3309 664 3369 viri:
678 3320 843 3387 postquam
857 3310 939 3371 docti
952 3309 1144 3384 prodiemnt,

149 3391 222 3455 boni
238 3394 359 3454 desunt.
389 3394 522 3468 simplex
538 3395 618 3453 enim
635 3393 686 3454 illa
702 3402 732 3455 et
747 3403 853 3470 aperta
867 3393 965 3453 virtus
980 3392 1011 3451 in
1028 3392 1141 3452 obscu-

147 3493 213 3540 rum
235 3486 265 3540 et
288 3479 431 3538 solertem
448 3477 607 3537 scientiam
627 3493 719 3539 versa
740 3488 788 3539 est
808 3479 1017 3552 docemurque
1033 3477 1142 3550 dispu-
