2422 3862
130 254 192 318 126
418 251 451 312 L.
471 249 617 312 ΑΝΝΑΕΙ
636 243 812 311 SENECAE

89 403 284 470 33exsorbet.
329 406 373 465 De
395 403 455 464 hoc
469 411 569 464 tamen
586 420 784 480 quaeremuS,
804 420 876 480 pars
892 421 1011 466 sumnia
1025 403 1104 466 vitae

131 497 230 550 utrum
245 495 305 563 [ea]
317 489 398 562 faex
410 489 449 548 sit
459 487 745 564 anliquidissimum
757 504 793 548 ac
807 489 1003 565 purissimum
1016 491 1103 566 quid-

131 574 215 647 dam,
245 575 270 632 si
297 573 388 633 modo
410 588 496 631 mens
523 573 589 632 sine
613 573 722 632 iniuria
745 581 792 633 est
813 580 843 633 et
863 573 972 648 integri
993 590 1104 634 sensus

132 657 263 717 animum
279 659 383 718 iuvant
397 672 454 716 nec
469 657 621 717 deiectum
636 665 667 717 et
679 665 902 731 praemortuum
917 673 1032 732 corpus
1047 667 1103 717 est.

131 743 293 814 plurimum
319 742 399 800 enim
421 742 529 814 refert,
553 741 644 800 vitam
665 739 775 816 aliquis
798 741 942 802 extendat
962 757 1001 800 an
1025 758 1105 802 mor·

88 830 202 885 ditem:
222 833 253 884 at
273 826 299 885 si
316 825 419 885 inutile
434 825 608 884 ministeriis
624 840 738 899 corpus
754 832 814 898 est,
839 825 946 899 quidni
967 833 1106 901 oporteat

132 910 264 969 educere
299 910 429 969 animum
461 907 671 968 laborantem?
705 917 735 968 et
760 909 891 969 tortasse
918 911 1010 983 paulo
1037 918 1106 969 ante

133 1010 223 1069 quam
246 993 349 1067 debet,
373 992 545 1052 laciendum
562 998 623 1064 est,
647 1007 699 1064 ue,
723 1007 791 1052 cum
811 991 878 1052 lieri
902 992 1039 1065 debebit,
1062 995 1104 1052 la-

133 1093 203 1138 cere
218 1093 279 1136 uon
296 1077 415 1152 possis:
432 1084 461 1135 et
475 1092 542 1135 cum
555 1076 652 1136 maius
666 1076 832 1150 periculum
845 1076 884 1136 sit
894 1078 973 1136 male
984 1077 1105 1136 vivendi

134 1178 225 1237 quam
245 1161 304 1221 cito
320 1161 481 1234 moriendi,
504 1160 612 1220 stultus
628 1166 688 1234 est,
712 1161 764 1234 qui
785 1176 845 1218 nou
863 1159 975 1234 exigua
989 1168 1106 1234 tempo·

132 1248 175 1307 ris
191 1245 333 1304 mercede
348 1260 477 1318 magnae
500 1244 545 1303 rei
570 1245 668 1302 aleam
692 1242 823 1303 redimit.
852 1244 1107 1319 Paucoslongis-

135 1332 213 1390 sima
238 1335 381 1387 senectus
410 1329 450 1387 ad
476 1334 603 1387 mortem
628 1327 695 1386 sine
719 1326 828 1388 iniuria
846 1329 982 1402 pertulit,
1005 1329 1106 1388 multis

133 1415 216 1474 iners
242 1412 303 1471 vita
326 1413 392 1471 siue
411 1428 471 1471 usu
492 1411 540 1471 sui
561 1411 667 1470 iacuit:
694 1417 807 1487 quanto
823 1411 935 1471 deinde
951 1413 1105 1476 crudelius

91 1496 254 1559 adiudieas
270 1495 386 1571 aliquid
401 1511 439 1555 ex
456 1497 516 1554 vita
531 1494 706 1570 perdidisse
718 1496 858 1569 quamvis
870 1495 1026 1555 finiendae
1040 1496 1105 1557 Noli

133 1597 182 1641 me
198 1580 310 1641 invitus
326 1579 445 1651 audire,
461 1587 614 1653 tamquam
629 1578 668 1637 ad
685 1578 786 1639 teiam
803 1579 951 1654 pertineat
965 1581 1025 1639 ista
1038 1595 1107 1639 seu-

134 1666 242 1738 tentia,
269 1671 299 1723 et
324 1663 398 1739 quid
419 1664 518 1722 dicam
537 1662 678 1722 aestima:
701 1679 763 1724 non
782 1663 952 1737 relinquam
969 1671 1108 1725 senectu-

134 1760 210 1822 tem,
237 1749 264 1807 si
286 1765 333 1808 me
354 1755 446 1808 totum
473 1746 545 1805 mihi
571 1746 753 1819 reservabit,
770 1755 864 1807 totum
885 1754 984 1806 autem
1006 1748 1045 1807 ab
1059 1747 1109 1807 illa

137 1840 223 1909 parte
238 1832 376 1891 meliore:
393 1840 423 1891 at
437 1831 462 1890 si
478 1830 614 1906 coeperit
628 1838 791 1890 concutere
804 1839 948 1905 mentem,
965 1831 991 1891 si
1007 1839 1108 1906 partes

80 1942 82 1949 ¹
136 1916 203 1977 eius
225 1917 413 1989 convellere,
436 1916 462 1975 si
485 1914 557 1974 mihi
578 1931 639 1975 non
660 1915 753 1974 vitam
772 1914 944 1989 reliquerit,
968 1916 1024 1976 sed
1046 1917 1108 1974 ani-

94 2010 234 2071 samam,
260 2000 416 2075 prosiliam
437 2015 475 2059 ex
503 1999 643 2059 aedificio
664 1999 745 2072 putri
764 2015 801 2059 ac
825 2000 933 2059 ruenti.
968 1999 1108 2060 Morbum

138 2091 235 2144 morte
257 2101 318 2145 non
339 2083 465 2157 ingiam,
482 2083 639 2143 dumtaxat
660 2083 825 2143 sanabilem
848 2098 905 2143 uec
925 2083 1108 2144 allicientem

140 2167 250 2227 animo.
286 2185 347 2228 uon
370 2168 506 2226 adieram
526 2167 599 2226 mihi
620 2182 728 2228 manus
750 2175 877 2243 propter
897 2168 1050 2229 dolorem:
1066 2169 1109 2227 sic

139 2251 215 2310 mori
231 2252 311 2311 vinci
326 2258 382 2311 est.
404 2251 485 2310 hunc
503 2259 604 2312 tamen
627 2253 653 2311 si
669 2251 769 2312 sciero
785 2259 933 2327 perpetuo
948 2252 1021 2311 mihi
1038 2268 1108 2312 esse

140 2334 330 2411 patiendum,
349 2336 456 2410 exibo,
474 2352 534 2396 non
555 2343 680 2412 propter
694 2336 810 2411 ipsum,
832 2336 888 2396 sed
904 2337 977 2410 quia
991 2337 1108 2413 inpedi-

138 2428 239 2480 mento
262 2419 334 2479 mihi
359 2421 477 2481 iuturus
499 2428 547 2479 est
568 2420 727 2495 adamae,
750 2429 877 2496 propter
893 2420 978 2494 quod
992 2420 1109 2481 vivitur.

137 2503 299 2565 Inbecillus
322 2513 370 2565 est
390 2512 419 2564 et
438 2505 583 2580 ignavus,
607 2503 659 2579 qui
682 2513 807 2578 propter
822 2505 960 2564 dolorem
976 2505 1110 2575 moritur,

95 2590 264 2661 etstmtus,
289 2590 341 2664 qui
363 2588 480 2650 doloris
504 2603 599 2648 causa
619 2587 702 2648 vivit.
741 2587 803 2648 Sed
824 2589 855 2647 in
875 2589 1000 2662 longum
1023 2605 1110 2648 exeo.

139 2681 186 2732 est
201 2682 360 2747 praeterea
375 2671 509 2745 materia,
526 2687 606 2747 quae
620 2672 734 2733 ducere
749 2673 828 2732 diem
848 2673 955 2747 possit.
992 2681 1023 2733 et
1038 2689 1111 2749 quo·

139 2757 231 2815 modo
259 2757 350 2815 finem
372 2757 521 2829 inponere
541 2757 621 2816 vitae
644 2755 769 2830 poterit,
800 2757 853 2831 qui
879 2756 1031 2832 epistulae
1052 2772 1112 2817 non

140 2845 263 2914 potest?
304 2839 382 2898 Vale
403 2854 486 2913 ergo.
524 2840 606 2911 quod
622 2840 763 2900 libentius
785 2857 876 2915 quam
891 2842 996 2902 mortis
1011 2856 1112 2902 moras

139 2923 274 2982 lecturus
290 2937 335 2982 es.
378 2921 466 3000 Vale.
689 2919 692 2923 ’

428 3040 645 3098 EPISTULA
670 3042 729 3098 Vll.
758 3044 828 3114 (59.)

395 3136 504 3188 Sanan
520 3138 629 3188 Lucieno
647 3149 698 3188 suo
715 3150 853 3189 saturon.

116 3277 129 3327 1
204 3255 374 3329 Magnam
397 3271 444 3314 ex
465 3256 635 3332 epistula
661 3263 725 3316 tua
747 3258 911 3333 percepi
934 3261 1113 3332 volupta-

143 3348 231 3399 tem:
255 3340 393 3413 permitte
413 3340 492 3400 enim
514 3341 584 3398 mihi
605 3341 647 3400 uti
669 3341 771 3402 verbis
793 3342 923 3417 publicis
944 3358 1003 3402 nec
1018 3338 1117 3402 illaad

142 3423 397 3496 significationem
413 3423 547 3486 Stoicam
566 3441 689 3485 revoca.
724 3425 828 3486 vitium
844 3442 916 3487 esse
931 3429 1117 3501 voluptatem

125 3506 294 3570 eredimus.
333 3508 375 3571 sit
389 3527 486 3573 sane:
508 3527 630 3589 ponere
649 3517 753 3572 tamen
764 3511 850 3572 illam
862 3512 1000 3572 solemus
1010 3510 1055 3569 ad
1067 3509 1117 3566 de-
