2422 3862
145 220 317 282 EPISTUL.
332 221 426 284 MOR.
448 223 568 283 clav.
586 224 644 284 ΕΡ.
656 233 682 289 7.
693 231 720 288 8.
744 234 870 302 (lt-48.)
944 227 998 296 ,09

63 375 140 438 iliae
153 377 204 436 val
215 376 334 436 ahenam
344 384 486 450 torquent
496 379 545 437 vel
557 385 641 437 suae.
659 377 710 437 illc
721 380 830 440 malam
845 380 996 442 loctunam

63 468 126 521 fret.
163 459 215 520 hic
235 476 271 520 se
289 459 424 521 felicitati
446 477 522 522 suae
536 460 709 523 subducere
724 461 818 538 cupit
844 462 926 524 hunc
943 465 997 526 ho·

63 561 111 605 res
125 545 209 604 male
223 543 349 616 habent,
368 545 451 604 illum
467 545 507 605 di.
542 544 621 618 Quid
635 545 705 605 mihi
720 547 837 607 lusoria
850 545 910 608 istc
925 553 1027 610 coa-8

63 629 127 690 risl
156 644 220 688 non
236 635 283 688 est
299 627 419 688 iocandi
434 629 536 690 locus:
562 629 601 689 ad
615 631 744 691 miseros
760 630 930 693 advocatus
945 645 997 693 cst

63 729 104 773 em
127 714 260 772 laturum
285 719 313 771 tc
338 712 508 787 naufragis,
540 712 652 787 captis,
682 713 798 789 aegris,
826 714 997 791 egentibus,

63 805 148 867 tutae
171 796 272 855 securi
290 795 459 857 subiectum
480 795 704 871 praestantibus
729 805 822 874 caput
844 799 997 874 pollicitus

83 897 149 957 quo
165 879 349 940 diverteris?
370 879 444 954 quid
456 879 543 955 agis?
563 879 629 954 Hic,
642 894 709 940 cum
723 899 783 956 quo
796 882 886 957 ludis,
903 882 997 945 timet.

63 978 183 1039 scurae,
211 963 358 1038 quicquid
385 962 556 1039 laque***
590 963 612 1023 ti
644 965 997 1042 respondentiumpoe·

67 1071 75 1105 ι
98 1060 213 1109 omues
227 1047 366 1120 undique
380 1047 419 1107 ad
434 1055 464 1107 te
479 1062 587 1107 marrus
602 1047 743 1122 tendunt,
764 1050 901 1125 perditae
918 1051 996 1112 vitae

63 1134 234 1207 iurasque
248 1130 396 1192 auxilium
411 1131 534 1206 aliquod
550 1131 710 1207 inplorant.
733 1133 762 1193 in
775 1141 806 1195 tc
817 1150 892 1209 spes
905 1151 996 1211 opes·

63 1223 177 1279 esunt.
201 1224 325 1289 rogant,
344 1222 378 1275 ut
395 1230 433 1274 ex
449 1221 532 1276 tanta
553 1216 622 1276 illos
641 1215 826 1279 volutatione
842 1219 996 1293 extrahas,

63 1299 202 1362 disiectis
217 1305 248 1358 et
261 1298 432 1360 errantibus
448 1301 562 1360 clarum
574 1299 709 1361 veritatis
723 1303 824 1362 lumen
838 1303 996 1364 ostendas.

63 1405 81 1459 ι,
104 1384 184 1460 quid
200 1391 307 1444 notura
319 1385 526 1444 necessarium
539 1384 658 1458 lecerit,
674 1385 748 1460 quid
760 1401 994 1461 supervacuum,
1007 1396 1025 1451 9

63 1484 104 1529 rm
120 1468 231 1528 faciles
246 1469 331 1541 leges
344 1467 495 1542 posuerit,
511 1483 602 1542 quam
615 1468 749 1529 iucunda
760 1471 799 1530 sil
810 1471 884 1545 vita,
904 1487 996 1546 quam

63 1554 161 1614 redita
182 1551 265 1611 illam
281 1551 494 1627 sequentibus,
518 1568 610 1627 quam
626 1553 738 1612 acerbo
752 1560 782 1613 et
795 1554 931 1629 inplicita
944 1571 996 1615 eo-

63 1655 93 1711 a,
123 1635 180 1712 qui
200 1635 337 1711 opinioni
359 1635 428 1710 plus
451 1651 540 1710 quam
566 1643 693 1697 naturae
718 1638 921 1699 crediderunt.
964 1636 997 1698 Si

63 1739 98 1783 us
117 1721 265 1781 docueris
280 1718 384 1794 *quac
401 1727 515 1793 partem
528 1735 633 1780 eorum
645 1721 781 1781 levatura
792 1719 874 1781 sint*
900 1720 998 1796 *quid

63 1822 144 1867 trum
166 1803 349 1879 cupiditates
369 1803 482 1864 demitt
514 1803 588 1878 quid
603 1810 771 1878 temperati
803 1805 916 1865 utinum
932 1812 997 1864 tan·

63 1907 76 1950 n
92 1906 157 1951 non
173 1888 374 1964 prodessent!
395 1895 516 1948 nocent.
544 1886 604 1947 hoc
618 1887 686 1961 tibi,
702 1904 769 1947 cum
784 1890 886 1962 voles,
902 1889 997 1948 niani-

62 1973 217 2035 tissimum
233 1972 357 2044 laciam,
382 1981 411 2033 et
426 1971 588 2032 comminui
603 1979 633 2031 et
647 1971 797 2032 debilitari
813 1987 997 2046 generosam

67 2060 150 2119 olem
165 2058 195 2116 in
215 2057 290 2116 istas
304 2054 439 2130 argutias
455 2057 632 2116 conlectam.
670 2054 767 2117 Pudet
782 2056 899 2129 dicere,
924 2073 994 2118 con·
1005 2067 1039 2120 lu

78 2143 235 2203 lorumam
254 2139 422 2200 militaturis
440 2155 519 2215 quae
534 2140 690 2214 porrigant
704 2141 779 2214 tela,
800 2142 996 2217 quemadmo-

63 2243 87 2287 m
108 2227 182 2286 illos
203 2224 379 2285 subornent.
407 2224 464 2283 hac
485 2224 525 2283 ad
541 2239 692 2284 summum
705 2223 819 2285 bonum
835 2224 914 2285 ituri
943 2243 998 2301 per

63 2312 96 2372 rd
113 2308 330 2386 philosophiae
345 2309 376 2368 si
386 2324 428 2367 ve
444 2305 530 2366 nive
544 2315 573 2368 et
587 2315 691 2384 turpes
704 2308 895 2384 infamesque
907 2310 997 2369 etiam

68 2396 173 2455 album
190 2390 366 2453 sedentibus
383 2390 602 2466 exceptiones?
623 2393 696 2467 quid
712 2393 791 2452 euim
803 2393 885 2453 aliud
896 2391 996 2466 agitis,

63 2496 83 2538 n
107 2494 193 2547 eum,
217 2493 307 2550 quem
329 2476 538 2550 interrogatiS,
562 2477 694 2536 scientes
709 2477 739 2535 in
755 2476 893 2537 fraudem
909 2475 996 2536 indu-

66 2579 99 2635 s,
122 2577 216 2636 quam
236 2567 268 2619 ut
285 2560 413 2620 formula
428 2559 580 2620 cecidisse
593 2559 753 2620 videatur?
779 2561 834 2620 sed
851 2559 996 2634 quemad·

63 2647 143 2706 »dum
160 2646 230 2705 illos
246 2650 376 2719 praetor,
400 2644 445 2704 sic
460 2643 518 2704 hos
534 2642 730 2720 philosophia
744 2645 773 2704 in
787 2645 936 2717 integrum
949 2658 995 2702 re-

63 2731 121 2790 uit
159 2728 238 2802 Quid
260 2728 418 2788 disceditis
441 2728 478 2786 ab
500 2728 673 2801 ingentibus
688 2728 849 2803 promissis
864 2735 894 2787 et
908 2734 1035 2802 gran-ll

63 2863 66 2872 .
85 2814 179 2874 loculi
200 2811 364 2874 effecturos
379 2827 451 2883 vos,
474 2819 507 2871 ut
521 2827 582 2871 non
596 2813 693 2888 magis
709 2813 773 2872 auri
788 2813 888 2887 lutgor
904 2827 996 2887 quam

65 2897 108 2961 dii
131 2897 318 2972 perstringat
339 2896 445 2956 oculos
466 2911 566 2968 meuc,
589 2902 623 2955 ut
644 2896 758 2972 ingenti
781 2897 950 2957 constantia
968 2904 998 2956 et

63 2982 102 3042 od
125 2996 235 3042 omnes
250 2988 358 3054 optant
380 2987 410 3040 et
432 2980 515 3054 quod
537 2995 643 3039 omnes
660 2981 778 3050 timent,
802 2982 932 3053 calcem,
956 2981 996 3040 ad

63 3065 283 3126 immaticorum
300 3067 448 3124 elementa
463 3063 670 3124 descenditis?
705 3064 778 3140 quid
793 3064 914 3123 dicitis?

356 3152 400 3210 sic
413 3153 473 3209 itur
487 3149 530 3207 cd
542 3145 648 3208 usna?

63 3233 172 3294 couim
186 3241 250 3304 est,
275 3234 357 3308 quod
374 3231 570 3308 philosophia
584 3231 657 3291 mihi
673 3232 829 3307 promittit,
846 3240 879 3292 ut
890 3248 995 3307 parem

63 3315 189 3380 stacia„
233 3317 351 3377 adhoc
372 3318 516 3377 invitatus
537 3331 620 3388 sum,
649 3315 769 3376 adhoc
789 3317 874 3375 veni:
904 3315 995 3376 fidem

63 3411 150 3465 asta.
194 3402 344 3476 Quantam
370 3409 457 3477 potes
478 3417 566 3476 crgo,
592 3400 630 3458 mi
651 3400 761 3472 Lucili,
791 3401 886 3460 reduc
907 3407 936 3459 te
957 3402 995 3460 ab
1007 3407 1042 3459 l‘t

63 3503 81 3549 s
101 3485 339 3561 exceptionibus
360 3495 389 3546 et
407 3485 710 3565 praescriptionibus
735 3483 1016 3564 philosophorum.

820 3573 862 3638 q*
925 3618 931 3625 ⁸
978 3609 986 3620 ὗ

723 3627 729 3642 s
765 3636 770 3640 .
940 3630 976 3640 0-

725 3668 733 3677 ’
768 3668 774 3674 ⁷
808 3654 902 3681 “O-‘⁸
931 3648 1000 3688 ...ιι

865 3690 874 3697 .
