2422 3862
266 233 439 307 unsrun,
453 233 549 305 non
570 235 642 305 tre.
654 235 692 294 u.
711 235 808 296 ees.
829 240 901 310 (n.)
1034 237 1077 301 so

94 386 199 464 petii.
229 402 394 461 quornm
414 386 502 461 tria,
524 386 562 445 ni
583 387 716 462 ieiior,
736 402 880 461 genera
901 396 1003 449 sunt:
1029 390 1075 451 ti·

94 479 216 535 metur
236 470 388 545 inopia,
410 470 592 531 timentur
614 471 752 544 morbi,
774 472 957 533 timentur
979 490 1077 548 quae

96 555 264 632 pervim
295 553 539 629 potentioris
567 556 761 615 eveniunt.
802 556 850 617 Ex
871 556 1106 623 hisomnibust

95 638 332 713 nihiimagis
347 640 619 710 noseoneutit,
643 640 870 715 quamquod
885 656 932 700 ex
949 641 1078 703 atiena

94 724 276 800 potentia
303 723 501 798 inpendet
528 739 641 797 magno
661 724 742 784 enim
761 725 891 799 strepitu
905 727 1078 787 ettnmrdtu

95 807 186 867 venit
214 807 366 881 naturale
389 808 468 879 proin
488 823 570 883 quse
590 809 694 880 retuli,
716 809 821 883 inopie
834 818 926 883 atque
941 810 1075 883 morbus,

96 892 217 963 silentio
232 891 366 966 subeunt
381 907 439 964 neo
449 892 549 955 oeulis
563 908 620 953 nee
635 891 760 952 auribus
771 892 936 969 quicquam
951 896 1077 956 terroris

93 976 259 1039 incutiunt=
285 975 396 1050 ingens
417 975 543 1039 atterius
562 975 635 1041 mati
653 993 769 1051 pompa
784 985 841 1038 est
869 979 981 1039 terrum
996 980 1078 1040 eirea

94 1076 129 1122 se
142 1068 174 1122 et
192 1061 284 1135 ignes
298 1059 394 1121 habet
407 1069 439 1120 et
453 1067 578 1121 catenes
594 1070 624 1123 et
637 1061 756 1129 turboni
772 1062 918 1136 terarum,
939 1080 1032 1138 qnam
1046 1063 1076 1124 in

97 1146 219 1218 viscera
237 1142 369 1205 inmittat
390 1144 531 1217 humane
569 1145 677 1220 cogite
700 1145 761 1206 hoo
780 1147 851 1207 ioeo
871 1163 1027 1208 carcerem
1049 1156 1107 1208 ete

93 1245 205 1291 erudies
225 1236 257 1288 et
274 1229 404 1299 eculeos
423 1237 455 1295 et
473 1245 585 1293 undum
599 1239 630 1289 et
645 1231 786 1295 adnutum
803 1245 860 1305 per
875 1232 1008 1294 medium
1022 1233 1078 1293 iro-

93 1314 223 1389 minem,
252 1313 305 1388 qui
325 1329 383 1388 per
403 1329 441 1385 os
462 1322 646 1389 emergeret,
672 1312 806 1389 stipitem
826 1322 858 1375 et
878 1315 1024 1379 distracta
1045 1319 1076 1378 in

93 1399 253 1467 diversum
268 1397 345 1467 aeds
360 1397 500 1460 curribus
514 1399 664 1469 membra,
682 1399 764 1461 itiam
778 1399 911 1469 tunicam
927 1401 1077 1463 summis

91 1482 210 1557 ignium
230 1488 264 1545 et
281 1481 397 1548 inlitam
415 1489 448 1542 et
466 1489 593 1555 terrum,
621 1488 675 1555 [et]
691 1483 838 1558 quioquid
855 1483 938 1553 alind
956 1490 1078 1560 praeter

91 1566 172 1636 haee
192 1573 367 1638 commenta
387 1567 516 1636 saevitia
533 1575 591 1628 est
626 1567 693 1626 Non
714 1575 762 1628 est
781 1567 887 1641 itaque
902 1569 1026 1641 mirum,
1050 1570 1107 1636 sis

94 1650 248 1715 maximus
262 1649 355 1721 huius
370 1651 415 1723 rei
432 1650 521 1713 timor
536 1659 600 1726 est,
626 1653 715 1713 euius
730 1660 761 1711 et
773 1651 907 1711 -varietes
922 1668 1032 1726 magna
1048 1660 1078 1712 ot

94 1735 262 1810 adparatus
284 1733 429 1795 terribilis
449 1742 507 1795 est
540 1751 611 1803 nam
637 1735 895 1809 quenadmodum
920 1737 992 1810 pius
1016 1738 1078 1809 agit

93 1826 205 1893 tortor,
233 1834 297 1894 quo
321 1818 408 1893 ptura
428 1819 629 1889 instrumenta
647 1819 764 1880 doloris
785 1820 946 1893 exposuit,
970 1820 1077 1894 speeie

95 1903 176 1963 enim
191 1903 356 1964 vincuntur
369 1903 422 1978 qui
437 1904 581 1978 patientie
594 1902 794 1963 restitissent:
816 1903 859 1962 ite
869 1919 909 1965 ex
921 1902 979 1977 iris,
996 1919 1077 1978 qnae

95 1987 215 2048 animos
229 1995 358 2051 nostros
371 1986 517 2062 subigunt
530 1994 561 2047 et
572 1988 711 2058 domant,
726 1988 798 2061 pius
809 1987 980 2061 proficiunt,
997 2003 1077 2063 quae

95 2070 208 2133 hebent
229 2072 316 2146 quod
336 2072 507 2144 ostendant.
546 2072 620 2131 tilae
639 2079 744 2146 pestes
765 2087 826 2133 non
847 2072 948 2141 minus
964 2087 1077 2147 graves

72 2161 188 2232 ,sunt,
218 2157 330 2217 tamem
355 2156 425 2218 dieo
440 2164 479 2217 -et
504 2154 755 2231 praecordiorum
781 2157 1020 2231 suppurationes
1046 2166 1077 2217 et

96 2239 212 2300 febrem
234 2240 358 2301 viscera
377 2239 448 2315 ipsa
466 2248 641 2301 torrentem.
669 2241 725 2301 sed
747 2243 854 2313 intent,
877 2242 950 2303 nihil
964 2242 1077 2305 hebent

98 2325 180 2398 quod
199 2323 365 2397 intentent,
393 2325 479 2400 quod
497 2326 687 2400 praeierant:
716 2325 793 2385 heee
814 2335 846 2386 ut
865 2342 977 2402 magne
996 2327 1077 2386 betia

94 2409 246 2484 adspectu
255 2416 429 2484 paratuque
440 2410 587 2471 vicerunt
614 2411 729 2471 Demus
740 2408 843 2485 itaque
854 2425 990 2486 operam,
1006 2410 1075 2470 obs·
1088 2421 1105 2478 7

94 2491 245 2555 tineamus
268 2491 407 2555 oii'onsis.
441 2494 595 2555 Interdum
612 2494 751 2569 populus
773 2501 834 2568 est,
857 2510 949 2568 quem
970 2493 1077 2553 timere

95 2577 275 2636 debeamus.
297 2575 449 2647 interdum
463 2579 490 2641 si
503 2594 542 2638 ea
556 2579 686 2639 oriens
700 2578 865 2654 discipline
879 2585 942 2651 est,
962 2584 995 2637 ut
1011 2579 1077 2652 ptu-

95 2661 170 2720 rima
190 2677 249 2736 per
269 2669 408 2729 senatum
423 2661 637 2737 transigentur,
657 2663 784 2737 gratiosi
798 2664 828 2722 in
844 2679 882 2723 eo
898 2662 964 2721 viri.
986 2662 1076 2722 inter-

88 2744 166 2805 dum
188 2745 318 2819 singuli,
342 2745 455 2821 quibus
474 2755 614 2822 potestas
628 2748 736 2822 popuii
751 2754 781 2808 et
800 2747 829 2805 in
845 2749 993 2823 populum
1007 2747 1079 2807 deta

94 2837 151 2889 est.
183 2829 244 2890 hos
267 2844 375 2899 omnes
395 2831 513 2893 amieos
534 2831 648 2893 horbem
668 2846 835 2906 operosum
852 2839 913 2892 est=
940 2832 1015 2891 setis
1030 2843 1079 2891 est

93 2913 236 2974 inimicos
257 2929 320 2973 non
341 2913 465 2985 trabere.
508 2915 615 2990 ltaque
638 2916 763 2990 sapiens
784 2932 950 2992 numquam
970 2924 1077 2991 poten·

94 2996 167 3070 tium
187 2995 252 3059 iras
272 2997 463 3073 provocabit
496 2999 587 3060 immo
608 2999 786 3074 declinabit,
808 3016 869 3061 non
885 2999 972 3062 aliter
986 3017 1078 3075 quam

95 3081 125 3142 in
150 3082 328 3158 navigando
350 3085 525 3158 procerum.
567 3084 640 3144 Cum
665 3092 785 3158 peteres
808 3083 961 3158 Siciliam,
989 3086 1108 3156 truie-s

94 3165 162 3226 cisti
176 3167 298 3229 fretum.
323 3169 502 3231 temerarius
517 3168 704 3243 gubernator
722 3171 906 3244 contempsit
916 3170 1012 3231 austri
1024 3171 1078 3230 mi-

93 3266 151 3311 nas
171 3251 238 3326 (iile
258 3258 307 3312 est
327 3252 421 3324 enim,
444 3255 497 3328 qui
519 3253 655 3313 Siculum
676 3253 806 3328 pelagus
822 3259 989 3328 exasperet
1003 3262 1034 3314 et
1046 3254 1076 3315 in

93 3334 228 3396 vertices
250 3341 362 3411 cogat).
394 3353 456 3398 non
476 3335 634 3398 sinistrum
654 3337 728 3411 petit
746 3339 834 3410 litus,
862 3337 917 3400 sed
939 3336 986 3412 id,
1016 3356 1077 3414 quo

93 3419 224 3494 propior
235 3419 518 3498 Charybdismarie
532 3421 695 3482 convolvit.
719 3428 751 3484 at
763 3423 817 3485 itte
831 3422 950 3486 rautior
965 3421 1092 3499 pernes

92 3503 232 3563 tororum
247 3514 348 3578 regne,
372 3506 443 3579 ouis
462 3516 571 3570 aestus
592 3507 649 3586 sit,
675 3528 759 3590 quae
783 3513 880 3592 sigua
895 3507 1113 3572 demonum.
