2422 3862
220 246 390 309 EPISTUL.
404 244 498 308 MOR.
521 246 594 307 LIB.
608 246 716 307 XVIII.
737 246 795 306 ΕΡ.
806 256 833 308 5.
855 250 943 321 (108.)
1011 245 1074 310 355

93 400 204 478 possit.
248 400 332 459 ilaec
346 400 434 460 retuli
449 407 481 460 ut
498 399 660 476 probarem
680 398 748 473 tibi,
772 417 863 476 quam
879 402 1075 464 vehementes

93 485 243 545 haberent
256 482 397 544 ttrunculi
411 481 532 559 inpetus
554 485 670 558 primos
685 483 725 543 ad
741 485 854 558 optima
870 501 1027 561 quaeque,
1048 486 1076 548 si

96 568 165 644 quis
185 567 398 627 exhortaretur
422 567 507 639 illoS,
534 567 561 626 si
588 567 657 642 quis
680 567 849 642 inpelleret.
881 569 938 628 sed
959 570 1076 645 aliquid

93 651 345 728 praecipientium
359 650 431 711 vitio
447 658 607 725 peccatur,
630 651 681 726 qui
702 667 759 712 nos
780 651 893 712 docent
907 653 1074 728 disputare,

93 752 157 796 non
176 735 290 808 vivere,
309 733 425 809 aliquid
439 735 637 806 discentium,
660 734 712 810 qui
725 735 917 810 propositum
932 737 1076 798 adierunt

94 820 135 879 ad
150 826 368 894 praeceptores
389 833 465 878 suos
481 835 543 879 non
558 818 691 879 animum
712 819 889 893 excolendi,
911 821 967 880 sed
990 821 1075 895 inge-

93 905 186 964 nium.
216 902 320 977 itaque
342 917 421 976 quae
437 901 634 977 philosophia
648 903 717 976 luit,
741 903 820 962 lacta
834 903 1002 979 philologia
1017 910 1074 965 est.

93 987 254 1047 Multum
275 991 374 1045 aulem
397 985 538 1045 adrem
559 985 746 1060 pertiael,
769 1003 842 1061 quo
866 988 1118 1063 propositori

94 1072 140 1130 ad
157 1083 437 1145 quamquerem
453 1071 632 1128 accedas.
659 1069 714 1143 Qui
726 1071 943 1144 grammaticus
955 1072 1075 1133 iuturus

92 1153 261 1229 Vergilium
277 1159 442 1223 scrutatur,
465 1168 525 1212 non
547 1152 607 1212 hoc
627 1154 728 1213 animo
743 1154 816 1227 legit
830 1154 902 1214 illud
919 1154 1073 1231 egregium

339 1236 422 1310 sapit
435 1237 638 1311 inreparabile
653 1246 783 1312 lampas:

93 1321 281 1396 vigilandum
298 1326 358 1379 est:
381 1317 440 1379 nisi
456 1335 673 1395 properamus,
694 1321 911 1396 relinquemur.
936 1324 999 1397 agit
1016 1339 1074 1383 nos

94 1405 255 1480 agiturque
276 1406 369 1464 velox
390 1403 466 1464 dies.
495 1402 585 1463 inscii
605 1405 750 1478 rapimur.
780 1406 881 1465 omnia
895 1405 924 1465 in
941 1407 1074 1467 laturum

94 1490 287 1564 disponimus
310 1495 340 1547 et
359 1488 437 1547 inter
458 1487 636 1562 praepritia
656 1486 727 1547 lenti
747 1503 870 1548 sumus=
896 1489 952 1548 sed
973 1497 1007 1550 ut
1021 1490 1075 1551 ob·

94 1579 211 1646 servet,
234 1569 376 1647 quotiens
390 1572 543 1646 Vergilius
568 1571 607 1630 de
628 1571 780 1631 celeritate
800 1579 970 1646 temporum
992 1573 1074 1645 dicit,

93 1656 154 1716 hoo
168 1657 211 1717 uti
226 1654 319 1715 verbo
335 1656 418 1715 illum
438 1654 544 1729 lugit.

180 1740 296 1815 Optima
310 1756 444 1814 quaeqae
458 1741 522 1799 dies
533 1741 648 1800 miseris
660 1739 832 1799 mortalibus
845 1741 913 1798 aear’

175 1826 276 1898 prima
287 1823 408 1898 sapit:
427 1825 553 1884 subeant
564 1823 660 1884 morbi
671 1825 819 1898 tristr'sqae
831 1827 965 1884 senectus

178 1917 206 1966 et
221 1907 306 1966 labor
318 1914 348 1967 al
361 1909 457 1967 darae
470 1911 553 1983 rapit
566 1909 752 1967 inclementia
767 1908 876 1966 mortis.

94 1990 158 2063 ille,
174 1987 226 2064 qui
240 1990 281 2049 ad
295 1989 521 2066 philosophiam
537 1997 663 2066 spectat,
678 1989 756 2050 haec
768 1990 886 2062 eadem,
901 2004 962 2063 quo
974 1989 1116 2062 debelto

94 2074 232 2133 adducit:
251 2090 437 2150 „numquam
451 2075 614 2150 Vergilius,
629 2074 736 2149 inquil,
751 2073 834 2134 dies
849 2074 922 2134 dicit
937 2071 1002 2149 ire,
1017 2074 1073 2134 sed

94 2159 245 2233 lugere,
269 2159 352 2234 quod
379 2160 519 2218 currendi
539 2175 638 2234 genus
661 2158 931 2219 concitatissimum
952 2166 1012 2233 est,
1038 2165 1074 2219 et

94 2242 262 2317 optimos
286 2259 465 2318 quosque
489 2242 750 2319 primosrapi=
778 2242 852 2318 quid
873 2257 947 2316 ergo
969 2257 1072 2303 cessa-

93 2343 162 2386 mus
182 2343 239 2387 nos
261 2325 321 2401 ipsi
342 2326 509 2397 concitare,
534 2333 568 2387 ut
589 2327 779 2389 velocitatem
799 2325 1014 2402 rapidissimae
1028 2325 1074 2385 rei

93 2410 251 2485 possimus
266 2415 422 2483 aequaret
443 2409 568 2470 meliora
582 2412 817 2485 praetervolant,
835 2409 989 2471 deteriora
1003 2423 1072 2470 suc·

94 2493 217 2552 cedunt.
262 2490 521 2564 Quemadmodum
542 2507 582 2551 ex
602 2494 750 2568 amphora
771 2493 901 2567 primurn
916 2492 1002 2568 quod
1017 2497 1116 2565 estro

94 2574 333 2637 sincerissimum
348 2573 454 2647 effluit,
470 2575 684 2649 gravissimum
700 2576 1074 2651 quodqueturbidumque

93 2658 235 2734 subsidit
249 2658 295 2718 sic
311 2656 342 2718 in
357 2664 456 2718 aetate
472 2665 577 2717 nostra
594 2660 677 2734 quod
693 2665 740 2719 est
755 2658 912 2733 optimum,
929 2658 959 2717 in
974 2656 1072 2734 primo

93 2752 150 2805 est.
170 2743 202 2802 id
218 2742 371 2804 exhaunri
388 2743 441 2817 [in]
458 2741 525 2802 aliIs
541 2741 643 2817 potius
659 2742 797 2817 patimur,
812 2741 945 2802 utnobis
956 2743 1073 2803 faecem

92 2835 308 2889 reservemust
344 2827 503 2888 Inhaereat
518 2825 601 2887 istud
614 2826 714 2887 animo
731 2832 762 2885 et
775 2832 928 2900 tamquam
944 2824 1073 2887 mIssum

94 2912 218 2973 oraculo
235 2913 367 2988 placeatz

196 3014 214 3058 o
214 3000 277 3073 pti
281 3014 335 3056 ma
350 3012 482 3072 quaeqae
497 2996 560 3056 dies
574 2997 690 3055 miseris
702 2994 873 3056 mortalibus
886 2997 953 3055 aava·

193 3081 421 3156 primafapr‘t.

96 3180 191 3240 quare
212 3164 375 3240 optimam
406 3163 479 3239 qula
501 3163 586 3238 quod
609 3168 703 3223 restat
723 3160 871 3222 incertum
891 3169 948 3222 est.
977 3171 1114 3237 quareal

95 3248 259 3324 optimam
281 3248 353 3324 quia
366 3246 494 3308 iuvenes
508 3262 674 3322 possumus
690 3245 824 3321 discere,
841 3261 1008 3320 possumus
1027 3245 1041 3303 l
1058 3276 1071 3288 -

95 3333 182 3393 cilem
194 3332 326 3393 animum
338 3337 367 3392 et
381 3331 480 3393 adhuc
494 3332 681 3391 tractabilem
694 3330 733 3389 ad
744 3330 871 3390 meliora
883 3335 1070 3390 convertere.

96 3414 168 3491 qula
181 3416 241 3476 hoc
254 3423 375 3492 tempus
394 3415 537 3476 idoneum
552 3421 600 3476 est
616 3414 780 3488 laboribus,
795 3413 938 3475 idoneum
956 3410 1071 3487 agitan-

95 3500 144 3562 dis
159 3515 215 3576 per
235 3500 337 3561 studia
356 3500 486 3576 ingeniis
508 3505 538 3561 et
555 3499 737 3562 exercendis
753 3513 809 3573 per
824 3511 920 3618 opem
934 3494 1057 3570 corpori

840 3584 843 3589 ’
853 3586 892 3638 ‘ib
