2422 3862
125 239 189 305 214
415 238 449 297 a.
464 236 610 296 nurum
633 203 809 295 sunbona

124 410 195 455 nou
223 407 321 452 esse.
354 390 427 450 libet
447 391 541 463 enim,
565 388 660 449 Lucili
686 389 818 450 virorum
844 391 972 466 optime,
1000 392 1103 454 ridere

123 478 253 554 ineptias
272 477 421 547 Graecas,
439 489 517 548 quas
533 473 677 547 nondum,
694 473 833 549 quamvis
850 474 950 548 mirer,
966 476 1102 536 excussi.

95 564 225 624 9chon
242 567 346 621 noster
360 558 418 618 hac
433 557 612 618 collectione
626 558 731 618 utitur:
754 558 895 633 „Nullum
910 559 1022 620 mulum
1037 562 1102 635 glo-

122 648 239 707 riosum
253 651 309 705 est.
338 658 421 702 mors
442 648 541 702 autem
556 640 691 716 gloriosa
706 649 767 703 est:
787 656 870 703 mors
888 658 963 717 ergo
979 660 1040 704 non
1057 652 1104 705 est

122 732 266 791 molum.“
299 727 472 788 Proiecisti=
499 725 642 787 liberatus
665 743 732 787 sum
753 733 845 786 metu.
880 727 1025 802 posthoc
1040 745 1102 788 non

123 813 268 875 dubitabo
286 811 444 887 porrigere
458 810 617 871 cervicem.
645 811 711 871 Non
728 811 774 871 vis
790 811 929 872 severius
945 812 1031 888 loqui
1046 828 1104 872 nec

122 898 267 958 morituro
289 897 384 956 risum
405 901 551 956 moveret
581 911 642 955 non
664 896 855 955 mehercules
880 896 969 962 iacile
989 896 1044 957 tibi
1059 898 1102 957 di·

111 982 235 1057 merim,
255 987 355 1041 utrum
375 977 507 1054 ineptior
527 979 630 1054 luerit,
659 980 710 1055 qui
732 995 766 1040 se
787 979 845 1039 hae
865 980 1102 1055 interrogatione

122 1065 268 1126 iudicavit
282 1065 385 1125 mortis
401 1070 513 1124 metum
528 1064 730 1139 exstinguere,
746 1079 784 1123 an
797 1063 849 1138 qui
863 1063 932 1139 hoc,
947 1072 1101 1140 tamquam

81 1149 162 1216 road
182 1165 246 1208 rem
267 1147 445 1224 pertineret,
468 1155 595 1209 conatus
615 1155 664 1208 εει
684 1149 814 1207 solvere,
844 1164 913 1207 nam
929 1148 1040 1222 etipse
1055 1147 1099 1207 in-

120 1234 354 1308 terrogationem
375 1231 557 1293 contrariam
578 1231 723 1307 obposuit
748 1247 849 1292 exeo
874 1239 988 1307 numm,
1015 1231 1101 1309 quod

31 1381 35 1394 ⁸
120 1324 246 1378 mortem
258 1316 336 1377 inter
347 1316 548 1377 indifferentia
560 1317 711 1391 ponimus,
724 1331 803 1394 quae
816 1306 985 1395 ἀδιάφορα
992 1315 1101 1375 Graeci

119 1409 240 1461 vocant.
270 1399 384 1475 „Nihil,
408 1401 521 1476 inquit,
545 1399 721 1460 indifferens
742 1399 909 1474 gloriosum
932 1407 987 1460 εει.
1017 1417 1101 1460 mors

120 1492 219 1546 autem
244 1484 413 1559 gloriosum
437 1492 499 1545 est:
524 1500 597 1559 ergo
622 1500 706 1544 mors
732 1501 792 1544 non
821 1491 868 1544 est
892 1483 1102 1544 indifferens.“

118 1568 202 1630 Haec
223 1570 418 1644 iuterrogatio
438 1568 527 1629 vides
553 1568 605 1628 ubi
626 1569 767 1644 obrepat:
794 1584 877 1628 mors
898 1585 958 1629 non
974 1575 1022 1628 εει
1037 1570 1101 1643 glo·

118 1654 219 1728 riosa,
235 1654 291 1714 sed
307 1653 423 1714 lortiter
438 1654 514 1713 mori
528 1653 695 1727 gloriosum
714 1660 770 1713 εει.
800 1658 912 1712 etcum
929 1652 1022 1713 dicis:
1037 1651 1102 1725 „in-

121 1736 267 1797 differens
283 1738 356 1797 nihil
372 1737 539 1811 gloriosum
553 1741 635 1808 est“,
653 1737 791 1798 concedo
807 1736 860 1796 tibi
874 1737 928 1810 ita,
951 1742 985 1796 ut
1002 1736 1102 1796 dicam

119 1821 192 1880 nihil
206 1821 374 1896 gloriosum
388 1837 459 1882 esse
474 1822 533 1881 uisi
549 1823 629 1882 circa
643 1820 861 1895 indifferentia,
875 1827 1029 1894 tamquam
1046 1821 1101 1896 [in-

120 1905 290 1966 differentia
310 1922 383 1966 esse
398 1906 482 1979 dico,
503 1904 534 1964 id
550 1913 597 1966 est
611 1921 668 1966 neo
681 1907 765 1966 bona
786 1905 952 1977 mumulo,
972 1904 1100 1975 scilicet]

78 1987 274 2063 llmorbum,
291 1991 444 2063 dolorem,
461 1998 686 2065 paupertatem,
708 1990 847 2061 exilium,
862 1994 999 2048 mortem.
1029 1987 1103 2046 nihil

118 2073 227 2132 horum
243 2089 300 2146 per
314 2090 348 2134 εε
366 2075 532 2148 gloriosum
548 2081 609 2147 εει,
626 2072 698 2133 nillil
714 2081 814 2133 tamen
828 2073 894 2132 sinc
908 2071 967 2131 his.
996 2071 1101 2131 lauda·

118 2163 167 2215 tur
187 2156 266 2214 enim
288 2173 405 2232 pauper
427 2155 653 2231 voluntarius*,
678 2173 739 2217 non
761 2164 940 2232 paupertas
963 2155 1019 2215 sed
1042 2155 1100 2228 illc,

120 2254 210 2314 quem
231 2247 397 2314 paupertas
419 2258 480 2302 non
502 2240 662 2314 submittit,
685 2257 742 2302 uec
763 2239 931 2300 incurvat*.
960 2239 1102 2298 laudatur

119 2340 179 2383 uon
200 2322 339 2397 exilium,
361 2325 416 2384 sed
437 2326 487 2386 ille
501 2323 647 2397 Rutilius,
671 2325 723 2399 qui
744 2324 850 2384 sortior
871 2323 901 2382 in
918 2321 1043 2383 exilium
1057 2322 1101 2380 ire

119 2410 214 2468 voluit
226 2424 318 2482 quam
334 2408 477 2469 misisset.
506 2409 646 2470 laudatur
660 2425 721 2468 non
737 2408 838 2482 dolor,
855 2407 911 2467 sed
926 2405 993 2477 ille,
1010 2421 1101 2479 quem

120 2490 193 2551 nihil
209 2493 309 2566 coegit
324 2492 421 2552 dolor.
446 2509 534 2554 nemo
550 2500 677 2554 mortem
691 2492 810 2565 laudat,
832 2491 889 2550 sed
904 2505 988 2561 cum,
1013 2489 1100 2549 cuius

78 2585 109 2637 ιι
117 2592 200 2636 mors
215 2584 286 2636 ante
298 2576 423 2637 abstulit
436 2577 568 2637 animum
584 2575 676 2652 uuam
691 2574 891 2635 conturbavit.
922 2572 1030 2632 Omnia
1042 2572 1102 2632 ista

117 2676 173 2733 per
196 2676 229 2718 sc
252 2677 312 2720 non
335 2668 406 2720 sunt
426 2661 556 2721 honesta
576 2675 633 2720 nec
647 2659 797 2734 gloriosa,
824 2658 880 2718 sed
897 2655 1044 2731 quicquid
1062 2672 1101 2715 ex

117 2742 176 2800 illis
192 2745 287 2803 uirtus
304 2744 377 2803 adiit
391 2745 608 2819 tractavitque,
629 2743 792 2804 honestum
815 2749 845 2801 ει
867 2741 1035 2815 gloriosum
1057 2741 1069 2798 l
1089 2771 1099 2780 -

118 2827 172 2884 cit:
188 2826 239 2884 illa
256 2827 286 2884 in
302 2827 403 2888 medio
419 2829 519 2902 posita
536 2835 615 2889 sunt.
645 2827 784 2899 interest,
799 2832 899 2885 utrum
914 2823 1027 2906 malitia
1042 2824 1100 2882 illis

116 2925 155 2968 an
170 2909 265 2970 virtus
281 2925 404 2969 manum
419 2912 597 2972 admoverit.
626 2927 710 2972 mors
726 2908 806 2970 euim
821 2909 889 2982 illa,
905 2909 1028 2983 quaein
1046 2905 1101 2967 Ca·

117 2999 188 3053 tone
213 2993 350 3067 gloriosa
371 3001 432 3066 est,
460 2996 489 3053 in
510 2996 604 3056 Bruto
627 2996 727 3056 statim
750 2992 849 3068 turpis
871 2999 919 3052 εει
939 2999 970 3051 ει
992 2990 1100 3051 crube-

117 3076 243 3137 scenda.
272 3075 321 3136 hic
343 3086 391 3138 cst
412 3079 491 3138 enim
508 3078 636 3151 BrutuS,
661 3079 803 3153 quicum
824 3076 977 3152 periturus
993 3074 1099 3135 mortis

115 3175 219 3219 moras
241 3168 414 3236 quaereret,
443 3163 483 3222 ad
505 3163 735 3222 exonerandum
760 3168 896 3221 ventrem
919 3160 1051 3222 secessit
1072 3166 1102 3218 ει

116 3251 264 3304 evocatus
278 3244 316 3302 ad
328 3252 455 3305 mortem
466 3245 636 3321 iussusque
648 3246 798 3322 praebere
810 3242 977 3305 cervicem=
993 3259 1101 3318 „prae-

115 3326 211 3400 bebo,
227 3328 337 3404 inquit,
354 3328 396 3390 ita
410 3330 542 3388 vivam.“
568 3329 652 3402 Quae
667 3328 819 3388 dementia
833 3334 880 3389 εει
895 3328 1011 3402 lugere,
1032 3342 1100 3385 cum

114 3411 260 3472 retroire
288 3428 350 3471 non
375 3414 501 3487 possist
541 3413 740 3487 „Pracbebo,
765 3411 876 3487 inquit,
902 3410 943 3470 ita
970 3412 1100 3470 vivam.“

116 3484 219 3581 pabtre‘
239 3495 365 3591 affliccitt
392 3498 462 3584 5,ch
478 3497 535 3556 sub
550 3497 714 3557 Antonio.“
748 3511 767 3555 o
789 3494 942 3555 hominem
964 3494 1100 3568 dignum,
