2422 3862
269 266 548 330 misiliminum
570 269 643 330 LlB.
654 270 718 331 XX.
740 271 799 331 ΕΡ.
811 281 838 334 6.
860 279 949 346 (lid.)
1034 272 1096 335 411

116 422 199 497 apud
225 436 282 482 nos
309 422 409 483 iocum
435 429 517 483 tenet
542 436 642 494 error,
667 421 719 481 ubi
743 423 884 498 publicus
914 424 1012 485 iactus
1038 433 1096 486 εει.

116 504 228 565 Omnes
246 505 306 564 iam
327 505 372 566 sic
395 506 639 581 peregrinantur,
661 513 695 566 ut
708 505 776 566 ilios
791 506 986 569 Numidarum
1008 524 1125 582 prae-7

116 596 218 648 currat
242 589 410 664 equitatus,
437 597 470 651 ut
495 598 603 665 agmen
624 596 782 649 cursorum
804 591 976 651 antecedat:
1007 601 1097 667 turpe

115 679 162 732 εει
177 673 277 732 nullos
293 688 378 747 esse,
404 674 455 748 qui
470 673 659 734 occurrentis
675 673 725 732 nia
740 673 888 747 deiciant,
908 680 960 734 aut
975 675 1026 749 qui
1041 675 1095 735 ho·

114 763 235 815 nestum
247 755 400 817 hominem
413 757 518 817 venire
529 770 640 832 magno
655 759 779 832 pulvere
792 757 965 818 ostendant.
988 768 1095 819 omnes

113 840 172 898 iam
194 840 293 900 mulos
313 839 441 911 habent,
464 841 516 918 qui
539 842 716 919 crystallina
735 847 767 900 et
787 842 920 900 murrina
934 849 964 902 et
979 842 1095 902 caelata

112 938 292 997 magnorum
314 923 462 985 artificum
483 940 575 984 manu
597 930 733 1000 portent:
757 933 845 999 turpe
868 931 915 985 εει
928 926 1025 985 videri
1041 943 1095 987 eas

112 1013 142 1066 te
173 1005 287 1066 habere
316 1008 455 1068 sarcinas
483 1015 578 1083 totas,
611 1023 690 1084 quae
718 1016 782 1069 tuto
814 1008 934 1068 concuti
963 1010 1093 1083 possint.

111 1088 246 1150 omnium
269 1091 461 1166 paedagogia
481 1092 574 1152 oblita
595 1091 671 1151 facie
691 1092 856 1165 vehuntur,
879 1108 918 1151 ne
936 1093 999 1167 sol,
1021 1105 1094 1155 nere

110 1173 207 1248 frigus
227 1181 361 1234 teneram
384 1182 482 1237 cutem
503 1175 618 1238 laedat:
639 1183 726 1250 turpe
742 1183 790 1235 est
810 1174 960 1236 neminem
975 1191 1048 1236 esse
1063 1179 1091 1236 in

110 1258 253 1318 comitatu
270 1273 444 1332 puerorum,
467 1259 554 1320 cuius
569 1274 645 1318 sana
660 1259 754 1318 iacies
769 1259 1021 1320 meditamentum
1040 1261 1091 1319 de·

108 1341 232 1402 sideret.
276 1342 595 1404 Horumomnium
614 1357 738 1402 sermo
758 1341 939 1402 vitandus
961 1351 1033 1403 est:
1055 1343 1121 1403 hia

108 1435 212 1500 sunt,
229 1426 295 1500 qui
310 1423 406 1486 vitia
421 1426 722 1487 traduntetalio
743 1425 902 1485 aliunde
919 1428 1090 1486 transie-

106 1517 203 1569 runt.
247 1509 430 1570 Pessimum
447 1525 545 1584 genus
575 1508 706 1586 [horum]
734 1509 889 1568 hominum
921 1508 1089 1581 videbatur,

109 1594 159 1667 qui
177 1593 270 1652 verba
285 1599 455 1667 gestarent:
480 1601 550 1654 sunt
565 1592 704 1668 quidam,
729 1593 781 1667 qui
797 1592 870 1651 vitia
884 1598 1013 1666 gestant.
1034 1592 1088 1651 ho-

105 1692 171 1736 rum
188 1688 290 1737 sermo
305 1678 430 1738 muitum
446 1684 545 1739 nocet.
575 1687 643 1737 narn
659 1676 777 1737 etiamsi
793 1686 853 1736 non
871 1675 971 1736 statim
988 1677 1089 1751 proie-

105 1760 153 1832 cit,
170 1760 287 1820 semina
302 1761 332 1819 in
348 1761 448 1821 animo
463 1760 607 1837 relinquit
622 1761 824 1836 sequiturque
838 1774 895 1820 nos
913 1759 1001 1820 etiarn
1019 1775 1088 1819 cum

104 1842 142 1901 ab
159 1843 218 1902 iliis
230 1844 441 1919 discessimus,
456 1851 699 1906 resurrecturum
713 1850 821 1919 postea
833 1842 954 1902 maium.
979 1843 1116 1917 Quem-9

103 1927 269 1988 admodum
292 1928 343 2003 qui
363 1926 525 1989 andierunt
546 1927 778 2006 symphoniam,
804 1928 905 1987 ierunt
926 1942 1031 1986 secum
1056 1927 1085 1985 in

102 2010 227 2070 auribus
241 2012 476 2073 modulationem
489 2013 570 2072 illam
583 2028 619 2072 ac
632 2012 824 2072 dulcedinem
837 2017 989 2085 cantuum,
1006 2024 1087 2084 quae

102 2095 302 2167 cogitationes
318 2097 435 2172 inpedit
448 2110 506 2156 nec
523 2096 561 2155 ad
578 2096 659 2157 seria
674 2096 785 2170 patitur
800 2095 930 2168 intendi,
949 2096 996 2154 sic
1011 2094 1085 2154 adu·

101 2178 231 2238 latorum
253 2187 283 2239 et
304 2196 400 2255 prava
418 2179 604 2241 laudantium
627 2194 728 2240 sermo
744 2177 858 2239 diutius
873 2179 979 2239 haeret
994 2194 1084 2253 quam

100 2261 229 2321 auditur.
262 2277 319 2322 nec
345 2264 433 2323 facile
457 2271 504 2323 est
529 2265 630 2325 animo
651 2263 772 2323 dulcem
791 2277 901 2324 sonum
923 2268 1083 2322 excutere:

100 2344 297 2418 prosequitur
318 2354 348 2406 et
368 2347 458 2407 durat
479 2355 561 2407 etex
577 2347 734 2407 intervallo
749 2346 886 2406 recurrit.
931 2345 1005 2405 ldeo
1021 2346 1084 2404 clu·

100 2427 220 2486 dendae
238 2433 308 2486 sunt
323 2444 413 2488 aures
428 2429 516 2489 malis
533 2430 661 2490 vocibus
679 2437 709 2490 et
724 2430 847 2505 quidem
861 2427 982 2504 primis:
1004 2442 1083 2498 nam,

100 2525 169 2568 cum
185 2509 300 2570 initium
318 2512 454 2571 lecerunt
476 2511 694 2587 admissaeque
709 2512 849 2589 [in]sunt‚
872 2511 943 2585 plus
959 2509 1082 2568 audent.

98 2592 169 2652 inde
185 2592 316 2653 adhaec
332 2594 507 2668 pervenitur
522 2595 629 2654 verba:

161 2677 286 2750 „Virtus
309 2685 339 2738 ει
358 2676 555 2752 philosophia
575 2684 605 2736 et
625 2677 739 2738 iustitia
760 2675 924 2735 verborum
947 2672 1124 2738 inaniumlo

98 2761 231 2834 crepitus
259 2769 321 2821 est:
347 2778 408 2821 una
431 2761 559 2831 felicitas
583 2768 630 2821 est
652 2761 732 2820 bene
752 2759 832 2842 vitae
855 2758 971 2817 iacere:
1000 2771 1080 2830 esse,

96 2844 210 2917 hibere,
227 2846 284 2905 irni
304 2845 495 2919 patrimonio,
511 2845 570 2905 hoo
588 2852 637 2906 est
650 2844 764 2917 vivere,
780 2841 840 2903 hoc
857 2847 954 2902 estse
969 2849 1080 2901 morta·

96 2930 154 2987 lem
170 2944 242 2988 esse
263 2928 449 2990 meminisse.
479 2930 577 2990 fluunt
597 2928 664 2989 dies
679 2935 711 2989 et
723 2925 934 3002 inreparabilis
950 2925 1012 2985 vita
1027 2925 1080 2984 de·

95 3012 202 3071 currit:
218 3012 415 3074 dubitamus?
430 3014 510 3088 quid.
516 3014 599 3074 iuvat
612 3023 723 3087 sapere
736 3019 767 3072 et
778 3011 867 3071 aetati
882 3021 944 3070 non
956 3022 1081 3083 semper

94 3095 268 3170 voluptates
283 3104 464 3172 recepturae
478 3097 612 3170 interim,
638 3096 711 3156 dum
734 3101 850 3172 potest,
879 3093 951 3154 dum
968 3092 1078 3167 poscit,

94 3178 234 3252 ingerere
254 3182 456 3256 frugalitatem
478 3188 508 3241 et
529 3189 655 3241 mortem
670 3192 869 3255 praecurrere
886 3184 916 3237 et
931 3174 1076 3252 quicquid

93 3261 144 3320 ilin
161 3263 298 3324 ablatura
312 3271 368 3339 est,
381 3264 440 3324 iam
452 3262 511 3324 sliti
523 3264 726 3324 interdiceret
747 3265 813 3323 Non
827 3260 956 3321 amicam
970 3259 1076 3332 habes,

94 3361 154 3404 non
173 3359 309 3423 puerum,
326 3347 379 3423 qni
393 3349 509 3408 amitae
520 3355 643 3408 moveat
653 3346 807 3407 invidiam.
831 3345 942 3405 cotidie
954 3342 1076 3404 sobrius

92 3429 210 3502 prodis.
231 3429 276 3491 sio
292 3443 406 3492 coenas
419 3439 574 3508 tamquam
590 3429 820 3507 ephemeridem
835 3425 1085 3504 patriadqtdoa·
1151 3504 1157 3512 ⁸

92 3518 194 3571 turus:
224 3528 284 3573 non
305 3523 352 3576 est
365 3513 451 3578 istud
464 3509 586 3592 uivere,
614 3515 673 3579 sed
688 3517 814 3580 alienae
827 3512 919 3572 uitae
929 3509 1112 3566 luteresse.
