2422 3862
120 244 164 308 20
303 238 307 245 ’
381 241 415 304 L.
437 240 583 303 ANNAEl
608 239 783 306 soracti

119 415 200 472 cam,
215 393 328 470 iuquit,
342 396 453 468 lopaor.
480 393 528 454 cui
544 391 662 455 Cratest
676 409 756 465 onec,
772 391 877 467 inquit,
892 409 972 467 rope,
987 402 1016 456 et
1029 395 1094 455 dili-

88 488 221 556 apemar
235 478 377 549 odanda,
399 493 437 536 na
451 492 518 538 cnm
533 477 649 539 comm
663 479 741 539 molo
756 480 898 551 loquacia.
930 477 1097 552 Lugentem

120 566 335 636 timentemque
355 559 511 621 custodire
526 561 678 632 solemus,
701 575 739 623 ne
760 559 925 626 solitudine
940 563 1097 634 mulctata⁴

120 657 178 709 tur.
199 661 289 706 namo
305 651 405 705 estex
420 642 669 725 inprudentibus.
687 643 737 718 qui
748 644 880 720 relinqui
897 645 956 706 sibi
971 645 1097 712 debeat:

119 743 192 794 ωηο
206 730 287 791 mala
300 727 430 789 consilia
445 726 567 801 agitant.
594 733 666 789 tuno
689 735 741 792 ant
754 729 822 792 aliis
838 735 890 790 aut
903 729 981 804 ipsis
998 730 1098 798 latura

120 816 258 893 pericula
271 819 400 873 struant.
414 817 487 873 tuno
499 809 681 887 cupiditates
697 812 844 887 inprobas
860 813 1012 879 ordinant.
1026 822 1097 881 ωηο

122 898 270 976 quicquid
290 903 342 957 aut
362 901 441 957 metu
463 903 515 955 aut
534 896 653 970 pudore
674 896 805 970 celabat,
826 897 945 963 ammos
961 900 1095 973 exponit.

120 993 193 1046 tuno
207 981 367 1042 audaciam
382 980 477 1053 acuit,
498 979 653 1044 libidinem
672 979 788 1053 inritat,
810 981 999 1047 iracundiam
1013 982 1096 1049 insti-

119 1075 182 1144 gat.
218 1065 352 1140 denimre
367 1063 451 1138 quod
466 1080 560 1124 unum
575 1063 707 1127 solitudo
722 1063 815 1127 nabet
829 1066 1039 1140 commodam,
1054 1067 1096 1126 ni·

120 1153 163 1212 hil
176 1149 230 1211 ulli
244 1149 444 1220 committere,
459 1164 521 1209 non
535 1149 640 1212 timere
654 1145 1013 1241 indicemrp‘e'rit'stulto.
1029 1152 1097 1225 ipse

122 1251 158 1296 se
181 1234 296 1310 prodit:
326 1232 530 1307 vinetaque,
552 1231 625 1307 qnid
650 1232 689 1291 do
705 1239 740 1293 te
755 1237 893 1308 sperem,
915 1232 1007 1300 immo
1026 1236 1095 1310 auid

122 1320 294 1396 spondeam
312 1316 401 1377 mihi:
432 1332 506 1391 spes
521 1318 601 1376 enim
616 1316 721 1379 incerti
736 1316 808 1378 honi
822 1333 932 1383 noman
950 1326 1012 1383 est:
1035 1335 1094 1379 non

90 1402 261 1476 amaea-io,
288 1415 358 1462 oum
384 1417 445 1476 quo
465 1409 495 1460 te
514 1402 614 1461 malim
636 1415 820 1474 essequam
841 1409 950 1466 tecum.
978 1404 1097 1478 Repeto

121 1487 283 1560 memoria,
301 1501 392 1561 quam
403 1500 514 1559 magno
528 1484 629 1545 animo
645 1485 796 1559 quaedam
812 1487 905 1548 verba
920 1485 1097 1562 paciscens,

122 1572 227 1647 quanti
251 1569 373 1630 roboris
397 1569 497 1645 plena.
529 1569 699 1644 gratulatus
726 1585 794 1632 sum
816 1571 955 1645 protinus
975 1571 1049 1635 milti
1070 1580 1099 1631 et

121 1656 203 1715 diri=
230 1670 316 1728 „non
338 1670 357 1712 a
377 1653 504 1714 summis
527 1653 620 1713 labris
642 1652 700 1713 isla
721 1663 884 1728 venerunt,
906 1654 1020 1719 habent
1039 1656 1099 1715 hae

122 1756 217 1801 vocas
236 1738 475 1799 fundamentum.
503 1736 561 1798 isto
582 1736 674 1798 homo
697 1753 758 1799 non
780 1745 827 1799 est
843 1755 923 1802 unus
939 1755 956 1798 e
971 1742 1097 1816 populo,

91 1825 163 1885 lad
178 1826 306 1884 salntem
323 1825 483 1898 -spcctnt.“
512 1819 564 1882 Sic
584 1821 727 1896 loquare,
749 1822 794 1884 sic
815 1823 899 1883 vivae
922 1823 993 1887 vide
1015 1841 1054 1885 na
1069 1831 1098 1883 te

123 1910 185 1970 ulla
208 1925 260 1968 res
282 1907 439 1981 deprimat.
469 1906 620 1965 Votorum
639 1915 759 1967 tnomm
781 1914 917 1970 vetorum
931 1907 1008 1969 ‘licet
1029 1908 1097 1969 dois

122 1993 248 2068 gratiam
263 1990 375 2064 facias,
389 1991 448 2050 alia
462 1989 501 2050 do
515 1990 632 2064 integro
645 1991 784 2066 suscipa
798 2007 874 2067 roga
887 1990 999 2051 bonam
1015 2007 1098 2052 men-

121 2086 205 2148 tem,
226 2076 337 2134 bonam
365 2073 561 2134 valitudinem
583 2074 688 2147 animi,
715 2076 826 2137 deinde
852 2083 924 2137 ωηο
947 2076 1097 2151 eorporIs.

125 2157 230 2235 quidni
251 2165 284 2219 ω
303 2158 361 2217 ista
380 2163 452 2216 vota
474 2172 569 2231 saepe
591 2157 707 2217 facias?
732 2159 877 2221 audacter
893 2159 985 2220 doum
1005 2177 1097 2236 roga:

123 2242 195 2303 nihil
212 2241 295 2301 illuni
315 2242 354 2300 de
374 2241 473 2300 aliano
493 2248 656 2313 rogaturus
678 2256 722 2301 es.

91 2334 109 2384 a
189 2325 251 2386 Sed
267 2333 305 2386 ‘ut
327 2339 412 2386 mare
432 2339 500 2383 meo
516 2339 583 2383 curn
601 2325 702 2399 aliquo
728 2330 909 2390 munusculo
935 2329 1097 2404 epistulam

123 2412 252 2482 mittam,
278 2424 385 2468 varum
411 2415 472 2481 est,
498 2408 582 2484 quod
607 2409 691 2483 apud
718 2411 950 2473 Athenodorum
977 2412 1097 2473 inueni:

123 2495 231 2568 „limo
250 2497 322 2555 scito
336 2509 400 2553 aare
416 2498 444 2552 te
462 2493 594 2553 omnibus
606 2495 814 2570 cupiditatibus
830 2500 970 2573 soleclum,
984 2514 1053 2559 oum
1066 2514 1100 2559 eo

121 2581 306 2656 perveneris,
330 2584 364 2637 ct
380 2577 456 2637 nihil
475 2577 561 2636 deum
579 2593 680 2654 roasa,
700 2583 761 2640 ηοω·
779 2583 861 2655 popo
877 2598 989 2657 appare
1005 2585 1101 2658 possis

120 2667 255 2739 polom.“
289 2676 370 2720 nunc
386 2661 466 2720 enim
482 2667 596 2735 quanta
610 2663 760 2724 dementia
774 2670 823 2725 est
838 2664 1010 2726 hominum!
1039 2674 1100 2726 tur·

123 2746 253 2821 pissima
271 2753 344 2804 vota
359 2744 406 2804 dis
427 2745 634 2806 insusurrant:
662 2747 774 2823 siquis
796 2748 966 2810 admoverit
985 2765 1098 2821 aurem,

125 2830 341 2889 conticescent.
358 2835 388 2888 et
403 2829 485 2903 quod
502 2829 581 2889 seire
596 2829 749 2891 hominem
761 2835 877 2907 nolunt,
891 2834 950 2895 deo
966 2843 1100 2894 narrant.

126 2913 204 2973 Vide
220 2927 310 2986 ergo,
331 2927 370 2971 ne
385 2911 444 2972 hoc
458 2912 595 2989 praecipi
611 2915 773 2976 salubriter
790 2919 904 2992 possit:
937 2917 1016 2992 „Sic
1031 2919 1101 2977 vive

125 3013 194 3057 cum
209 2995 397 3070 hominibus,
417 3004 572 3073 tamquam
587 2999 665 3059 deus
681 2999 798 3061 videat:
825 3002 870 3060 sic
885 3002 1015 3077 loquere
1033 3018 1101 3064 cum

125 3082 199 3153 deo,
216 3087 368 3156 tamquam
383 3079 524 3142 homines
542 3083 698 3145 audiant.¹‘
730 3085 819 3145 nale.

462 3217 678 3277 EPISTULA
698 3221 745 3288 XI,

375 3315 486 3367 Snasra
502 3317 615 3368 Lucrrro
635 3328 688 3368 suo
708 3328 847 3371 saturam.

21 3412 31 3436 ⁸
93 3426 107 3479 1
181 3419 317 3481 Locutus
336 3425 384 3480 est
408 3435 528 3479 mecum
552 3419 669 3481 amicus
694 3428 764 3481 tuus
790 3421 891 3481 bonae
917 3422 1046 3496 indolis,
1071 3424 1101 3487 in

110 3519 175 3575 quo
189 3512 341 3579 quantum
357 3510 443 3565 esset
456 3503 567 3578 animi,
584 3505 872 3581 quantumingenii‚
883 3514 1033 3580 maantam
1042 3505 1101 3569 iam
