2392 3870
376 347 409 430 n
431 345 571 429 rrum
600 346 771 432 nulum
893 454 896 459 ⁸

438 476 488 526 ai)
518 474 709 528 LUCILIUM

128 568 1019 781 EPIS'TUMrRrfflvMMMUM

498 884 651 895 ...ιη-...-

388 990 606 1048 EPISTULA
632 994 654 1049 Ι.
680 993 752 1062 (42.)

336 1084 448 1138 Saurea
466 1087 577 1140 Lucuto
598 1099 649 1139 suo
670 1096 809 1139 excursu.

149 1188 212 1248 lam
232 1187 285 1249 tibi
306 1191 364 1249 iste
384 1190 539 1265 persuasit
559 1192 657 1251 vimm
679 1205 716 1250 se
728 1189 842 1250 bonum
858 1193 955 1249 esset
978 1191 1088 1265 atquil

84 1271 288 1334 virbonus
309 1281 382 1333 tam
404 1275 479 1337 sito
501 1291 570 1336 nec
591 1273 679 1335 lieri
702 1278 834 1350 potest
854 1288 923 1333 nea
947 1273 1062 1334 intel·

84 1356 172 1431 legi.
195 1357 257 1418 scis
270 1372 360 1434 quem
374 1374 455 1420 nunc
469 1360 566 1423 virum
580 1360 693 1420 bonum
709 1359 834 1417 dicamt
849 1356 938 1421 huius
953 1372 1062 1418 secun·

85 1441 146 1500 dae
159 1446 259 1501 nome.
281 1455 350 1502 nam
364 1443 417 1502 ille
429 1444 809 1519 alteriortassetaniquam
822 1440 956 1517 phoenix
968 1443 1063 1502 semel

86 1539 167 1584 anno
190 1524 433 1601 quingentesimo
454 1529 599 1590 nascitur.
638 1527 702 1588 uec
722 1532 770 1586 est
789 1526 897 1586 mitum
912 1540 950 1585 ex
971 1525 1061 1586 inter-

86 1609 169 1669 vallo
188 1623 298 1686 magna
319 1612 474 1686 merari:
495 1612 660 1674 mediocria
680 1617 710 1672 et
729 1611 759 1670 in
774 1609 892 1671 turbam
906 1611 1064 1671 nascentia

87 1704 183 1768 saepe
203 1693 324 1755 lcuuna
345 1696 501 1772 producit,
528 1697 639 1757 eximia
657 1711 732 1756 vero
753 1695 822 1770 ipsa
842 1694 964 1755 raritate
981 1709 1062 1755 com·

86 1776 219 1837 mandat.
255 1777 318 1838 Sed
334 1778 391 1840 iste
406 1781 531 1841 multum
546 1779 647 1841 adhuc
661 1779 749 1840 abest
762 1779 804 1840 ab
817 1792 871 1852 eo,
892 1777 977 1853 quod
992 1792 1090 1854 pre-a

86 1860 197 1921 fitetur.
229 1869 260 1922 et
278 1863 304 1922 si
327 1864 431 1938 sciret,
454 1865 528 1942 quid
543 1872 626 1926 esset
641 1864 817 1938 virbonus,
840 1863 976 1924 nondum
991 1877 1063 1922 esse

86 1959 123 2005 se
143 1945 296 2020 crederet,
319 1947 454 2008 sonasse
473 1949 564 2009 etiam
583 1948 651 2008 lieri
670 1963 766 2024 posse
781 1948 968 2024 desperaret.
1003 1947 1064 2022 „At

87 2030 166 2088 male
188 2029 340 2092 existimat
359 2032 399 2092 de
419 2033 536 2093 malls.“
571 2033 630 2094 hoc
652 2032 741 2093 mam
761 2031 832 2093 mali
853 2032 979 2108 iaciunt,
1005 2044 1063 2092 uec

86 2115 149 2173 ulla
170 2112 268 2174 maior
286 2128 389 2190 poena
409 2117 563 2192 nequitiae
583 2125 631 2178 est
652 2132 744 2193 quam
765 2114 850 2192 quod
869 2116 927 2177 slbi
945 2117 1062 2177 ansuis

87 2196 239 2271 displicet.
275 2199 335 2274 „At
348 2199 414 2261 odit
426 2215 497 2274 eos,
519 2202 571 2278 qui
587 2199 688 2262 subita
702 2207 733 2261 et
745 2213 856 2276 magna
870 2201 1004 2276 potentia
1019 2201 1091 2263 ine

87 2287 230 2358 potenter
240 2288 394 2344 utuntur.“
425 2283 506 2345 idem
519 2285 623 2359 iactet,
646 2283 808 2345 cumidem
818 2286 957 2361 potuerit.
986 2284 1062 2345 Mul·

86 2374 201 2438 torum,
230 2369 301 2441 caia
321 2368 461 2428 inbecilla
482 2379 567 2444 sunt,
592 2373 686 2430 latent
705 2369 793 2444 sitia,
815 2384 875 2429 non
892 2367 993 2430 miuus
1011 2385 1064 2429 au·

87 2465 175 2524 sura,
193 2466 261 2512 curu
276 2451 335 2512 illis
348 2452 430 2513 vires
440 2468 516 2514 suae
528 2452 714 2530 placuerint,
730 2468 821 2530 quam
832 2449 898 2528 illa,
914 2453 1064 2528 quaeiam

87 2534 216 2596 felicitas
239 2536 365 2612 aperuit.
397 2537 597 2599 iustmmenta
615 2538 675 2599 iltis
696 2537 897 2614 explicandae
912 2535 1064 2614 nequitiae

87 2620 209 2680 desunt.
253 2620 305 2681 Slc
323 2627 387 2682 tuto
409 2636 541 2698 serpens
554 2624 643 2684 etiam
658 2621 805 2698 pestilera
817 2628 971 2697 uastatur,
993 2623 1093 2683 dume

87 2704 169 2778 riget
186 2703 316 2780 frigores
340 2720 404 2766 non
422 2706 536 2768 desunt
555 2714 627 2768 tunc
647 2706 687 2766 illi
706 2721 839 2782 venena,
862 2705 920 2766 sed
933 2712 1063 2782 torpent.

86 2786 250 2848 Multorum
272 2789 435 2851 erudelitas
457 2800 487 2852 et
508 2790 629 2853 ambitio
645 2799 676 2851 et
689 2791 823 2865 luxurIa,
845 2798 878 2851 ut
892 2790 979 2865 paria
993 2805 1064 2867 pes-

89 2872 176 2932 simis
189 2874 316 2948 aud'eat,
337 2875 480 2935 fortunae
494 2874 605 2936 lavore
616 2875 765 2936 deficitur.
797 2874 904 2934 eadam
920 2876 997 2934 velle
1013 2889 1063 2934 co·

89 2970 239 3030 gnoscesa
267 2959 438 3033 depressa,
467 2967 614 3035 quantum
633 2960 747 3020 volunt.
793 2957 971 3033 Meministi,
998 2968 1093 3018 cume

90 3041 216 3115 quando
236 3041 470 3103 **adflrmares
491 3060 562 3105 esse
584 3045 614 3104 in
629 3050 681 3105 tua
696 3049 862 3118 potestate,
884 3041 1002 3103 dixisse
1017 3056 1065 3101 me

89 3125 252 3187 volaticum
268 3142 339 3187 esse
354 3142 389 3186 ac
405 3128 502 3187 levem
518 3136 548 3189 et
561 3135 591 3188 te
606 3143 666 3188 non
679 3128 790 3203 pedem
803 3126 869 3188 eius
880 3133 994 3198 tenere,
1010 3125 1067 3186 sed

89 3217 243 3282 pennam?
273 3209 415 3272 mentitus
430 3229 512 3272 sum:
528 3218 530 3223 '
536 3212 640 3288 pluma
653 3211 821 3282 tenebatur,
845 3225 937 3285 quam
950 3209 1067 3270 remisit
1143 3256 1148 3262 .

89 3299 120 3350 et
140 3294 225 3369 sugit.
263 3296 340 3368 sois,
364 3311 442 3370 quos
464 3302 573 3370 postea
592 3295 645 3356 tibi
660 3294 831 3355 exhibuerit
846 3291 951 3367 ludos,
975 3310 1066 3369 quam

90 3378 182 3437 multe
200 3377 234 3437 in
250 3385 343 3453 caput
358 3394 446 3439 suum
462 3394 572 3440 casura
586 3379 785 3454 temptaverit.
818 3395 879 3440 non
896 3376 1017 3437 videbat
1031 3391 1066 3436 se

90 3474 146 3536 per
161 3461 291 3522 aliorum
304 3463 441 3537 pericula
454 3465 484 3523 in
500 3479 586 3524 sumn
600 3477 700 3523 ruere.
721 3478 783 3524 nnn
795 3459 956 3537 cogitabat,
974 3476 1065 3536 quam
