2422 3862
167 185 230 248 296
438 185 472 244 L.
494 183 642 243 ANNAEI
666 182 842 244 SENECAE

164 354 294 414 magnos
309 338 478 413 felicesque
494 337 629 411 populus
644 343 744 396 vocat.
760 352 820 396 non
836 342 892 409 est,
909 336 994 411 quod
1008 336 1062 397 tibi
1077 354 1148 401 con-

166 422 285 498 positae
315 420 424 484 mentis
446 418 581 481 habiturn
607 427 641 480 ct
664 421 823 480 sanitatem
849 423 979 495 plausus
1004 423 1148 490 excutiat.

165 523 226 566 non
243 512 303 580 est,
325 507 410 581 quod
429 504 482 566 tibi
496 503 720 579 tranquillitatis
735 510 806 563 tuae
820 504 972 564 fastidium
995 505 1086 566 iaciat
1101 508 1149 568 ille

165 590 223 652 sub
240 588 300 651 illis
312 590 448 650 fascibus
461 604 598 664 purpura
610 589 718 648 cultus.
734 604 796 648 non
815 590 968 663 estquod
983 589 1148 651 feliciorem

165 691 234 736 eum
245 674 372 749 iudices,
389 674 438 734 cui
449 672 657 746 submovetur,
676 688 768 747 quarn
779 679 818 746 te,
834 689 926 748 quern
942 673 1030 734 lictor
1043 677 1153 736 semita

164 757 268 819 deicit:
291 759 317 817 si
332 759 379 818 vis
398 772 545 818 exercere
566 755 617 817 tibi
633 756 718 828 utile,
736 756 809 815 nulli
826 765 926 818 autern
946 772 1040 832 grave
1054 758 1148 835 impc-

122 867 155 922 51
162 845 250 917 rium,
265 841 414 902 submoue
430 841 511 901 vitia.
527 838 613 900 lllulti
624 839 825 914 inveniuntur,
842 842 895 916 qui
907 843 1008 915 ignem
1019 841 1150 905 inserant

165 926 300 998 urbibus
324 926 376 1003 qui
390 923 639 1000 inexpugnabilia
653 923 767 985 seculis
782 932 812 984 et
827 921 882 1000 per
901 924 1019 1000 aliquot
1035 936 1148 988 aetates

164 1017 227 1071 tuta
242 1016 451 1084 prosternant,
475 1008 528 1085 qui
544 1023 677 1083 aequum
697 1007 820 1069 arcibus
835 1024 980 1083 aggerem
1003 1010 1149 1072 adtollant

164 1103 195 1154 et
214 1110 319 1154 muros
340 1092 370 1152 in
390 1092 496 1154 miram
519 1091 705 1153 altitudinem
720 1091 851 1154 eductos
871 1093 1017 1154 arietibus
1032 1110 1069 1154 ac
1086 1112 1147 1154 ma·

165 1177 263 1237 clrinis
279 1186 436 1252 quassent.
467 1177 549 1238 multi
564 1182 649 1250 sunt,
671 1173 808 1250 quiante
829 1191 864 1236 so
879 1185 971 1251 agant
985 1177 1104 1252 agmina
1119 1187 1149 1238 et

164 1262 258 1336 tergis
281 1260 415 1323 hostiurn
439 1267 491 1334 [et]
512 1277 626 1336 graves
646 1261 758 1320 instent
781 1260 872 1320 etad
895 1277 979 1322 mare
1007 1277 1147 1336 magnum

166 1345 281 1421 pertusi
302 1346 398 1405 caede
418 1346 552 1420 gentium
570 1345 705 1404 veniant:
721 1343 777 1404 sed
792 1344 823 1404 hi
839 1361 981 1420 quoque,
996 1353 1029 1405 ut
1045 1346 1146 1406 vince-

164 1438 231 1491 rent
244 1430 373 1503 hostem,
389 1429 553 1504 cupiditate
575 1429 646 1488 victi
662 1435 742 1489 sunt.
771 1444 862 1489 uerno
879 1430 937 1489 illis
954 1430 1147 1490 venientibus

163 1512 279 1588 restitit,
296 1514 353 1574 sed
372 1529 429 1573 nec
451 1514 510 1589 ipsi
531 1513 687 1573 ambitioni
708 1512 941 1588 crudelitatique
959 1514 1146 1574 restiterant:

121 1620 156 1675 62
163 1606 244 1673 tunc,
253 1615 321 1659 oum
329 1596 505 1673 agerealios
513 1598 570 1657 visi
579 1605 658 1670 sunt,
674 1596 850 1670 agebantur.
866 1597 1145 1673 Agebatinieliccm

163 1683 373 1743 Alexandrum
395 1683 480 1743 luror
494 1682 593 1742 aliena
610 1680 750 1742 vastandi
771 1689 801 1742 et
821 1682 861 1740 ad
877 1683 979 1756 ignota
995 1681 1145 1740 mittebat:

164 1783 203 1826 an
218 1776 251 1827 tu
266 1774 356 1842 putas
369 1783 492 1840 sanum,
516 1767 568 1841 qui
583 1782 602 1824 a
618 1765 764 1826 Graeciae
780 1764 911 1839 primum
935 1764 1090 1837 cladibus
1114 1764 1144 1823 in

165 1867 225 1926 qua
241 1850 376 1911 eruditus
392 1857 453 1923 est,
475 1850 599 1926 incipitt
620 1850 683 1925 qui,
700 1849 783 1924 quod
802 1849 913 1924 cuique
929 1849 1074 1924 optimum
1090 1858 1145 1922 est,

164 1935 267 2010 eripit,
288 1935 521 1995 Lacedaemona
541 1932 658 1994 servire
675 1933 772 2005 iubet,
788 1933 926 1994 Athenas
941 1939 1065 1993 taceret
1086 1948 1146 1991 non

165 2027 326 2080 contentus
341 2026 386 2079 tot
400 2020 565 2080 civitatium
582 2026 683 2093 strage
701 2034 779 2092 quas
795 2025 847 2077 aut
863 2017 978 2078 vicerat
987 2016 1146 2092 Philippus

164 2110 218 2163 aut
234 2109 362 2176 emerat,
385 2103 461 2163 alias
479 2102 539 2163 alio
561 2104 630 2163 loco
646 2100 756 2177 proicit
769 2109 800 2162 et
812 2108 876 2162 toto
894 2101 970 2162 orbe
992 2116 1075 2161 arura
1091 2101 1147 2160 cir-

165 2187 302 2246 cumfert.
327 2202 384 2246 nec
399 2185 537 2248 subsistit
552 2202 684 2262 usquam
698 2187 782 2245 lassa
797 2186 961 2246 crudelitas
983 2185 1146 2245 inmanium

165 2270 297 2330 ferarum
312 2270 419 2343 modo,
442 2286 522 2345 quae
537 2273 607 2346 plus
630 2286 722 2346 quam
743 2271 836 2345 exigit
858 2271 969 2342 tames,
987 2269 1148 2328 mordenti

122 2354 226 2420 fialam
248 2353 278 2413 in
300 2372 394 2415 ununr
416 2369 544 2429 regnum
559 2356 654 2415 multa
675 2369 769 2428 regna
791 2352 930 2415 coniecit.
959 2354 1018 2413 iam
1041 2353 1148 2412 Graeci

165 2438 342 2514 Persaeque
357 2439 498 2500 eumdem
513 2439 626 2500 timent.
641 2441 700 2499 iam
715 2438 806 2498 etiarn
820 2439 946 2499 aDareo
961 2438 1078 2497 liberae
1095 2454 1147 2496 na-

165 2524 263 2585 tiones
278 2525 381 2600 iugum
394 2523 562 2600 accipiunt:
578 2525 600 2583 it
614 2532 714 2584 tamen
724 2523 801 2583 ultra
813 2537 963 2583 oceanum
976 2524 1147 2596 solemque.

164 2609 338 2684 indignatur
359 2609 397 2669 ab
418 2609 559 2671 Herculis
576 2608 739 2682 Liberique
761 2608 898 2682 vestigiis
912 2607 1072 2686 victoriam
1094 2605 1147 2665 ile·

165 2699 255 2754 clere.
291 2694 352 2769 ipsi
367 2700 492 2755 naturae
506 2694 568 2753 vim
582 2699 685 2768 parat:
700 2707 761 2751 non
779 2691 829 2750 ille
849 2692 893 2750 ire
908 2693 986 2764 vult,
1010 2689 1067 2750 sed
1088 2706 1148 2749 non

165 2783 267 2850 potest
288 2785 384 2850 stare,
410 2794 471 2838 non
495 2779 582 2837 aliter
604 2793 694 2852 quarn
716 2774 746 2834 in
765 2791 916 2851 praeceps
938 2775 1057 2834 deiecta
1073 2791 1148 2849 pon-

122 2858 253 2931 g4dera‚
275 2858 386 2934 quibu's
407 2860 499 2920 eundi
514 2860 584 2922 finis
605 2870 652 2922 est
673 2861 817 2921 iacuisse.
851 2861 895 2919 Ne
916 2861 1000 2920 Gneo
1024 2858 1147 2933 quidem

164 2941 310 3016 Pompeio
333 2949 460 3003 externa
473 2944 553 3005 bella
568 2962 604 3007 ac
623 2945 791 3006 domestica
811 2945 908 3006 virtus
923 2950 974 3004 aut
987 2945 1064 3003 ratio
1077 2958 1149 3003 sua-

165 3025 272 3098 debat,
295 3026 352 3086 sed
376 3027 503 3089 insanus
523 3045 608 3091 amor
622 3029 839 3105 magnitudinis
862 3030 975 3089 talsaez
1001 3027 1094 3087 modo
1118 3028 1148 3085 in

164 3109 345 3184 Hispaniam
357 3119 388 3171 el
403 3110 578 3174 Sertoriana
593 3130 692 3186 arma,
718 3113 867 3175 modoad
888 3111 1079 3187 colligendos
1104 3112 1150 3185 pi-

163 3200 246 3254 ratas
275 3210 311 3255 ac
336 3197 431 3256 maria
460 3199 602 3273 pacanda
626 3197 772 3259 radebat:
811 3198 869 3257 hae
891 3197 1150 3272 praetexebantur

121 3285 277 3342 obcausae
288 3281 329 3339 ad
341 3281 576 3344 continuandam
590 3283 765 3358 potentiam.
782 3282 859 3357 Quid
872 3281 955 3342 illum
964 3281 993 3340 in
1001 3281 1147 3351 Africam,

165 3363 238 3440 quid
254 3364 284 3423 in
303 3364 566 3442 septemtrionem,
586 3367 660 3442 quid
674 3368 702 3426 in
720 3366 912 3427 Mithridaten
929 3373 959 3426 et
973 3365 1150 3424 Armeniam

163 3456 194 3510 ot
220 3449 319 3511 omnis
339 3451 435 3512 Asiae
460 3451 589 3526 angulos
615 3449 724 3510 traxit?
753 3450 870 3511 infinita
892 3450 1009 3510 scilicet
1034 3448 1150 3524 cupido
