2422 3862
137 220 199 286 110
420 220 454 278 L.
476 218 623 280 ANNAEI
646 217 820 278 SENECAE

127 376 312 447 interesset,
334 368 432 432 utrum
454 372 527 431 irem
546 387 584 429 an
610 369 759 443 redirem,
786 372 913 446 primum
939 371 1112 447 aequalius

137 459 202 533 illa,
219 472 298 532 quae
314 471 361 516 me
376 462 566 531 corruperat,
583 456 678 531 periit.
704 456 840 516 nondum
853 463 918 516 erat
932 462 1111 531 tempestas,

137 544 194 604 sed
226 543 285 601 iam
311 540 463 600 inclinatio
495 540 586 599 maris
614 555 650 599 ac
675 539 805 600 subinde
829 538 964 600 crebrior
988 539 1111 601 fluctus.

138 627 227 702 coepi
242 625 475 700 gubernatorem
491 639 617 699 rogare,
637 631 670 684 ut
686 639 734 682 me
749 622 779 682 in
794 624 897 698 aliquo
912 624 1111 700 litoreexpo·

136 720 230 772 neret.
247 710 348 770 aiebat
362 709 411 769 ille
426 724 538 784 aspera
553 724 624 768 essa
636 716 667 768 et
679 708 859 783 inportuosa
873 722 932 768 nec
947 708 1113 783 quicquam

105 803 122 859 3
137 811 172 856 se
190 809 290 870 aeque
304 794 333 852 in
349 799 530 868 tempestate
545 793 651 853 timere
662 807 753 873 quam
768 800 888 852 terram.
902 790 994 852 Peius
1011 799 1113 852 autern

137 879 287 952 vexabar,
314 893 403 952 quam
428 885 461 938 ut
486 876 558 936 milri
579 876 747 951 periculum
768 880 971 938 succurreret.
1003 877 1115 937 nausia

137 964 218 1023 enim
232 979 280 1022 me
295 962 400 1036 segnis
419 962 495 1021 haec
510 969 540 1020 et
554 963 621 1021 sine
636 961 721 1020 exitu
734 961 911 1036 torquebat,
925 975 1005 1035 quac
1020 960 1112 1020 bilem
1152 955 1159 966 ’

137 1053 240 1107 movet
261 1062 318 1106 nec
339 1045 476 1106 effundit.
510 1045 604 1106 institi
625 1046 727 1119 itaque
748 1045 944 1120 gubernatori
965 1049 995 1104 et
1008 1044 1113 1118 illum,

136 1134 228 1206 vellet
249 1132 356 1203 nollet,
378 1129 480 1204 coegi,
504 1136 620 1204 peteret
637 1130 718 1191 litus.
747 1130 834 1213 cuius
855 1138 888 1191 ut
902 1129 1044 1188 viciniam
1060 1128 1112 1188 ad—

138 1216 275 1292 tigimus,
296 1231 357 1275 non
374 1221 537 1290 exspecto,
559 1221 592 1274 ut
607 1213 772 1290 quicquam
788 1229 827 1273 ex
846 1210 1020 1289 praeceptis
1035 1214 1112 1272 Ver·

137 1299 200 1375 gilii
215 1298 277 1370 fiat,

426 1383 577 1443 obvertunt
586 1384 695 1458 pelope
707 1398 817 1458 proras

138 1475 189 1526 aut

134 1577 143 1582 -
429 1565 542 1609 ancora
557 1551 594 1609 de
604 1566 701 1625 prora
717 1553 807 1611 iucitu
832 1572 839 1605 ι

88 1579 132 1725 ζ
139 1651 255 1696 memor
265 1635 384 1695 artificii
398 1634 457 1693 mei
469 1640 557 1692 vetus
571 1631 698 1708 irigidae
712 1635 809 1695 cultor
851 1634 902 1694 illo
915 1634 1004 1695 mein
1020 1651 1113 1712 mare,

105 1719 294 1795 lquomodo
316 1718 546 1795 psychrolutam
567 1717 669 1791 decet,
691 1726 888 1793 gausapatus.
918 1718 1004 1792 Quae
1024 1731 1114 1798 putas

139 1819 188 1863 me
209 1820 351 1879 passum,
377 1803 449 1861 dum
472 1817 526 1876 per
540 1816 652 1876 aspera
667 1817 776 1877 erepo,
800 1803 872 1866 dum
893 1803 972 1866 viam
989 1823 1113 1882 quaero,

141 1888 211 1947 dum
230 1888 332 1948 iaciat
355 1886 490 1947 intellexi
512 1901 572 1946 non
595 1885 733 1946 inmerito
753 1889 853 1949 nautis
876 1897 985 1950 terram
1006 1888 1113 1950 timeri.

141 1971 329 2031 incredibilia
349 1979 433 2045 sunt,
456 1986 535 2045 quae
556 1969 690 2044 tulerim,
712 1985 779 2031 cum
797 1989 846 2032 me
865 1974 944 2033 lerre
963 1991 1024 2036 non
1041 1990 1113 2049 pos·

141 2071 219 2115 sem:
250 2055 324 2114 illud
341 2056 433 2129 scito,
456 2055 574 2114 Ulixem
590 2069 652 2114 non
673 2054 770 2115 fuisse
791 2064 850 2117 tam
871 2057 948 2118 iralo
966 2059 1041 2118 mari
1063 2074 1113 2118 na-

140 2144 219 2210 tum,
242 2144 274 2197 ut
287 2136 401 2214 ubique
415 2138 572 2212 naufragia
588 2139 716 2198 iaceret:
739 2139 897 2202 nausiator
911 2147 984 2201 erat.
1011 2149 1114 2216 elego

142 2235 338 2295 quocumque
353 2221 497 2296 navigare
508 2222 660 2296 debuero,
677 2222 823 2285 vicesimo
835 2241 916 2286 anno
928 2227 1114 2302 perveniam.

108 2304 179 2365 bUt
199 2305 327 2379 primum
349 2305 553 2378 stomachum,
571 2321 660 2380 quem
683 2309 745 2368 scis
762 2314 847 2382 [non]
864 2325 931 2370 cum
946 2310 1021 2370 mari
1041 2325 1114 2371 nau·

142 2389 216 2447 siam
231 2388 381 2464 effugere,
400 2390 523 2464 collegi,
538 2399 572 2450 ut
586 2405 700 2464 corpus
715 2394 860 2454 unctione
874 2393 1029 2467 recreavi,
1044 2393 1114 2454 hoe

142 2473 252 2546 coepi
277 2489 420 2533 mecum
447 2474 637 2548 cogitare,
665 2485 809 2549 quanta
833 2494 903 2539 nos
929 2478 1114 2550 vitiorum

142 2562 362 2617 nostrorum
396 2565 629 2633 sequeretur
660 2558 822 2634 oblivio,
851 2561 941 2622 etiam
968 2577 1114 2637 corpora-

142 2637 227 2709 lium,
250 2656 328 2714 quae
344 2641 473 2701 subinde
487 2643 652 2703 admonent
667 2643 729 2714 sui,
751 2645 863 2726 nedum
877 2645 1013 2720 illorum,
1036 2661 1115 2721 quae

110 2721 126 2774 6
142 2735 178 2780 eo
196 2723 290 2796 magis
311 2724 416 2798 latent,
432 2742 493 2799 quo
510 2725 625 2786 maiora
636 2734 716 2787 sunt.
738 2729 828 2790 Levis
840 2729 972 2804 aliquem
985 2729 1114 2791 motiun-

143 2805 211 2863 cula
225 2805 351 2879 deeipit:
380 2806 436 2865 scd
451 2823 519 2867 cum
534 2810 628 2870 erevit
645 2818 674 2871 et
689 2827 761 2872 vera
776 2813 868 2874 lebris
885 2815 1010 2888 exarsit,
1026 2815 1114 2874 etiam

144 2887 263 2946 dumet
278 2890 468 2962 perpessicio
484 2893 710 2954 consessionem
726 2899 848 2958 excutit.
885 2897 984 2958 Pedes
1000 2899 1113 2970 dolent,

144 2969 259 3028 articuli
282 2971 513 3044 punctiunculas
535 2976 681 3039 sentiunt:
711 2981 811 3042 adbuc
833 2974 1062 3043 dissimulamus
1085 2989 1116 3041 et

145 3059 197 3108 aut
214 3053 303 3110 talum
319 3055 488 3119 extorsisse
502 3060 630 3123 dicimus
645 3079 703 3123 nos
719 3074 771 3126 aut
784 3064 814 3126 in
830 3067 1048 3129 exercitatione
1063 3066 1114 3128 all-

146 3147 206 3203 qua
218 3133 385 3228 laborasse.
413 3139 505 3202 dubio
527 3152 556 3204 et
576 3146 738 3222 incipiente
758 3151 866 3213 morbo
889 3152 1047 3226 quaeritur
1061 3167 1115 3212 nc·

145 3229 230 3283 men,
244 3217 361 3312 qurubi
375 3222 480 3286 talaria
494 3230 595 3306 coepit
608 3232 764 3294 intendere
779 3242 810 3295 et
822 3244 972 3312 auosque
986 3237 1115 3298 dextros

113 3297 131 3352 '1
146 3297 242 3388 pedes
255 3299 338 3394 lecit,
355 3319 484 3369 neeesse
494 3321 540 3374 est
553 3316 719 3392 podagram
732 3319 827 3380 lateri.
850 3320 962 3382 Contra
973 3319 1116 3381 evcnitin

144 3375 193 3436 ins
209 3380 338 3478 morbis,
356 3389 464 3461 quitus
479 3396 660 3460 adliciuntur
670 3401 776 3462 animi:
795 3421 856 3480 quo
870 3406 941 3480 quis
955 3405 1045 3482 peius
1058 3403 1118 3481 [se]

142 3456 248 3534 babet,
271 3480 371 3529 minus
387 3476 485 3537 sentit.
515 3479 580 3543 Non
596 3491 645 3546 est
660 3486 744 3562 quod
759 3489 890 3564 mireris,
905 3488 1003 3550 Lucili
1019 3487 1114 3550 caris-
