2422 3862
156 193 219 278 aas
451 191 844 253 nnnnnulenuucuu

157 342 250 404 dubio
264 341 386 417 singula
401 341 623 416 circumspecta
636 355 693 408 nac
712 340 743 400 in
763 357 798 401 se
818 341 948 402 collecta
966 357 1026 402 nec
1046 358 1143 405 omne

156 426 284 487 verbum
306 425 451 486 excitabit
471 440 506 485 ac
527 432 655 499 punget,
683 425 790 484 lateor.
819 424 946 485 exibunt
964 426 1059 486 multa
1080 442 1144 488 nec

157 510 266 570 ferient
280 516 309 570 ct
323 507 474 569 interdum
485 508 586 568 otiosa
601 507 841 583 praeterlabetur
855 509 968 569 oratioe
990 509 1049 569 sed
1060 511 1140 571 mul-

157 600 219 653 tum
235 593 292 652 erit
305 591 336 652 in
354 591 495 652 omuibus
510 592 596 664 lucie,
612 591 669 652 sed
683 591 791 666 ingens
803 592 870 652 sine
880 592 1139 667 taediospatium.

156 675 296 751 Denique
323 675 396 735 illud
420 675 600 750 praestabit,
624 682 659 734 ut
680 675 795 749 liqueat
813 674 866 734 tibi
891 674 975 734 illum
997 677 1141 737 sensisse

158 775 238 835 quac
253 757 387 832 scripsit.
412 758 569 831 intelleges
584 758 644 817 hoc
661 764 778 830 actum,
799 766 833 819 ut
847 765 879 818 tn
893 759 990 817 scires
1006 759 1081 834 quid
1096 760 1139 820 illi

158 844 306 918 placeret,
332 856 394 901 non
413 849 447 902 ut
466 841 516 899 ille
536 843 672 914 placeret
692 840 755 901 tibi.
782 842 822 901 ad
843 842 1014 916 proiectum
1035 843 1140 903 omnia

116 925 293 998 latendum,
308 923 348 983 ad
362 924 474 984 bonam
485 931 633 984 mentem=
654 939 715 984 non
729 925 883 998 quaeritur
894 924 1033 999 plausus.
1053 925 1138 986 Talia

56 1069 58 1072 ,
157 1023 230 1068 esse
251 1007 365 1082 scripta
385 1009 451 1067 eius
472 1022 533 1065 non
556 1006 675 1080 dubito,
702 1005 819 1066 etiamsi
839 1008 936 1082 magis
956 1007 1140 1069 reminiscor

159 1108 251 1166 quum
271 1097 361 1150 teneo
382 1089 549 1163 haeretque
568 1089 642 1148 milri
663 1090 750 1151 color
769 1106 875 1151 eorum
890 1107 953 1162 non
969 1093 1137 1153 exrecenti

159 1173 392 1234 conversatione
407 1173 600 1243 familiariter,
616 1173 673 1232 sed
688 1175 874 1247 summatim,
890 1182 925 1234 ut
937 1178 1018 1235 solet
1030 1191 1069 1234 ex
1083 1190 1135 1234 ve·

158 1266 222 1318 lere
236 1257 356 1318 notitia=
379 1273 447 1317 cum
462 1256 598 1317 audirem
613 1265 694 1318 certe
708 1257 801 1328 illum,
818 1259 889 1317 talia
906 1258 979 1318 mibi
990 1259 1134 1318 videban-

160 1350 221 1416 tur,
246 1357 309 1402 non
331 1340 445 1413 solida,
472 1340 529 1400 sed
548 1339 656 1415 plena,
677 1356 756 1414 quae
778 1342 1005 1402 adulescentem
1024 1342 1138 1402 indolis

41 1455 44 1462 ·
157 1426 259 1485 bonae
280 1424 462 1486 adtollerent
481 1432 511 1484 et
534 1424 574 1483 ad
594 1424 791 1484 imitationem
813 1425 861 1485 sui
883 1432 1048 1486 evocarent
1069 1424 1138 1485 siue

159 1509 373 1584 desperatione
388 1506 545 1568 vincendi=
567 1523 646 1582 quae
666 1506 739 1567 mihi
753 1507 924 1568 adhortatio
936 1507 1056 1571 videtur
1070 1508 1136 1568 elli·

159 1592 330 1653 cacissima.
359 1592 490 1652 deterret
510 1590 604 1665 enim,
626 1591 677 1665 qui
698 1591 834 1651 imitandi
848 1591 1041 1667 cupiditatem
1055 1591 1136 1665 lecit,

159 1692 246 1751 spem
274 1676 406 1736 abstulit
452 1675 589 1735 Ceterum
617 1673 719 1735 verbis
744 1675 934 1748 abundabat,
960 1673 1026 1734 sine
1052 1689 1137 1734 com·

158 1759 351 1818 mandatione
374 1759 503 1834 partium
530 1758 716 1831 singularum
741 1757 772 1818 iu
798 1759 973 1820 uuiversum
997 1757 1136 1832 magnill-

159 1857 224 1903 oue.
254 1843 341 1902 Vale.

548 2036 750 2048 -——u-n——n

454 2225 488 2304 n.
508 2222 648 2307 imru
669 2198 841 2306 armam

519 2375 569 2426 AD
586 2375 776 2428 LUCILIUM

231 2422 234 2427 ’
276 2492 682 2591 nrrsrulluun
711 2493 1018 2591 uoullruu

512 2661 645 2723 LIBER
670 2660 764 2723 XVII.

568 2804 721 2815 ——u—

460 2897 678 2955 nrrsruln
698 2898 719 2953 1.
740 2898 828 2970 (ιω.)
929 2910 931 2914 ·

413 2991 524 3045 SENECA
539 2995 650 3046 Luoltlo
670 3006 721 3046 SUO
742 2997 880 3049 saturnal.

129 3108 144 3160 1
222 3090 350 3154 Omnis
379 3093 478 3169 dies,
505 3096 630 3157 omnis
653 3097 748 3159 hora
771 3115 878 3174 quam
899 3097 994 3158 nibil
1016 3098 1138 3159 simus

156 3175 335 3238 ostendit
348 3184 385 3237 et
398 3177 531 3254 aliquo
549 3189 773 3255 argumento
790 3183 940 3243 recenti
958 3182 1139 3244 admonet

155 3257 565 3334 tragilitatisoblitos=
588 3265 1137 3326 tumaeternameditatosre·

155 3341 311 3418 spicere
326 3346 434 3420 cogit
447 3346 490 3406 ad
507 3353 674 3407 mortem.
697 3348 776 3422 Quid
787 3348 846 3409 sibi
857 3349 939 3410 istud
954 3346 1137 3424 principium

154 3427 227 3487 velit
253 3428 400 3502 quaerisa·
429 3429 629 3490 Senecionem
656 3431 840 3506 Cornelium,
867 3433 998 3507 equitem
1022 3433 1135 3492 Roma-
