2422 3862
123 248 165 314 54
398 249 432 308 L.
453 248 599 308 ANNAEI
620 247 794 308 SENECAE

93 403 263 469 tcarcoris.
297 401 417 463 Mucius
437 401 559 476 ignibus
581 417 702 462 manum
719 400 865 476 inposuit
892 402 1038 464 acerbum
1053 409 1099 465 est

121 490 184 551 uria
214 494 326 563 quanto
348 486 504 556 acerbius,
534 484 560 545 si
584 485 613 545 id
632 493 662 546 te
677 484 806 546 faciente
821 485 964 561 patiarisr
1002 488 1099 549 Vides

121 573 274 634 bominem
294 586 356 631 non
377 569 527 630 eruditum
548 585 605 630 nec
620 569 689 631 ullis
706 571 878 646 praeceptis
894 577 1001 632 contm
1018 588 1098 633 mor·

120 664 181 718 tem
202 663 253 717 aut
274 656 412 716 dolorem
430 654 643 726 subornatum,
665 653 783 715 militari
797 661 912 715 tantum
925 656 1040 716 robore
1053 655 1097 716 in-

122 747 283 813 structum,
307 754 425 815 poenas
441 755 460 799 a
476 754 511 799 se
527 738 606 799 inriti
621 747 750 799 conatus
767 740 954 815 exigentem=
977 748 1098 816 specta-

120 834 169 887 tor
180 822 352 885 distillantis
367 824 397 883 in
411 822 513 884 hostili
527 823 629 884 ioculo
641 823 787 884 dexterae
802 823 883 885 stetit
896 840 953 884 nec
967 833 1039 886 ante
1051 841 1099 884 re-

120 910 215 971 movit
234 907 324 967 nudis
347 907 469 968 ossibus
485 906 628 968 liuentem
642 923 780 983 manum,
802 923 892 984 qnam
907 907 988 983 ignis
1004 910 1046 969 illi
1060 908 1098 969 ab

119 994 209 1054 hoste
224 992 393 1053 subductus
409 1000 465 1053 est.
487 993 590 1052 iacere
604 991 720 1067 aliquid
733 991 763 1050 in
778 991 837 1071 illis
853 993 963 1053 castris
978 993 1098 1054 felicius

118 1076 231 1154 potuit,
247 1075 319 1135 nihil
335 1075 451 1137 lortius.
483 1075 562 1136 Vide
575 1083 688 1153 quanto
701 1075 802 1135 acrior
813 1077 852 1136 sit
863 1077 1099 1153 ad'occupanda

120 1161 255 1236 pericula
274 1159 370 1221 virtus
392 1176 482 1235 quam
507 1160 670 1222 crudelitas
697 1159 737 1219 ad
764 1159 949 1235 inroganda=
979 1160 1099 1222 facilius

118 1245 277 1306 Porsenna
294 1243 395 1305 Mucio
416 1243 546 1320 ignovit,
570 1244 653 1320 quod
673 1244 812 1305 voluerat
827 1245 984 1320 occidere,
1008 1261 1099 1320 quam

14 1342 21 1373 ⁸
92 1329 179 1391 tsibi
199 1329 334 1400 Mucius,
357 1328 442 1404 quod
463 1346 524 1390 non
546 1329 709 1389 occiderat.
744 1329 964 1403 „Decantatae‚
985 1330 1098 1405 inquis,

120 1415 149 1474 in
165 1413 306 1475 omnibus
321 1413 435 1474 scholis
451 1413 573 1474 tabulae
588 1413 666 1473 istae
680 1419 765 1472 sunt:
787 1413 846 1472 iam
861 1413 948 1486 milri,
973 1413 1098 1476 eumad

120 1496 372 1560 contemnendam
395 1505 520 1558 mortem
544 1505 668 1558 ventum
692 1495 794 1568 luerit,
824 1499 967 1559 Catonem
993 1514 1097 1558 narra·

119 1583 198 1643 bis.“
231 1582 340 1659 Quidni
356 1597 414 1656 ego
425 1596 543 1642 narrem
559 1583 663 1642 ultima
675 1581 727 1641 illa
742 1589 831 1642 noete
842 1581 976 1643 Platonis
989 1582 1098 1643 librum

118 1668 267 1742 legentem
289 1666 390 1742 posito
410 1666 450 1726 ad
467 1672 559 1741 caput
571 1665 696 1740 glomos
721 1666 783 1727 duo
798 1665 874 1725 haec
889 1666 920 1725 in
933 1666 1029 1727 rebus
1045 1682 1084 1727 ex

117 1753 221 1812 tremis
242 1749 441 1812 instrumenta
460 1757 678 1825 prospexerat,
702 1751 829 1810 altemm
850 1758 883 1810 ut
900 1751 994 1812 vellet
1010 1751 1097 1824 mori,

119 1836 245 1897 altemm
259 1843 293 1897 ut
306 1843 423 1911 posset.
448 1833 617 1910 conpositis
632 1849 705 1908 ergo
720 1833 828 1905 rebus,
845 1840 1013 1910 utcumque
1024 1849 1098 1894 con-

120 1920 192 1995 poni
211 1922 326 1981 tractae
345 1926 437 1996 atquc
457 1917 579 1979 ultimae
600 1926 753 1994 poterant,
776 1918 807 1978 id
826 1918 979 1993 agendum
994 1919 1098 1979 existi·

119 2003 227 2077 mavit,
249 2019 288 2063 ne
309 2004 356 2064 cui
377 2004 519 2065 catonem
541 2012 592 2064 aut
614 2003 756 2064 occidere
774 2002 879 2062 liceret
899 2009 951 2063 aut
971 2016 1097 2062 servare

92 2088 316 2162 lcontlngoret.
350 2094 381 2148 et
395 2087 499 2148 stricto
514 2086 632 2164 gladio,
654 2102 743 2162 quem
757 2102 858 2161 usque
873 2087 902 2146 in
917 2085 1002 2146 illum
1017 2085 1099 2147 diem

118 2169 157 2230 ab
174 2171 255 2231 omni
270 2172 365 2231 caede
383 2187 493 2245 purum
514 2177 705 2250 servaveram¹
730 2169 839 2244 ‚,nihil,
862 2169 975 2244 inquit,
998 2171 1097 2246 egisti,

119 2255 255 2328 fortuna,
278 2253 418 2314 omnibus
433 2255 593 2316 conatibus
608 2255 686 2316 meis
697 2254 859 2315 obstando.
883 2271 944 2315 non
962 2271 1019 2329 pro
1031 2269 1099 2315 mea

119 2337 234 2412 adhuc,
258 2339 314 2398 sed
333 2354 390 2414 pro
414 2339 530 2414 patriae
551 2340 688 2400 libertate
712 2338 862 2414 pugnavi,
889 2353 947 2399 nec
968 2338 1098 2414 agebam

118 2428 201 2483 tanta
222 2420 405 2497 pertinacia,
429 2431 460 2483 ot
479 2423 564 2497 liber,
587 2424 644 2484 sed
664 2430 695 2482 ut
714 2422 792 2482 inter
813 2422 926 2482 liberos
945 2423 1097 2482 viverem=

117 2522 199 2584 punc
214 2507 359 2581 quoniam
374 2505 553 2581 deploratae
573 2513 644 2567 sunt
658 2522 708 2566 res
723 2506 847 2567 humani
861 2507 1000 2580 generis,
1025 2505 1098 2566 Cato

88 2590 288 2651 &deducatur
306 2591 336 2649 in
358 2595 483 2650 tutum.“
520 2591 668 2665 Inpressit
688 2590 799 2651 deinde
820 2591 1009 2651 mortiterum
1031 2606 1098 2650 cor·

119 2674 187 2748 pori
200 2676 322 2734 volnus.
346 2689 408 2750 qno
424 2673 556 2747 obligato
571 2674 727 2734 amedieis
740 2691 810 2736 curn
821 2675 922 2734 minus
935 2674 1097 2749 sanguinis

117 2756 258 2830 haberat,
281 2757 380 2817 minus
395 2757 518 2830 virium,
536 2758 626 2817 animi
639 2758 734 2831 idem,
750 2758 809 2818 iam
821 2774 882 2818 non
894 2764 1010 2818 tantum
1025 2759 1098 2818 Cae-

119 2841 195 2914 sari,
219 2841 274 2900 sed
291 2839 350 2900 sibi
367 2841 460 2902 iratus
475 2842 573 2901 nudas
588 2842 617 2900 in
631 2844 744 2903 volnus
759 2858 868 2902 manus
883 2840 946 2916 egit
960 2848 992 2902 et
1005 2857 1094 2916 gene·

118 2941 224 2985 rosum
245 2924 328 2985 illum
350 2933 651 3001 contemptoremque
672 2927 772 2987 omnis
788 2926 943 3003 potentiae
958 2925 1098 3001 spiritum

91 3016 180 3070 anon
201 3008 314 3083 emisit,
344 3010 399 3069 sed
420 3010 516 3070 eiecit.
550 3009 617 3071 Non
638 3011 667 3069 in
689 3009 749 3071 hoc
769 3011 912 3085 exempla
926 3026 1008 3070 nunc
1025 3025 1097 3070 con·

118 3107 208 3168 gero,
229 3100 264 3152 ut
277 3093 428 3168 ingenium
444 3108 620 3164 exerceam,
637 3094 693 3153 sed
706 3101 740 3153 ut
750 3101 780 3154 te
791 3094 942 3155 adversus
954 3095 996 3169 iu
1013 3092 1098 3170 quod

118 3176 250 3236 maxime
265 3176 397 3238 terribile
412 3178 540 3250 videtur,
563 3176 715 3237 exhorter.
739 3175 858 3238 facilius
872 3183 975 3237 autem
986 3178 1097 3238 exhor·

118 3261 220 3332 tabor,
245 3261 270 3321 si
285 3263 449 3323 ostendero
466 3278 528 3322 non
547 3262 641 3321 lortes
656 3267 771 3322 tantum
786 3261 871 3322 viros
886 3260 946 3322 hoc
961 3276 1096 3322 momen·

117 3352 179 3405 tum
195 3344 347 3406 efflandae
363 3344 481 3407 animae
498 3344 735 3420 contempsisse,
752 3345 808 3405 sed
820 3346 975 3420 quosdam
987 3346 1027 3405 ad
1039 3345 1098 3404 alia

113 3429 245 3502 ignavos
259 3431 289 3490 in
304 3431 363 3490 hac
377 3446 413 3491 re
428 3443 582 3504 aequasse
597 3429 729 3489 animum
744 3427 997 3503 fortissimorum,
1020 3431 1098 3490 sicut

94 3509 185 3570 risum
205 3513 259 3574 Cn.
275 3513 422 3592 Pompeii
446 3529 595 3577 socerum
615 3511 811 3591 Scipionem,
832 3513 889 3589 urit
900 3514 1053 3573 contrario
1068 3513 1102 3570 in
