2422 3862
124 234 145 296 6
393 237 426 295 L.
448 237 594 296 nunant
615 235 791 334 staupum:

125 392 223 452 antico
242 406 348 451 omnes
366 405 469 464 euros,
491 405 598 450 omnes
614 389 814 464 cogitationes
830 399 898 451 tuas
913 391 1019 452 misce.
1052 392 1099 452 Fi·

125 476 222 535 delem
245 475 271 535 si
296 476 467 550 putaveris,
490 475 595 534 iacies.
629 490 698 535 narn
721 475 844 548 quidam
867 476 971 535 tallere
986 477 1100 537 docue-

123 568 207 634 runt,
223 560 292 620 dum
308 559 414 620 timent
429 559 504 633 lulli,
525 567 555 618 et
569 557 611 618 illi
625 558 673 618 ius
689 559 838 633 peccandi
853 560 1041 634 suspicando
1058 563 1100 620 ie-

124 652 238 705 cerunt.
261 643 339 717 Quid
355 650 416 716 est,
434 659 529 718 quare
545 658 603 717 ego
618 644 680 702 ullu
694 642 787 702 verba
799 657 902 702 eoram
918 645 1016 706 amieo
1032 661 1101 705 meo

123 727 296 788 retraham?
325 728 399 803 quid
414 736 476 802 est,
499 743 595 802 quare
609 742 658 785 me
674 741 777 786 eoram
791 726 841 787 illo
855 744 915 787 non
931 736 1035 804 putem
1051 746 1100 790 so-

92 814 203 874 llumt
227 812 354 886 Quidam
368 827 447 887 quae
461 817 577 872 tantum
592 811 699 871 amieis
716 812 929 872 committenda
944 823 1032 886 sunt,
1048 814 1100 874 ob-

123 898 180 956 viis
206 903 329 956 narrant
353 903 383 956 et
407 897 437 954 in
464 896 616 971 quaslibet
638 911 744 970 aures,
771 895 918 971 quiequid
940 896 1009 958 illos
1033 899 1100 972 urit,

105 1022 107 1026 -
123 988 299 1042 exonerant.
323 980 448 1055 quidam
463 996 571 1041 rursus
587 980 676 1039 etiarn
695 978 924 1041 carissimorum
940 983 1099 1042 conscien-

123 1065 192 1125 tiam
207 1063 419 1137 reformidant,
441 1070 472 1123 et
485 1064 512 1123 si
527 1072 670 1139 possent,
689 1079 727 1123 ne
742 1064 801 1124 sibi
817 1065 939 1144 quidem
956 1067 1100 1127 credituri

121 1147 248 1209 interius
264 1157 405 1224 premunt
416 1162 506 1209 ornne
519 1156 686 1209 secretum:
708 1155 848 1209 neutrum
860 1149 1033 1210 laciendum
1045 1158 1100 1210 est.

122 1241 283 1306 utrumque
307 1233 387 1293 enim
408 1233 513 1294 vitium
534 1241 581 1292 est
601 1240 631 1292 et
651 1233 791 1292 omnibus
817 1233 944 1292 eredere
965 1242 995 1294 et
1019 1237 1100 1296 nulli.

91 1329 107 1380 ὁ
122 1317 179 1377 sed
190 1318 315 1377 alterurn
330 1316 490 1378 honestius
502 1316 629 1376 dixerim
646 1317 771 1390 vitium,
786 1318 917 1382 alterum
928 1317 1032 1378 tutius.
1050 1317 1100 1379 Sie

121 1409 271 1476 utrosque
292 1400 517 1475 reprehendam
539 1407 568 1460 et
589 1415 644 1461 eos
666 1401 718 1476 qui
733 1416 857 1476 semper
877 1400 1004 1476 inquieti
1020 1410 1100 1475 sunt,

122 1492 152 1544 et
172 1501 227 1546 eos
252 1485 304 1559 qui
324 1500 447 1560 semper
466 1485 637 1559 quieseunt.
668 1500 738 1544 nam
752 1485 803 1544 illa
817 1487 944 1546 tumultu
960 1488 1100 1560 gaudens

122 1587 183 1630 non
204 1568 426 1641 estindustria,
444 1570 499 1630 sed
519 1568 690 1643 exagitatae
711 1570 820 1629 mentis
837 1572 1043 1632 concursatio.
1072 1580 1102 1632 et
1131 1602 1134 1609 ·

122 1654 198 1715 haee
213 1671 275 1715 non
291 1659 338 1713 est
353 1653 457 1728 quies,
473 1669 552 1728 quae
567 1661 680 1713 motum
702 1670 821 1714 ornnem
837 1654 1008 1714 molestiam
1023 1656 1100 1715 iudi-

89 1735 185 1812 lieet,
207 1739 263 1799 sed
286 1738 447 1800 dissolutio
467 1745 497 1797 et
517 1738 655 1812 languor.
685 1738 792 1812 Itaque
812 1736 886 1812 hoe,
909 1740 991 1813 quod
1017 1741 1099 1815 apud

121 1822 321 1899 Pomponium
338 1823 412 1898 legi,
427 1823 528 1882 animo
544 1821 751 1882 mandabitur:

156 1908 284 1979 Quidam
298 1908 372 1968 odeo
387 1910 418 1966 in
432 1908 562 1968 latebras
572 1906 723 1982 reserpere,
741 1912 774 1966 ut
786 1913 892 1982 putent
907 1910 937 1966 a'n
955 1909 1073 1969 turbido

154 2009 232 2064 esse,
245 1993 388 2068 quicquid
400 1999 444 2053 est
457 1995 488 2052 ln
504 1995 579 2052 lere.

120 2077 201 2134 luter
224 2092 259 2136 se
285 2077 344 2136 ista
364 2076 521 2135 miscenda
541 2082 628 2135 suntz
654 2081 684 2133 et
705 2075 874 2148 quiescenti
895 2070 1049 2151 agendum
1072 2085 1102 2136 el

121 2161 223 2234 agenti
249 2160 470 2236 quiescendum
497 2165 554 2219 est.
600 2157 672 2217 Cum
694 2173 795 2219 rerum
817 2168 926 2221 nutura
947 2158 1101 2221 delibera:

120 2244 170 2304 illa
186 2245 266 2306 dicet
280 2243 332 2306 tibi
348 2260 382 2304 se
397 2250 427 2304 et
441 2243 520 2302 diem
536 2241 649 2301 iecisse
664 2249 694 2301 et
709 2250 837 2304 noctem.
861 2245 947 2303 Vale.

457 2378 672 2436 El'lSTULA
701 2382 747 2439 IV.

377 2475 488 2527 Saurea
505 2476 617 2527 Lucruro
637 2488 689 2528 suo
709 2489 848 2531 saturnu.

92 2604 105 2656 1
183 2582 353 2644 Persevera
366 2589 399 2641 ut
413 2580 543 2655 coepisti
560 2588 590 2640 et
605 2590 750 2658 quantum
768 2590 856 2657 potos
873 2598 1021 2657 propera,
1039 2598 1101 2657 quo

122 2668 234 2728 diutins
254 2665 312 2725 lrui
331 2665 492 2725 emendato
507 2666 606 2726 animo
629 2675 659 2726 et
680 2666 842 2742 conposito
863 2667 976 2741 possis.
1006 2667 1100 2727 Frue-

120 2752 164 2811 ris
186 2750 309 2826 quidem
330 2749 419 2809 etium
442 2751 513 2810 dum
539 2751 701 2821 emendas,
728 2752 817 2811 etiarn
839 2751 1100 2826 dumeonponis.

122 2835 182 2895 ulia
194 2842 295 2896 tamen
316 2834 367 2894 illa
389 2835 529 2910 voluptas
545 2843 608 2908 est,
631 2851 711 2910 quae
727 2834 894 2910 percipitur
908 2851 947 2894 ex
965 2846 1101 2897 euntem-

87 2935 106 2989 2
123 2919 256 2994 piatione
270 2913 379 2979 mentis
396 2917 433 2978 ab
450 2919 532 2979 onmi
547 2920 614 2980 labe
631 2935 725 2994 purae
741 2927 770 2979 et
785 2919 974 2994 splendidae.
999 2922 1101 2981 Tenes

122 3004 227 3078 utique
241 3004 403 3075 memoria,
425 3012 570 3079 quantum
592 3002 729 3064 senseris
744 3003 902 3078 gaudium,
924 3020 993 3064 eunt
1012 3021 1088 3080 prae

123 3094 207 3148 texta
228 3089 328 3161 posita
349 3090 508 3164 sumpsisti
529 3089 646 3149 virilem
664 3095 766 3163 togam
788 3088 866 3147 etin
889 3088 987 3148 lorum
1005 3089 1100 3150 dedu·

121 3179 188 3231 otus
201 3188 252 3232 es:
266 3173 364 3234 maius
380 3182 542 3249 exspecta,
558 3189 626 3234 eum
643 3173 787 3247 puerilem
800 3173 932 3232 animum
945 3172 1101 3249 deposue-

120 3257 179 3331 ris,
205 3264 236 3316 et
260 3265 289 3318 te
313 3257 342 3317 in
370 3258 454 3320 viros
484 3257 686 3334 philosophia·
704 3255 958 3331 transseripserit.
999 3257 1100 3317 adlrne

121 3342 201 3402 enim
224 3359 284 3405 non
308 3344 449 3419 pueritia,
476 3343 532 3402 sed
551 3341 636 3418 quod
651 3349 698 3401 est
711 3342 852 3415 gravius,
880 3340 1036 3416 puerilitas
1054 3358 1099 3401 re-

121 3434 231 3489 manet.
259 3436 290 3490 et
309 3428 368 3489 hoe
391 3428 513 3502 quidem
537 3425 624 3501 peior
639 3432 701 3500 est,
724 3426 808 3500 qnod
823 3425 1032 3488 auctoritatem
1046 3425 1099 3486 ha-

107 3509 221 3571 bemus
233 3528 361 3584 senum,
385 3511 455 3574 sitia
468 3527 653 3587 puerorum,
668 3525 727 3570 nee
739 3525 906 3585 puerorum
914 3518 1032 3571 tantum
1042 3509 1101 3571 sed
