2422 3862
132 163 195 283 23d
423 218 456 277 L.
477 215 623 277 ANNAEI
647 215 822 277 SENECAE

132 372 282 450 populum
301 368 514 444 receptabant,
545 367 751 444 exigendique
776 370 939 431 munditias
961 378 992 432 et
1015 372 1118 433 utilem

133 471 169 516 oc
185 454 338 517 salubrem
354 460 595 529 temperaturam,
611 469 671 513 non
686 453 775 527 hunc,
791 471 871 530 quae
882 470 981 530 nuper
995 456 1119 516 inventa

133 537 303 600 estsimilis
319 537 470 609 incendio,
486 537 564 598 adeo
581 536 713 612 quidem,
734 544 767 598 ut
781 538 953 598 convictum
968 538 998 597 in
1014 540 1117 616 aliquo

132 624 250 684 scelere
265 636 389 682 servum
403 621 504 680 vivum
525 620 620 680 lavari
641 629 790 696 oporteat.
821 621 895 680 nihil
910 623 981 682 mihi
998 624 1119 685 videtur

91 717 123 770 11
131 708 190 767 iam
205 706 370 778 interesse,
392 704 499 764 ardeat
518 704 661 764 balneum
679 721 717 764 an
739 707 844 766 caleat.
885 707 1022 782 Quantae
1036 724 1119 768 nune

132 789 243 867 aliquis
257 787 432 850 rusticitatis
448 789 571 848 damnat
592 787 777 864 Scipionem,
794 790 878 865 quod
892 807 952 852 non
969 792 999 850 in
1015 793 1118 851 calda-

131 875 208 934 rium
221 890 309 933 suum
325 873 394 933 latis
416 872 630 947 specularibus
645 872 724 932 diem
740 874 925 935 admiserat?
957 876 1042 950 quod
1057 893 1117 937 non

131 959 162 1018 in
176 960 269 1018 multa
283 958 352 1017 lucc
368 956 597 1031 decoquebatur
616 963 646 1017 et
667 958 881 1031 exspectabat,
904 967 937 1019 ut
956 960 986 1018 in
1007 959 1118 1020 balneo

132 1047 349 1118 concoqueret.
393 1039 590 1101 Ohominem
616 1040 840 1101 calamitosum!
870 1044 980 1103 nesciit
1000 1045 1118 1103 vivere.

132 1133 333 1188 nonsaccata
351 1140 432 1199 aqua
453 1124 627 1198 lavabatur,
648 1125 705 1184 sed
726 1140 822 1200 saepe
842 1126 963 1187 turbida
983 1134 1026 1202 et,
1049 1143 1116 1186 cum

132 1212 252 1286 plueret
266 1209 492 1280 vehementius,
517 1224 614 1283 paene
635 1210 790 1269 lutulenta.
824 1225 882 1270 nec
904 1212 1028 1271 multum
1049 1211 1116 1270 eius

132 1296 291 1367 intererat,
312 1309 351 1351 an
373 1292 419 1352 sic
439 1294 606 1352 lavaretur:
628 1293 770 1353 veniebat
784 1292 864 1353 enim
879 1302 913 1355 ut
925 1295 1069 1356 sudorem
1083 1294 1116 1352 il-

90 1378 170 1444 1alic
192 1378 343 1450 ablueret,
364 1393 425 1436 non
441 1385 473 1438 ut
486 1383 684 1451 unguentum.
719 1376 802 1451 Quas
817 1395 898 1438 nunc
915 1379 1118 1453 quorumdam

132 1462 249 1524 suturas
272 1475 366 1520 voces
388 1461 510 1520 credis?
550 1460 636 1534 „Non
659 1461 782 1521 invideo
808 1461 958 1538 SclpIoniz
993 1477 1067 1521 vere
1088 1463 1118 1520 in

131 1546 223 1607 exilio
239 1545 322 1618 vixit,
342 1546 394 1620 qui
409 1543 454 1604 sic
472 1544 659 1605 lavabatur.“
692 1545 792 1617 immo,
811 1547 838 1605 si
856 1547 947 1619 scias,
963 1562 1024 1606 non
1043 1545 1117 1604 coti-

132 1631 181 1690 die
197 1630 363 1689 lavabatur.
410 1645 494 1701 nam,
515 1636 549 1689 ut
571 1629 669 1702 aiunt,
694 1629 745 1704 qui
769 1631 888 1704 priscos
909 1645 1010 1689 mores
1030 1628 1117 1687 urbis

131 1713 330 1787 tradiderunt,
352 1712 477 1772 brachia
492 1720 521 1773 et
536 1728 624 1772 crura
642 1713 753 1774 cotidie
768 1713 938 1786 abluebant,
962 1728 1042 1788 quae
1059 1713 1117 1772 sci·

131 1797 202 1857 licet
217 1798 438 1883 sordesopere
460 1797 660 1871 eollegeranu
682 1804 813 1857 ceterum
839 1799 891 1859 toti
911 1797 1055 1858 nundinis
1075 1796 1117 1854 la-

131 1881 301 1956 vabantur(
326 1883 393 1941 Hoc
408 1882 477 1941 loco
494 1881 575 1941 dicet
589 1881 715 1956 aliquis:
731 1882 847 1957 „liquet
861 1881 934 1941 mihi
948 1880 1117 1941 iumundis-

132 1966 227 2025 simos
245 1967 370 2025 suisse.“
410 1964 487 2039 Quid
508 1970 599 2040 putas
619 1964 688 2025 illos
704 1966 839 2026 eluisset
866 1965 1015 2037 militiam,
1032 1963 1116 2024 labo·

131 2064 206 2122 rem,
222 2051 331 2109 virum.
363 2057 527 2126 postquam
542 2049 656 2109 ntunda
671 2050 780 2109 balnea
794 2051 917 2110 iuventa
932 2055 1011 2122 sunt,
1028 2064 1117 2123 spur-

90 2131 233 2196 13ci0res
259 2140 338 2193 sunt.
377 2134 593 2208 Descripturus
619 2134 760 2192 infamem
783 2142 813 2195 et
833 2133 932 2194 nimiis
954 2133 1118 2193 notabilem

133 2215 251 2275 deliciis
265 2217 410 2277 Horatius
426 2218 554 2277 Flaccus
570 2218 643 2293 quid
658 2217 719 2277 aitt

97 2303 101 2384 ζ
440 2305 574 2376 prostatus
588 2301 743 2362 Buccillus
756 2304 821 2362 olet.

132 2384 229 2445 Dares
245 2401 324 2444 nunc
335 2384 527 2446 Buccillum.
539 2384 666 2461 perinde
681 2393 773 2459 esset,
790 2385 863 2445 acsi
876 2384 994 2445 hircum
1007 2385 1116 2445 oleretz

134 2468 277 2544 Gargonii
293 2469 362 2529 loco
380 2476 479 2541 esset,
504 2485 594 2544 quem
612 2469 692 2529 idem
705 2468 849 2530 Horatius
863 2468 999 2529 Buccillo
1019 2468 1116 2543 obpo-

133 2553 201 2614 suit.
236 2569 342 2628 parum
364 2562 412 2613 est
425 2568 547 2613 sumere
565 2561 766 2629 unguentum,
796 2552 853 2613 nisi
872 2552 921 2614 bis
939 2553 988 2612 die
1010 2560 1118 2627 terque

131 2646 313 2711 renovatur,
335 2652 373 2696 ne
389 2644 554 2697 evanescat
574 2637 602 2695 in
621 2653 767 2712 corpore,
797 2637 888 2712 quid,
905 2637 990 2713 quod
1003 2636 1117 2714 [iidem]

90 2729 124 2784 14
131 2720 191 2781 hnc
207 2722 303 2782 odore
319 2729 472 2796 tamquam
488 2736 544 2781 suo
560 2721 767 2802 gloriantur‘l.
780 2723 864 2781 Haec
881 2720 907 2780 si
923 2721 977 2781 tibi
993 2718 1118 2780 nimium

131 2805 228 2865 tristia
248 2805 447 2875 videbuntur,
475 2805 564 2864 villae
584 2805 753 2880 imputabis,
790 2807 820 2865 in
844 2820 905 2881 qua
929 2804 1050 2864 didici
1073 2805 1117 2863 ab

131 2886 311 2961 Aegialo,
344 2887 576 2960 diligentissimo
607 2889 840 2964 patrefamiliae
867 2889 893 2949 is
920 2889 999 2948 enim
1025 2887 1117 2947 huius

133 2972 197 3045 agri
217 2986 299 3031 nunc
320 2986 488 3045 possessor
509 2980 571 3046 est,
591 2972 768 3048 quamvis
790 2982 901 3035 vetus
917 2973 1118 3033 arbustum

126 3070 253 3128 ¹posse
282 3054 498 3115 transferri.
539 3056 598 3116 boc
620 3056 709 3117 nobis
732 3055 857 3117 senibus
873 3056 994 3116 discere
1009 3071 1116 3115 neces

132 3139 245 3197 sarium
261 3145 317 3212 est,
334 3155 464 3213 quorum
477 3156 566 3200 nemo
580 3156 641 3200 non
655 3142 799 3201 olivetum
814 3141 900 3202 altori
915 3140 1018 3217 puniti,
1034 3140 1117 3214 quod

131 3218 196 3279 vidi
210 3221 293 3280 illum
308 3221 450 3282 arborum
468 3223 585 3284 trimum
600 3232 630 3285 et
646 3223 837 3300 quadrimum
858 3223 1033 3284 fastidiendi
1057 3225 1110 3283 lru·

90 3313 122 3364 tt>
132 3310 199 3364 ctus
214 3312 358 3365 autumno
380 3307 546 3382 deponere.
579 3315 608 3368 te
624 3324 750 3384 quoque
766 3315 905 3383 proteget
919 3309 978 3379 illa,
995 3322 1075 3382 quae

250 3391 341 3450 turdo
355 3393 445 3465 uenit,
460 3395 535 3452 seris
548 3392 675 3464 facturo
690 3395 842 3468 nepotibus
854 3393 998 3465 umbram,

131 3479 163 3532 ut
177 3473 219 3532 ait
234 3474 385 3548 Vergilius
400 3483 520 3549 noster,
540 3474 592 3549 qui
608 3492 668 3536 non
685 3476 760 3551 quid
774 3477 950 3548 verissime,
968 3475 1025 3534 sed
1041 3471 1118 3547 quid
