2422 3862
234 200 404 262 ltplswl.
418 200 512 261 ltloR.
533 201 606 262 tto.
619 201 699 262 xil.
719 201 777 260 ltu.
789 209 817 263 s.
838 210 927 278 (roo.)
1010 203 1080 269 327

55 390 58 395 ·
93 359 203 416 recta
223 359 280 412 cst.
322 351 420 411 Adice
436 366 526 424 nunc,
545 350 629 424 quod
644 350 683 410 de
698 347 912 426 conpositione
925 368 988 413 non
1001 368 1075 414 cou-

94 443 170 498 stat=
189 435 312 511 quidam
327 436 408 494 illam
423 436 529 495 volunt
543 449 615 495 esse
629 449 669 492 ex
683 433 808 496 horrido
823 444 985 510 comptam.
1007 436 1074 512 qut-

95 521 166 580 dam
177 534 277 593 usque
287 534 325 579 co
338 533 448 592 aspera
459 518 602 592 gaudent,
614 524 647 577 ut
658 517 748 577 etiam
759 533 837 592 quae
850 518 969 579 mollius
982 535 1074 582 casus

94 603 255 677 explicuit,
279 618 319 661 ex
339 600 487 661 industria
502 601 654 676 dissipent
672 606 702 660 et
716 601 869 661 clausulas
885 601 1074 679 abrumpant,

94 702 134 746 nc
149 687 189 746 ad
204 691 415 760 exspectatum
430 684 648 759 respondeant.
691 683 773 758 Lege
788 684 979 745 Ciceronem:
1002 687 1104 747 oon-l

93 769 209 847 positio
230 770 297 828 eius
317 784 379 828 una
398 776 459 840 εει,
483 768 593 843 pedem
612 773 712 827 servat
731 768 814 827 lenta
827 775 857 827 ει
870 769 937 829 sine
953 770 1101 830 infamia.

95 853 206 913 mollis.
229 859 260 911 at
274 858 380 912 contra
390 850 535 911 Pollionis
547 849 646 910 Asinii
663 850 823 911 salebrosa
840 859 871 911 et
885 852 1031 913 exsiliens
1045 860 1076 913 et

93 936 146 998 ubi
162 934 285 994 minime
299 941 477 1009 exspectes,
496 934 647 993 relictura.
667 932 802 1008 denique
817 934 917 994 omnia
933 937 1015 1010 apud
1029 936 1075 996 ci-

95 1035 240 1081 ceronem
261 1017 418 1090 desinunt,
439 1018 523 1092 apud
536 1015 703 1077 Pollionem
719 1018 833 1077 cadunt
847 1020 984 1093 exceptis
1001 1035 1074 1094 pau·

93 1103 243 1176 cissimis,
263 1117 344 1177 quae
365 1101 404 1160 ad
423 1109 538 1161 certum
554 1101 680 1176 modum
702 1107 731 1159 et
751 1102 790 1161 ad
812 1118 904 1162 unum
918 1104 1076 1178 exemplar

93 1186 241 1246 adstricta
256 1192 336 1245 sunt.
379 1185 544 1244 Humilia
564 1190 770 1259 praeterea
789 1183 859 1244 tibi
881 1185 1006 1245 videri
1024 1187 1104 1245 dte

95 1271 152 1330 cis
182 1269 307 1329 omnia
329 1275 365 1328 ει
390 1283 519 1343 parum
544 1277 690 1328 erecto:
717 1284 790 1343 quo
817 1267 915 1330 vitio
941 1284 1074 1330 carere

94 1369 177 1414 eum
198 1353 340 1412 iudico.
368 1368 429 1411 non
444 1360 515 1412 sunt
529 1353 610 1412 enim
623 1351 749 1411 humilia
761 1353 821 1426 illa,
839 1352 896 1412 sed
911 1353 1032 1427 placida
1046 1362 1076 1425 ει

95 1438 135 1497 ad
156 1436 246 1496 animi
268 1442 405 1496 tenorem
424 1433 558 1512 quietum
580 1435 836 1511 conpositumque
861 1436 990 1496 formata
1018 1452 1075 1496 nec

95 1519 255 1596 depressa,
268 1520 325 1579 scd
338 1520 438 1595 plana.
454 1518 543 1580 deest
552 1519 613 1580 illis
627 1519 779 1579 oratorius
792 1520 880 1594 vigor
891 1519 1074 1594 somniique,

96 1621 176 1679 quos
193 1602 326 1678 quaeris,
343 1611 373 1665 ει
386 1602 477 1664 subiti
492 1603 571 1663 ictus
583 1603 810 1663 sententiamm.
832 1604 888 1662 sed
900 1609 995 1663 totum
1008 1618 1075 1662 cor-

95 1704 155 1763 pus
179 1686 310 1747 videris:
347 1689 483 1763 quamvis
507 1691 709 1762 incomptum,
738 1685 900 1746 honestum
925 1693 981 1746 εει.
1013 1703 1075 1748 non

94 1771 187 1831 habet
203 1772 299 1832 oratio
314 1770 398 1844 eius,
419 1771 475 1831 scd
493 1771 581 1832 decet
594 1769 780 1845 dignitatem.
808 1770 863 1829 Ad
874 1771 944 1844 ler,
966 1777 1105 1845 quomo

94 1854 266 1916 Fabiano
294 1855 429 1930 possis
462 1869 717 1929 praeponere.
758 1852 808 1913 dic
837 1851 1075 1928 Ciceronem,

96 1936 184 1997 curius
206 1937 272 1997 libri
293 1939 333 1998 ad
359 1937 585 2013 philosophiam
612 1937 799 2012 pertinentes
825 1953 923 2012 paene
950 1937 1074 1999 totidem
1096 1954 1098 1960 ·

96 2027 182 2092 sunt,
203 2031 278 2096 quot
299 2021 439 2082 Fabiani:
462 2022 578 2095 cedam,
596 2020 653 2080 sed
668 2037 729 2081 non
745 2021 844 2102 statim
860 2018 1004 2095 pusillum
1018 2027 1074 2095 est,

94 2102 211 2179 siquid
227 2106 358 2166 maximo
380 2105 480 2165 minus
496 2111 552 2165 est.
582 2105 632 2164 dic
652 2103 827 2165 Asinium
847 2104 1074 2165 Pollionem:

96 2188 203 2247 cedam
229 2196 259 2248 et
280 2189 538 2263 respondeamus:
565 2187 595 2248 in
615 2204 649 2249 ro
669 2194 752 2249 tanta
776 2189 909 2249 eminere
935 2196 984 2250 est
1005 2196 1076 2266 post

95 2273 175 2331 duos
197 2287 278 2331 esse.
306 2274 428 2332 nomina
449 2272 550 2333 adhuc
566 2273 599 2332 T.
613 2271 771 2333 Livium.
801 2271 924 2348 scripsit
943 2272 1022 2334 enim
1046 2282 1076 2334 ει

96 2354 246 2429 dialogos,
256 2371 335 2429 quos
348 2371 407 2414 non
419 2357 515 2430 magis
528 2355 745 2431 philosophiae
757 2356 958 2416 adnumerare
970 2357 1075 2432 possis

95 2453 189 2512 quam
203 2437 364 2509 historiae,
387 2447 417 2498 et
438 2455 476 2498 ex
490 2439 634 2514 professo
650 2439 878 2515 philosophiam
893 2440 1075 2500 continentis

95 2520 206 2580 librosr
227 2519 298 2580 huie
314 2535 437 2595 quoque
452 2520 532 2579 dabo
547 2522 663 2582 locuma
686 2523 756 2582 vide
770 2529 879 2597 amen,
894 2536 985 2597 quam
1000 2524 1074 2582 mul-

94 2611 144 2664 tos
159 2603 333 2675 antecedat,
350 2604 403 2677 qui
418 2603 546 2663 atribus
562 2602 691 2665 vincitur
707 2611 737 2664 et
751 2605 847 2665 tribus
863 2604 1075 2679 eloquentissi-

94 2687 163 2747 mis.
208 2685 282 2746 Sed
298 2703 369 2748 non
389 2693 565 2762 praestat
579 2687 718 2747 omnia:
739 2702 800 2747 non
817 2696 864 2747 est
877 2687 964 2748 lortis
980 2688 1122 2753 oratioltt

93 2772 176 2843 eius,
203 2771 342 2845 quamvis
367 2772 447 2831 elata
470 2772 517 2830 sit.
549 2786 610 2830 oon
635 2777 684 2831 εει
709 2770 839 2831 violenta
864 2786 921 2830 nec
944 2779 1075 2846 torrens,

95 2855 236 2928 quamvis
254 2854 353 2915 eflusa
370 2855 417 2915 sit.
441 2871 502 2915 non
518 2861 565 2914 εει
579 2853 753 2929 perspicua,
768 2856 825 2915 sed
841 2869 926 2930 pura.
967 2855 1074 2929 „Desi-

95 2937 201 3010 deres‚
218 2938 335 3014 inquis,
351 2948 456 3000 contra
470 2938 542 2999 vitia
556 2936 670 3012 aliquid
685 2953 796 3014 aspere
810 2939 885 3011 dici,
902 2946 1007 3000 contra
1021 2955 1073 3015 pe-

94 3021 190 3081 ricula
205 3021 354 3096 animose,
369 3030 475 3084 contra
489 3023 640 3082 fortunam
654 3022 797 3099 superbe,
813 3028 919 3081 contra
936 3021 1072 3082 ambitio·

95 3119 165 3163 nem
191 3107 421 3167 contumeliose.
451 3107 522 3167 volo
548 3106 698 3167 luxuriam
723 3105 892 3181 obiurgari,
919 3104 1074 3166 libidinem

94 3189 228 3262 traduci,
243 3189 442 3264 inpotentiam
457 3189 563 3264 frangi.
587 3189 627 3248 sit
643 3188 757 3264 aliquid
773 3189 905 3250 oratorie
920 3203 1001 3261 aare,
1014 3196 1074 3248 tra-

95 3271 164 3342 gice
178 3273 309 3346 grande,
333 3273 448 3334 comice
463 3273 572 3333 exilc.“
615 3272 672 3332 Vis
688 3273 771 3333 illum
787 3272 930 3333 adsidere
944 3271 1076 3347 pusillae

96 3352 155 3424 rei,
177 3355 301 3416 verbist
326 3358 376 3417 ille
391 3372 491 3416 rorum
510 3371 545 3415 sc
560 3355 759 3431 magnitudini
774 3356 907 3416 addixitr
927 3356 1074 3429 eloquen-

96 3433 169 3496 tiam
184 3440 267 3499 velut
281 3441 419 3500 umbram
434 3456 496 3501 non
510 3440 570 3501 hoc
585 3456 681 3514 agens
694 3439 795 3500 trahit.
823 3438 891 3499 Non
907 3443 996 3497 erunt
1009 3437 1117 3495 sinen
