2422 3862
135 198 198 262 238
397 198 430 257 L.
450 196 598 258 ANNAEI
619 195 794 257 SENECAE

129 355 236 414 bemus
252 352 385 429 pluviam
400 351 431 412 in
447 357 554 412 nostra
569 356 730 425 potestate.
763 348 853 410 Plura
875 356 903 410 te
923 349 1036 410 docere
1051 366 1115 409 non

130 438 245 514 cogito,
270 453 309 496 ne
328 435 586 512 quemadmodum
599 434 746 509 Aegialus
763 450 811 494 me
833 433 891 494 sibi
905 433 1116 495 adversarium

128 523 256 598 paravit,
271 521 316 581 sic
331 536 389 596 ego
407 535 511 595 parem
525 527 555 580 te
571 517 652 578 mihi.
682 518 771 578 Vale.

430 655 645 712 EPISTULA
669 656 702 711 ll.
732 656 804 727 (87.)

380 751 491 802 Sunuci.
509 753 621 802 Lucuto
641 763 693 802 suo
713 762 852 802 sacurem.

99 865 114 918 1
189 856 402 931 Naufragium,
434 862 597 931 antequam
629 871 740 915 navem
772 854 1008 929 adscenderem,
1040 856 1114 914 fecie

127 941 283 1017 quomodo
309 939 469 1013 acciderit,
498 956 559 1000 non
587 939 702 1012 adicio,
732 953 771 998 ne
794 946 825 999 et
846 938 905 998 hoc
927 946 1015 1014 putes
1037 938 1115 1000 inter

128 1024 231 1086 Stoica
248 1026 406 1100 paradoxa
421 1025 612 1099 ponendum,
638 1038 768 1098 quorum
783 1024 897 1082 nullum
916 1038 987 1082 esse
1004 1024 1115 1084 falsum

127 1125 184 1168 nec
203 1117 262 1170 tam
277 1109 413 1168 mirabile
429 1125 521 1183 quam
541 1108 639 1182 prima
660 1108 738 1166 facie
756 1106 894 1180 videtur,
918 1123 987 1167 cum
1008 1108 1114 1167 volue-

125 1194 177 1264 ris,
194 1193 383 1268 adprobabo,
399 1193 490 1252 imaro
510 1193 599 1253 etiam
618 1191 645 1252 si
659 1192 809 1252 nolueris:
832 1191 950 1251 interim
967 1192 1038 1252 hoc
1059 1206 1113 1250 me

126 1278 200 1337 iter
223 1277 371 1352 docuit,
398 1278 645 1352 quammulta
667 1275 900 1336 haberemus
924 1291 1112 1351 superva-

128 1378 196 1421 cua
210 1368 246 1421 et
261 1378 371 1435 quarn
386 1362 503 1422 focile
518 1360 666 1422 iudicio
684 1376 890 1435 possemus
906 1361 1113 1436 deponere,

128 1461 239 1520 quae,
262 1445 294 1505 si
316 1446 470 1521 quando
493 1443 716 1505 necessitas
738 1443 919 1519 abstulit,
935 1462 1007 1504 non
1023 1461 1114 1504 sen-

97 1531 238 1594 atinus
267 1530 405 1590 ablata.
451 1529 525 1589 Cum
551 1528 746 1605 paucissimis
774 1527 889 1602 servis,
920 1544 1000 1604 quos
1019 1545 1115 1588 unum

126 1629 237 1689 capere
251 1613 425 1674 vehiculum
440 1614 552 1688 potuit,
572 1612 639 1674 sine
653 1612 723 1673 ullis
738 1613 847 1685 rebus,
870 1613 927 1672 nisi
949 1627 1029 1687 quae
1044 1627 1112 1672 cor-

79 1696 82 1702 ’
125 1713 202 1773 pore
216 1705 322 1758 nostro
339 1697 579 1768 continebantur,
601 1712 659 1771 ego
675 1705 705 1758 et
718 1697 871 1758 Maximus
884 1711 972 1756 meus
986 1694 1114 1755 biduum

125 1781 184 1840 iarn
207 1779 418 1842 beatissimum
438 1781 567 1856 agimus.
603 1781 712 1842 culcita
731 1782 761 1842 in
782 1791 864 1843 terra
886 1781 980 1853 iacet,
1003 1796 1061 1855 ego
1082 1779 1113 1839 in

127 1866 245 1926 culcita.
279 1881 317 1925 ex
334 1863 455 1926 duabus
471 1864 591 1942 penulis
607 1866 702 1925 altera
720 1868 897 1941 stragulum,
914 1867 1009 1926 altera
1025 1881 1114 1940 oper-

96 1951 235 2010 3torium
256 1951 336 2011 facta
356 1958 413 2010 est.
456 1951 495 2009 de
515 1949 644 2024 prandio
664 1950 735 2010 nihil
751 1950 868 2011 detrahi
883 1951 995 2024 potuit:
1025 1965 1114 2026 para-

64 2043 79 2083 'i
125 2043 188 2094 tum
204 2035 258 2094 fuit
272 2051 333 2095 non
349 2035 446 2109 magis
462 2033 548 2109 hora,
569 2051 721 2110 nusquam
735 2035 802 2095 sine
824 2035 944 2108 caricis,
960 2050 1120 2110 nusquam

81 2114 84 2119 ’
127 2119 194 2177 sine
209 2119 424 2193 pugillaribus:
446 2119 524 2192 illae,
545 2121 572 2178 si
586 2135 697 2194 panem
713 2119 823 2192 habeo,
839 2135 895 2194 pro
910 2119 1113 2194 pulmentario

127 2208 207 2275 sunt,
222 2201 324 2261 sinon
341 2203 449 2278 habeo,
466 2220 521 2279 pro
539 2219 628 2278 pane.
662 2202 773 2264 cotidie
787 2203 859 2264 mihi
874 2220 986 2264 annum
1000 2221 1114 2265 novum

127 2286 256 2357 faciunt,
273 2303 363 2361 quem
379 2303 437 2362 ego
454 2289 585 2351 faustum
601 2294 631 2347 et
645 2289 763 2347 felicem
777 2287 875 2348 reddo
891 2287 981 2348 bonis
1000 2287 1112 2363 cogita·

125 2369 260 2430 tionibus
280 2378 310 2430 et
328 2370 420 2431 animi
441 2370 663 2446 magnitudine,
685 2372 735 2448 qui
755 2362 921 2446 numquam
940 2375 1037 2432 maior
1057 2379 1113 2442 est,

101 2486 108 2492 ·
127 2471 219 2530 quam
233 2455 285 2515 ubi
297 2456 395 2515 aliena
410 2457 550 2531 seposuit
572 2464 602 2516 et
622 2456 693 2516 fecit
711 2454 769 2515 sibi
785 2471 894 2531 pacem
913 2456 986 2517 nihil
1008 2458 1113 2517 timen-

97 2539 176 2614 ldo‚
193 2539 264 2600 fecit
278 2540 337 2600 sibi
352 2539 473 2600 divitias
488 2541 562 2600 nihil
577 2540 837 2615 concupiscendo.
868 2540 1067 2613 Vehiculum,
1082 2540 1113 2599 in

126 2625 210 2698 quod
224 2625 376 2700 inpositus
397 2641 480 2698 sum,
500 2624 647 2685 rusticum
663 2632 719 2685 est.
762 2626 862 2684 mulae
884 2624 988 2684 vivere
1008 2623 1113 2685 ambu-

124 2707 217 2768 lando
232 2716 390 2769 testantur.
435 2707 529 2768 mulio
545 2711 756 2783 excalceatus,
782 2725 844 2769 non
866 2717 994 2784 propter
1014 2715 1113 2769 aesta-

125 2798 195 2851 tem.
227 2793 289 2850 Vix
311 2808 329 2850 a
350 2807 398 2850 me
424 2789 562 2867 obtineo,
583 2800 617 2853 ut
635 2792 695 2852 hoc
715 2792 887 2853 vehiculum
912 2793 1001 2853 velim
1014 2792 1113 2853 videri

124 2892 240 2935 meum:
264 2874 353 2934 durat
367 2874 467 2934 adhuc
488 2892 635 2950 perversu
648 2877 723 2937 recti
740 2877 935 2938 verecundia.
969 2877 1112 2953 quotiens

61 3007 65 3015 .
124 2959 155 3018 in
176 2958 309 3033 aliquem
331 2956 505 3018 comitatum
526 2962 685 3022 lautiorem
706 2961 883 3034 incidimuS,
908 2962 1022 3023 invitus
1044 2977 1112 3021 eru·

124 3042 237 3113 besco,
254 3041 337 3115 quod
351 3053 560 3116 argumentum
576 3052 624 3106 est
637 3045 711 3120 ista,
728 3062 807 3122 quae
822 3046 937 3121 probo,
953 3062 1032 3122 quae
1048 3046 1112 3105 lau·

126 3126 182 3200 do,
209 3125 343 3184 nondum
369 3127 483 3187 habere
509 3136 621 3189 certam
646 3131 752 3190 sedem
778 3137 809 3191 et
830 3130 1015 3191 inmobilem.
1060 3127 1113 3204 qui

96 3206 253 3270 5sordido
274 3210 415 3273 vehiculo
431 3211 599 3288 erubescit,
622 3214 757 3289 pretioso
777 3214 965 3289 gloriabitur.
1001 3214 1112 3274 Parum

125 3292 227 3352 adhuc
250 3295 377 3367 profeci.
415 3297 551 3356 nondum
569 3299 669 3360 audeo
688 3299 890 3374 frugalitatem
905 3301 1006 3374 palam
1022 3299 1111 3356 ferre.

125 3377 297 3439 etiamnunc
312 3394 385 3439 curo
402 3378 563 3455 opiniones
578 3382 743 3442 viatorum:
760 3391 866 3445 contra
880 3382 973 3444 totius
988 3381 1112 3458 generis

125 3461 249 3523 humani
271 3463 432 3538 opiniones
453 3463 597 3526 mittenda
610 3483 672 3528 vox
688 3475 767 3528 erat:
796 3468 976 3545 ,‚lnsanitiS,
992 3465 1111 3538 erratis,
