2422 3862
131 275 133 279 .
190 228 252 293 228
486 227 519 286 L.
542 225 689 287 ANNAEl
712 225 888 288 SENECAE

189 383 240 442 illa
256 395 346 457 quam
361 376 489 439 rexeris.
516 377 669 453 Numquid
687 378 812 439 dubium
827 385 888 452 est,
910 379 983 453 quin
999 377 1072 439 vitia
1087 396 1172 441 men·

189 467 226 526 tis
248 466 399 526 humanae
418 464 589 524 inveterata
610 470 641 523 et
656 461 748 534 dura,
772 477 852 536 quae
866 463 993 523 morbos
1012 478 1173 539 vocamus,

189 549 380 611 inmoderata
394 548 469 620 sint,
490 555 524 607 ut
538 546 679 620 avaritia,
700 553 734 607 ut
752 545 930 620 crudelitas,
946 554 980 607 ut
994 546 1174 622 inpotentia,

188 633 341 709 inpietas?
375 647 449 706 ergo
464 630 645 692 inmoderati
661 636 732 691 sunt
747 637 777 690 et
792 630 941 691 adiectus.
971 631 1010 690 ab
1029 630 1077 692 his
1094 634 1174 693 enim

149 716 228 787 11ad
245 718 296 778 ilia
308 717 462 776 transitur.
491 714 609 777 Deinde
624 713 650 774 si
666 713 722 774 das
738 712 854 790 aliquid
869 715 943 776 iuris
961 714 1116 792 tristitiae,
1137 718 1174 777 ti·

189 801 280 874 mori,
302 799 459 876 cupiditati
482 799 655 873 ceterisque
675 798 808 859 motibus
825 799 943 872 pravis,
964 814 1025 860 non
1041 807 1130 861 erunt
1143 800 1173 860 in

188 894 294 947 nostra
321 891 481 960 potestate.
512 889 628 959 queret
662 883 733 958 quia
754 890 841 942 extra
862 899 920 943 nos
942 890 1028 955 sunt,
1060 884 1173 960 quibus

188 971 355 1031 irritantur.
385 969 488 1044 itaque
510 974 663 1040 crescent,
684 974 776 1042 prout
795 982 923 1041 magnas
943 966 1173 1028 habuerintmi-

189 1069 322 1114 noresve
341 1069 468 1125 causas,
496 1051 608 1127 quibus
634 1051 831 1112 concitentur.
873 1049 972 1112 Maior
996 1053 1053 1112 erit
1073 1053 1171 1124 timor,

189 1139 215 1197 si
231 1140 316 1212 plus,
342 1154 403 1212 quo
418 1143 621 1217 exterreatur,
642 1142 695 1196 aut
711 1135 839 1211 propius
855 1134 1045 1210 adspexerit,
1072 1138 1174 1197 acrior

148 1237 182 1293 ιε
191 1220 358 1297 cupiditas,
381 1238 442 1296 quo
457 1220 538 1280 illam
553 1219 710 1294 amplioris
724 1220 769 1280 rei
784 1234 858 1294 spes
873 1219 1055 1280 evocaverit.
1085 1217 1119 1279 Si
1141 1222 1171 1279 in

189 1312 296 1365 nostra
316 1312 468 1380 potestate
490 1311 630 1377 nonest,
655 1320 692 1363 an
709 1304 770 1364 sint
784 1303 940 1377 adtectus,
961 1319 1000 1363 ne
1014 1303 1089 1364 iliud
1104 1305 1171 1379 qui-

189 1390 257 1449 dem
275 1397 338 1462 est,
367 1389 470 1464 quanti
485 1389 558 1448 sint:
594 1388 619 1448 si
641 1388 718 1463 ipsis
739 1387 905 1462 permisisti
925 1388 1076 1463 incipere,
1103 1403 1173 1448 cum

189 1473 291 1533 causis
314 1474 378 1533 suis
401 1480 539 1533 crescent
554 1472 690 1547 tentique
704 1480 806 1546 erunt,
830 1478 943 1546 quanto
959 1471 1041 1532 fient.
1073 1472 1173 1533 Adice

188 1573 283 1631 nunc,
311 1558 395 1631 quod
416 1557 489 1629 iste,
518 1554 659 1632 quamvis
684 1557 795 1630 exigua
816 1556 892 1629 sint,
918 1557 949 1615 in
967 1556 1066 1617 maius
1081 1571 1172 1616 exce-

188 1641 272 1701 dunt.
307 1657 473 1716 numquam
502 1640 677 1716 perniciosa
705 1645 829 1700 servant
854 1640 988 1700 modum.
1030 1641 1173 1715 quamvis

188 1726 268 1785 levia
288 1724 371 1785 initia
394 1725 569 1785 morborum
590 1732 718 1799 serpunt
740 1733 771 1784 et
790 1739 882 1797 aegra
903 1738 1035 1797 corpora
1048 1725 1174 1784 minima

148 1809 337 1871 13interdum
354 1808 462 1884 mergit
476 1810 626 1869 accessio.
654 1809 731 1870 iilud
747 1824 820 1868 vero
833 1808 920 1869 cuius
933 1808 1103 1867 dementiae
1116 1815 1174 1881 est,

188 1893 329 1966 credere,
356 1909 483 1969 quarum
505 1909 606 1954 rerum
627 1901 712 1953 extra
733 1900 872 1953 nostrum
894 1890 1048 1952 arbitrium
1071 1893 1175 1966 posita

187 1978 339 2053 principia
357 1982 442 2050 sunt,
458 1993 561 2037 earum
578 1976 674 2038 nostri
690 1992 762 2036 esse
779 1974 893 2036 arbitrii
908 1976 1075 2036 terminos?
1097 1993 1173 2051 que·

186 2062 281 2121 modo
298 2061 381 2120 adid
397 2060 563 2121 finiendum
581 2062 655 2120 satis
671 2062 775 2133 valeo,
793 2061 832 2120 ad
848 2061 931 2135 quod
946 2059 1174 2136 prohibendum

188 2159 295 2218 parum
317 2147 413 2219 ratiti,
440 2161 509 2206 oum
536 2142 656 2205 facilius
677 2145 717 2205 sit
736 2145 901 2204 excludere
923 2161 1014 2219 quam
1035 2143 1173 2205 admissa

148 2227 399 2301 14conprimeret
427 2229 554 2302 Quidam
570 2229 610 2288 ita
626 2228 843 2303 distinxerunt,
859 2235 893 2289 ut
908 2229 1059 2289 dicerent:
1078 2237 1172 2302 „tem-

189 2308 301 2385 perans
327 2325 363 2369 ac
389 2313 525 2386 prudens
549 2313 704 2388 positione
728 2313 851 2388 quidem
877 2313 985 2372 mentis
1012 2319 1043 2372 et
1066 2312 1174 2373 habitu

187 2394 370 2470 tranquillus
386 2404 447 2470 est,
472 2404 584 2457 eventu
599 2413 660 2456 non
676 2405 732 2457 est.
762 2412 845 2469 nam,
870 2403 1015 2471 quantum
1031 2396 1070 2455 ad
1086 2395 1173 2457 habi-

186 2488 249 2540 tum
273 2479 381 2539 mentis
404 2496 493 2553 suae,
520 2497 581 2542 non
598 2482 806 2555 perturbatur,
828 2495 886 2540 nee
903 2479 1099 2541 contristatur
1115 2497 1173 2541 nec

187 2565 284 2637 timet,
311 2565 366 2623 sed
389 2566 499 2625 multae
515 2565 706 2626 extrinsecus
724 2581 837 2625 causae
857 2564 1007 2638 incidunt,
1036 2580 1117 2639 quae
1131 2565 1173 2624 ilii

146 2653 178 2706 15
188 2648 446 2724 perturbationem
465 2649 634 2708 adierant.“
664 2648 737 2708 Tale
752 2655 814 2723 est,
832 2648 917 2724 quod
931 2649 1038 2709 volunt
1052 2648 1172 2709 dicere·

187 2732 366 2792 iracundum
380 2734 502 2808 quidem
513 2732 596 2792 illum
608 2749 669 2793 non
683 2748 763 2805 esse,
778 2731 870 2793 irasci
882 2740 982 2792 tamen
993 2732 1172 2807 aliquando.

187 2824 217 2875 et
230 2816 365 2875 timidum
382 2817 503 2892 quidem
520 2832 580 2876 non
596 2832 682 2890 esse,
704 2818 809 2878 timere
823 2823 923 2876 tamen
937 2816 1120 2893 aliquando,
1142 2817 1172 2876 id

188 2907 250 2969 est,
277 2899 350 2959 vitio
374 2901 490 2960 timoris
511 2917 632 2974 carere,
660 2902 783 2962 adiectu
803 2919 864 2963 non
888 2917 1002 2961 carere.
1034 2900 1124 2974 Quod
1146 2900 1174 2961 si

187 2983 309 3056 recipit,
333 3001 392 3044 usu
413 2986 563 3060 frequenti
585 2985 674 3046 timor
695 2985 835 3046 transibit
854 2986 883 3044 in
904 2985 1008 3046 vitium
1029 2994 1059 3044 et
1081 2985 1127 3044 ira
1142 2986 1173 3045 ia

187 3067 318 3125 animum
334 3069 470 3128 admissa
484 3068 619 3129 habitum
636 3070 717 3130 ilium
734 3071 777 3128 ira
793 3070 925 3130 carentis
940 3068 1032 3129 animi
1044 3076 1173 3130 retexet.

147 3150 347 3211 16Praeterea
367 3153 394 3213 si
414 3169 475 3211 non
492 3153 656 3213 contemnit
676 3154 834 3215 venientes
851 3153 1042 3214 extrinsecus
1058 3168 1173 3212 causas

188 3244 218 3296 et
232 3236 347 3311 aliquid
364 3237 460 3308 timet,
485 3253 552 3296 cum
573 3239 690 3298 sortiter
711 3239 843 3297 eundum
861 3238 918 3298 erit
932 3238 1085 3297 adversus
1101 3238 1173 3310 tela,

187 3319 289 3395 ignes,
306 3338 361 3396 pro
380 3321 490 3395 patria,
512 3321 645 3396 legibus,
667 3321 820 3394 libertate,
843 3327 1019 3382 cunctanter
1034 3320 1130 3382 exibit
1144 3327 1175 3381 et

188 3404 288 3465 animo
305 3404 478 3464 recedente.
509 3422 570 3465 non
587 3406 669 3465 cadit
684 3415 782 3467 autem
805 3407 833 3465 in
850 3407 1018 3481 sapientem
1033 3404 1112 3465 haec
1127 3406 1174 3465 di·

144 3495 177 3552 li
186 3488 315 3549 versitas
331 3488 450 3550 mentis.
478 3487 557 3549 Illud
572 3498 732 3565 praeterea
752 3490 854 3551 iudico
871 3489 1115 3563 observandum,
1132 3506 1173 3550 ne
