2422 3862
143 253 199 291 run
541 235 775 294 PRAEFATIO.

142 379 183 445 lae
202 378 263 428 illae
282 376 377 442 quippe
394 374 547 443 Hieronymo
563 376 679 442 cognitae
702 384 760 426 ante
777 376 878 427 Martini
893 377 1040 428 Dumiensis
1057 387 1163 432 aetatem

142 449 251 514 scriptae
263 447 314 496 sint
326 459 430 495 necesse
450 453 500 510 est,
517 443 586 497 volui
599 445 663 495 meis
680 446 759 497 oculis
774 447 877 498 credere
889 454 914 496 et
925 447 1060 514 impetravi
1079 449 1164 514 facile,

141 524 169 567 ut
185 517 247 568 mihi
265 516 406 566 mitteretur
424 515 505 565 codex
521 513 716 580 Bambergensis
731 515 765 569 M.
776 516 820 578 lV,
836 518 862 575 4,
878 518 1019 570 membran.
1030 533 1083 571 sec.
1094 518 1164 583 XIV,

143 602 195 651 qno
212 588 287 638 etiam
306 583 438 635 Ficlrertue
453 583 479 634 iu
495 582 606 638 Senecae
624 583 742 651 epistulis
760 601 822 639 usus
842 593 894 647 ectr
913 586 945 636 in·
958 603 988 638 eo
1005 588 1084 654 igitur
1101 604 1162 656 pag.

142 655 175 707 53
194 663 253 723 post
270 654 469 717 „Extractiones
487 653 519 705 de
537 653 601 706 libro
618 654 741 706 Macrobii
758 657 784 704 in
803 657 962 723 expositione
980 659 1093 723 sompnii
1111 657 1165 709 Sci-

140 725 250 790 pionis“
275 724 369 791 legitur
392 723 495 775 Martini
519 723 584 776 liber
605 739 662 777 cum
682 724 732 776 hac
745 726 928 792 inscriptione:
955 727 1074 794 „Incipit
1102 727 1166 793 liber

140 794 212 847 Lucii
227 794 324 847 Seneca
344 794 375 844 de
390 794 524 845 vsrbomm
542 793 650 862 (ἓορίιιέί
685 794 744 861 Ipse
769 795 862 847 deinde
883 796 947 847 liber
971 797 1067 848 omissa
1089 799 1164 860 etiam

140 864 293 927 ultimailla
311 863 479 932 praelationis
500 872 587 930 parte,
610 866 674 928 q'uae
695 865 758 917 alibi
779 864 869 929 deesse
887 879 938 916 non
954 867 1018 916 solet
1038 864 1165 932 (Quotucr

139 933 253 987 uirtutum
269 961 302 974 -
319 934 403 996 uirum
414 930 550 1000 afliciunt.)
567 937 605 985 sic
621 934 724 1000 incipit:
743 933 1029 1001 Quinquiaprudentr'cm
1040 938 1164 1003 sequide-

138 1005 242 1057 sr'deras
259 1008 302 1058 -'-.
322 1003 421 1068 reliqna
438 1004 708 1070 postquamiuepexi,
727 1005 931 1061 nonadmodnm
948 1006 1075 1075 poenitet,
1096 1008 1164 1070 quod

139 1089 207 1127 nunc
221 1075 328 1129 demum
347 1073 428 1125 codex
445 1073 472 1123 in
491 1088 582 1131 manus
595 1088 667 1127 meas
684 1074 815 1140 pervcnitr
836 1074 913 1125 rideo
930 1075 997 1127 eninr
1017 1078 1061 1127 vix
1078 1075 1113 1127 ad
1127 1077 1164 1127 ul-

139 1144 191 1195 lam
209 1160 262 1195 rem
280 1158 339 1197 eum
358 1140 518 1209 profuturum
536 1143 633 1206 luisse,
661 1143 682 1193 si
706 1151 826 1211 ,tempore
852 1147 978 1206 venissem
1004 1160 1064 1199 nam
1083 1162 1164 1212 neque

139 1213 411 1281 scripturae'bonitate
428 1227 513 1266 meum
539 1214 595 1268 cod.
614 1212 719 1268 Vratis'l.
742 1215 851 1280 'superat
871 1220 896 1264 et
914 1222 950 1264 tot
968 1215 1037 1267 locos
1061 1215 1163 1280 omittit,

139 1294 166 1335 ut
181 1300 231 1335 non
255 1285 314 1335 tam'
325 1281 417 1333 librum
436 1283 522 1348 ipsum
541 1283 611 1335 hunc
636 1298 693 1335 ease
710 1284 779 1336 dicas
797 1284 844 1335 sed
861 1299 893 1334 ex
911 1299 940 1335 eo
958 1292 1086 1350 excerpta,
1104 1301 1163 1350 qna-

139 1355 174 1406 lia
190 1356 216 1406 in
232 1351 321 1405 eodem
341 1352 428 1404 codice
440 1351 514 1419 plura
533 1354 601 1405 suut.
638 1353 736 1405 Desinit
751 1359 836 1405 antem
846 1369 867 1402 c.
881 1356 906 1413 7,
918 1353 943 1406 2.
963 1354 989 1403 in
1006 1355 1086 1406 verba
1104 1355 1160 1408 illa:

137 1424 257 1476 sordidus
269 1431 314 1475 cut
325 1421 446 1474 obscurus
459 1418 571 1483 'eatstan'
590 1429 615 1472 et
633 1421 913 1489 sequunturdeinoeps
931 1439 964 1475 ex
979 1421 1100 1475 Senecae¹
1109 1426 1163 1491 epi·

138 1493 211 1546 stulis
230 1502 366 1560 excerpta,
391 1508 456 1557 quae
474 1491 543 1543 nulla
560 1493 726 1560 inscriptione
740 1493 875 1560 insignita,
891 1491 961 1545 nullo
977 1493 1111 1549 intervallo
1123 1510 1164 1546 se·

138 1573 228 1631 parata
246 1563 370 1631 incipiunt
386 1577 447 1629 pag.
465 1562 498 1614 55
518 1570 582 1615 extr.
600 1578 615 1613 a
633 1564 732 1615 verbis:
756 1562 866 1613 Primum
882 1570 1051 1628 oruamentum
1067 1579 1163 1630 compo·

137 1636 186 1686 site
203 1634 290 1684 mentia
306 1632 420 1684 existima
436 1658 472 1669 -
493 1641 518 1683 et
536 1631 659 1683 finiuntur
681 1647 741 1699 pag.
762 1632 805 1684 tt.
831 1647 902 1698 supr.
923 1634 1008 1683 uerbis
1027 1633 1081 1684 his:
1100 1635 1163 1685 Dum

138 1705 257 1769 differtur
271 1704 323 1754 uita
346 1703 508 1753 transcurrit.
547 1700 706 1767 Turpissima
730 1704 832 1753 iacuere
850 1710 889 1753 eat
907 1719 954 1768 que
970 1718 1020 1766 per
1038 1706 1164 1770 neptipen·

137 1777 201 1825 ciam
210 1775 250 1837 fit.
268 1799 304 1810 -
322 1771 439 1837 Explicit
455 1771 635 1827 desertorum
656 1773 738 1837 copia.
775 1772 903 1837 Incipiunt
913 1772 1050 1836 prouerbio
1066 1772 1164 1826 Seneca

47 1895 58 1906 ,,
134 1844 312 1908 perordinem
329 1840 464 1906 alphabeti.
494 1840 577 1903 Quare
593 1851 699 1909 apparet
716 1857 766 1893 nou
783 1850 851 1893 recte
869 1857 910 1892 me
928 1832 1029 1893 Martini
1044 1840 1108 1894 libro
1126 1845 1163 1893 in-

57 1957 60 1961 .
136 1915 299 1979 scriptionem
318 1910 387 1962 illam
405 1912 436 1962 de
449 1912 584 1965 verborum
600 1914 674 1979 copia
686 1911 849 1978 praefixisse,
870 1912 964 1979 quippe
979 1926 1030 1975 qua
1044 1927 1096 1963 non
1112 1923 1163 1964 tam

136 1983 201 2035 liber
220 1981 264 2032 ille
288 1995 335 2049 per
358 1998 386 2033 se
405 1980 476 2034 solus
499 1981 657 2048 significetur
676 1981 723 2032 sed
742 1988 918 2047 excerptorum
937 1981 1065 2053 quoddam
1081 1998 1163 2050 genus

138 2069 169 2104 ex
183 2052 228 2103 illo
245 2059 269 2102 et
285 2067 318 2103 ex
339 2052 455 2117 epistulis
479 2051 629 2110 conflatumr
658 2066 706 2105 nec
732 2050 802 2103 alind
827 2052 911 2103 inesse
938 2048 1056 2119 suspicor
1081 2053 1161 2106 codici

138 2119 523 2189 Guelferbytan01942eadem
538 2136 598 2172 vero
617 2127 739 2186 excerpta
757 2134 818 2169 num
836 2121 858 2169 is
880 2136 982 2185 quoque
997 2122 1162 2187 intellexerit,

137 2193 180 2255 qui
199 2193 225 2242 in
240 2207 279 2258 ep.
306 2189 418 2242 Senecae
443 2191 476 2241 ad
498 2190 605 2242 Paulum
629 2189 690 2243 libri
711 2190 742 2240 de
764 2191 899 2240 uerborum
917 2191 993 2258 copia
1009 2194 1163 2243 mentionem

137 2262 212 2326 iacit,
230 2270 353 2325 quaerant
371 2259 426 2312 alii.

206 2330 380 2396 Epistulae
397 2328 539 2380 Senecae
558 2329 595 2379 ad
611 2329 749 2381 Paulum
769 2338 798 2380 et
819 2328 914 2389 Pauli
937 2330 976 2379 ad
1002 2329 1162 2382 Senecam

127 2400 346 2467 ¹corruptissimae
369 2397 597 2461 circumferuntur,
625 2414 673 2450 nus
693 2414 750 2450 uam
776 2408 875 2461 tamen,
904 2407 931 2448 ut
958 2415 1006 2464 ego
1034 2401 1162 2467 existimo,

137 2471 308 2536 corruptiores
326 2484 401 2532 quam
418 2467 489 2534 apud
507 2468 543 2517 lo.
562 2467 621 2522 Alb.
639 2415 781 2520 lairicium
801 2471 827 2518 in
847 2468 909 2523 Cod.
931 2468 1089 2537 apocryphm
1116 2475 1163 2521 ita-

138 2556 186 2603 que
204 2555 253 2606 ego
270 2539 338 2603 quod
356 2547 409 2589 erat
425 2536 641 2597 adiumentoruru,
660 2537 795 2606 diligenter
809 2538 928 2601 adhibui;
944 2537 1075 2591 Fickertus
1090 2549 1163 2592 uten-

136 2609 195 2659 dam
211 2607 274 2659 mihi
293 2609 419 2659 concessit
441 2608 588 2672 scripturae,
600 2607 810 2675 discrepantiam,
836 2622 912 2672 quam
938 2623 951 2656 e
974 2610 1032 2665 cod.
1054 2610 1163 2676 Ampio·

135 2679 212 2728 niano
237 2678 380 2744 excerpsit;
407 2693 455 2743 ego
480 2677 536 2742 ipse
565 2677 661 2729 contuli
687 2680 788 2730 codices
811 2678 875 2729 dnos
897 2674 1105 2745 Rehdigeranos3
1132 2682 1163 2732 de

136 2748 217 2798 tribus
234 2747 275 2797 his
294 2747 424 2797 codicibus
450 2744 514 2796 dixit
538 2745 667 2799 Fickertns
686 2751 712 2799 in
731 2747 813 2815 prael.
837 2748 870 2799 ad
890 2746 1002 2798 Senecae
1019 2764 1079 2816 opp.
1100 2765 1162 2817 pag.

136 2816 186 2866 XX
203 2824 227 2867 et
241 2815 309 2866 XXI.
328 2814 381 2867 Sed
392 2815 545 2885 'diligentiae
563 2819 618 2867 eins
638 2820 746 2886 exignus
764 2818 863 2868 fructus
885 2816 946 2881 iuit3
968 2832 1027 2867 nam
1046 2821 1094 2869 etsi
1113 2835 1162 2871 non

136 2885 241 2936 difficile
253 2885 317 2950 luit,
337 2901 402 2949 quae
416 2884 545 2937 Fabricius
559 2896 705 2954 corruperat
716 2896 760 2938 aut
775 2887 869 2938 iniuria
885 2886 1003 2937 omiserat
1020 2889 1162 2951 restituere,

135 2965 220 3006 tamen
242 2963 278 3006 tot
300 2963 437 3022 supersunt
458 2955 508 3005 loci
527 2956 597 3007 dubii
613 2966 637 3008 et
656 2957 801 3024 depravati,
828 2964 856 3006 ut
882 2956 1019 3006 verisimile
1044 2957 1110 3007 mihi
1131 2961 1164 3009 sit

136 3026 247 3091 ineptam
265 3022 361 3076 falsarii
381 3025 588 3077 orationemiam
608 3042 624 3077 a
643 3028 770 3078 veteribus
788 3025 898 3076 librariis
917 3027 999 3092 magis
1024 3029 1102 3077 etiarn
1125 3031 1162 3079 vi-

134 3095 221 3146 tiatam
242 3110 312 3154 esse;
339 3095 384 3146 sed
407 3103 489 3146 tamen
507 3097 625 3158 qnoniam
640 3098 741 3148 codices
760 3095 938 3158 vetustissimi,
964 3096 1163 3162 Argentoraten-

135 3163 186 3225 sls,
200 3180 250 3228 quo
267 3165 392 3231 epistulae
408 3164 534 3226 Senecae,
559 3174 583 3216 et
598 3165 811 3226 Mediolanensis,
837 3181 887 3227 qno
912 3164 1008 3231 dialogi
1032 3168 1162 3218 continen-

134 3241 189 3294 tur,
208 3235 241 3285 ad
258 3235 429 3287 emendandas
448 3232 597 3286 subditicios
615 3235 662 3285 has
681 3232 804 3302 epistulas
823 3231 935 3285 nondam
960 3235 1068 3286 adhibiti
1094 3247 1163 3299 sunt,

134 3318 236 3368 sperare
266 3305 297 3356 de
325 3307 357 3356 iis
385 3305 481 3372 optima
509 3320 626 3369 quaeque
650 3305 715 3356 lieet.

203 3375 297 3427 Ultimo
329 3375 386 3427 locn
416 3375 493 3440 posui
521 3374 726 3439 epitaphium
754 3375 914 3435 Senecae,
941 3375 1010 3438 quod
1041 3375 1163 3440 plurimis

131 3439 245 3496 Senecae
264 3445 397 3497 codicibus
414 3459 478 3495 mss.
501 3442 631 3495 adiectum
647 3451 693 3493 est.

183 3513 304 3563 Indicam
330 3515 446 3578 denique
468 3528 555 3565 rerum
582 3512 786 3565 memorabilium
810 3529 912 3565 summa
938 3514 1071 3580 diligentia
1102 3532 1163 3567 con·
