2422 3862
263 209 432 272 EPISTUL.
447 211 541 271 nott.
564 211 636 270 LIB.
648 211 697 270 IX.
720 211 775 271 ΕΡ.
786 219 812 274 b·
834 217 906 287 (74.)
1010 213 1070 279 181

94 366 231 446 pinques
245 365 423 439 liberosque
438 363 598 438 dispensat
613 361 723 422 cilicia.
744 363 835 425 modo
848 370 914 424 arto
926 364 987 425 fine
999 381 1072 426 con·

95 451 228 513 cluditur
246 447 450 525 paupertatis,
471 444 567 519 exilii,
591 445 743 507 orbitatis=
772 462 832 507 non
855 455 952 508 tamen
973 449 1073 510 minor

94 543 158 608 est,
178 533 205 594 si
221 548 262 593 ex
276 532 383 594 altiore
397 528 518 606 fastigio
535 530 564 589 in
579 531 745 605 privatum,
764 547 803 591 ex
819 531 947 607 regiain
963 530 1074 596 humile

94 615 286 690 subducitur,
299 631 338 676 ex
348 614 471 692 publico
484 621 514 674 et
525 614 663 689 spatioso
674 614 740 674 iure
751 614 781 674 in
792 616 949 691 angustias
961 617 1072 678 domus

94 702 144 762 vel
165 700 268 776 anguli
290 699 360 760 coit.
382 713 481 774 aeque
501 713 612 773 magna
630 704 691 771 est,
717 696 835 759 etiamsi
849 700 879 758 in
896 715 931 759 sc
944 702 1117 767 recessim

94 784 233 860 undique
255 783 391 843 exclusa.
414 781 609 842 nihilominus
630 782 708 841 enim
724 783 825 856 magni
841 783 965 860 spiritus
981 792 1029 845 est
1043 792 1074 845 ει

93 868 202 940 erecti,
226 873 354 928 exactae
369 866 563 942 prudentiae,
585 864 807 928 indeclinabilis
829 867 970 929 iustitiae.
998 884 1072 944 ergo

93 968 195 1029 aeque
208 952 300 1012 beata
313 957 369 1010 εει.
398 950 519 1010 beatum
541 951 619 1009 enim
642 949 716 1009 illud
730 950 760 1008 in
776 968 837 1013 uno
853 953 921 1013 loco
940 953 1073 1029 positum

93 1044 150 1109 est,
166 1035 198 1095 in
212 1035 281 1114 ipsa
295 1045 405 1108 mente,
419 1034 545 1109 grande,
560 1031 677 1107 stabile,
691 1035 893 1110 tranquillum,
910 1038 993 1112 quod
1007 1037 1073 1099 sine

93 1118 225 1180 scientia
239 1117 410 1179 divinorum
425 1117 690 1192 humanorumque
705 1134 764 1178 non
781 1127 883 1194 potest
898 1121 988 1182 ellici.
1018 1121 1115 1184 Sc-(ltt

94 1204 197 1280 quitur
212 1202 300 1276 illud,
324 1201 406 1278 quod
427 1217 476 1261 me
492 1216 712 1277 responsurum
728 1216 800 1263 esse
815 1202 963 1264 dicebam.
1006 1205 1072 1265 Non

93 1285 250 1361 adfligitur
270 1286 395 1362 sapiens
416 1285 581 1346 liberorum
604 1285 783 1360 amissione,
811 1304 872 1349 non
895 1289 1072 1351 amicorum.

93 1371 204 1432 eodem
225 1369 305 1429 enirn
327 1370 427 1429 animo
450 1370 506 1429 lert
530 1368 648 1431 illorum
671 1378 812 1445 mortem,
834 1389 895 1447 quo
917 1389 1003 1433 suam
1020 1389 1071 1433 ex-

93 1460 224 1532 spectat.
254 1470 315 1515 non
336 1452 434 1528 magis
454 1453 534 1513 banc
554 1455 637 1514 timet
652 1470 743 1529 quarn
761 1455 842 1515 illam
858 1456 949 1516 dolet.
976 1457 1071 1516 virtus

94 1538 174 1599 enim
198 1537 410 1599 convenientia
431 1545 565 1598 constat:
595 1539 695 1598 omnia
717 1552 811 1613 opera
835 1539 901 1599 eius
920 1554 987 1599 cum
1003 1541 1073 1614 ipsa

93 1623 284 1685 concordant
298 1629 328 1682 et
341 1630 521 1696 congruunt.
538 1620 616 1682 haec
628 1622 794 1682 concordia
806 1623 891 1696 perit,
906 1622 931 1681 si
943 1623 1071 1694 animus,

94 1722 184 1782 quem
197 1708 360 1767 excelsum
376 1722 448 1766 esse
462 1712 597 1782 oportet,
613 1707 696 1766 luctu
709 1713 761 1766 aut
776 1704 931 1766 desiderio
947 1704 1071 1766 submit-

93 1792 171 1854 titur.
215 1791 382 1852 lnhoncsta
403 1799 451 1852 est
472 1789 570 1850 omnis
585 1789 746 1864 trepidatio
761 1796 792 1849 ει
809 1787 981 1850 sollicitudo
998 1789 1071 1849 etin

91 1877 154 1938 ullo
171 1883 241 1936 actu
258 1874 387 1951 pigritia.
415 1875 576 1937 honestum
597 1872 677 1933 enim
692 1889 834 1935 securum
851 1881 881 1932 ct
895 1873 1072 1948 expeditum

93 1968 155 2036 cst,
177 1959 344 2021 interritum
366 1967 426 2031 est,
452 1961 482 2019 in
505 1957 663 2034 procinctu
684 1963 751 2018 stat.
797 1957 873 2031 Quid
896 1964 991 2033 ergot
1012 1965 1113 2022 nontt

93 2044 209 2121 aliquid
232 2042 451 2119 perturbationi
472 2042 570 2104 simile
593 2041 743 2118 patietur?
771 2058 831 2103 non
854 2048 884 2101 et
902 2045 986 2103 color
1005 2041 1071 2104 cius

94 2127 257 2190 mutabitur
277 2134 307 2188 ει
327 2130 428 2189 voltus
449 2127 610 2204 agitabitur
632 2134 661 2186 ει
682 2134 765 2187 artus
790 2126 1012 2203 refrigescenti
1043 2137 1073 2190 ει

94 2212 242 2289 quicquid
257 2213 338 2274 aliud
354 2230 414 2274 non
430 2228 469 2272 ex
485 2211 612 2288 imperio
625 2209 725 2287 animi,
741 2211 798 2272 sed
809 2210 982 2273 inconsulto
995 2227 1073 2288 quo·

94 2299 164 2358 dam
182 2306 308 2359 naturae
322 2296 428 2374 inpetu
442 2298 564 2373 geritur.
593 2297 699 2358 lateor.
729 2298 784 2358 sed
800 2297 933 2357 manebit
946 2296 986 2357 illi
1003 2313 1070 2373 pcr-

94 2383 198 2444 suasio
215 2383 338 2456 eadem,
359 2380 431 2442 nihil
448 2382 567 2443 illorum
582 2383 693 2443 malum
710 2398 781 2442 esse
796 2397 853 2442 nec
869 2381 1009 2456 dignum,
1032 2382 1072 2442 ad

95 2468 178 2544 quod
199 2482 286 2527 mens
307 2483 384 2543 sana
405 2466 536 2527 deficiat.
570 2465 684 2540 omnia,
712 2482 791 2543 quae
813 2465 954 2526 iacienda
975 2473 1071 2538 erunt,

94 2551 240 2612 audacter
261 2549 333 2611 iacit
355 2559 384 2611 et
406 2559 555 2626 prompte.
583 2551 643 2611 boc
660 2551 739 2611 enim
755 2550 897 2611 stultitiae
914 2547 1116 2624 propriumne

94 2637 163 2712 quis
180 2635 306 2709 dixerit,
327 2637 437 2711 ignave
457 2643 487 2696 ει
501 2633 719 2697 contumaciter
734 2637 850 2707 lacere,
875 2648 954 2709 quae
971 2632 1071 2709 iaciat,

94 2721 203 2782 etalio
226 2736 341 2795 eorpus
362 2719 524 2795 inpellere,
551 2720 610 2780 alio
631 2718 762 2780 animum
785 2717 975 2793 distrahique
995 2717 1073 2779 inter

94 2804 322 2865 diversissimos
344 2811 454 2865 motus.
482 2821 552 2866 nam
572 2811 698 2882 propter
717 2801 769 2863 illa
784 2803 867 2878 ipsa,
891 2800 1003 2878 quibus
1019 2818 1072 2862 ex·

93 2890 170 2950 tollit
184 2904 219 2948 se
234 2888 430 2965 miraturque,
447 2896 620 2965 contempta
634 2896 682 2949 est
696 2897 726 2949 et
739 2904 778 2948 ne
792 2885 843 2948 illa
856 2885 990 2962 quidem,
1007 2886 1073 2962 qui·

92 2972 151 3033 bus
169 2972 325 3048 gloriatur,
345 2974 473 3035 libenter
490 2973 570 3035 iacit.
596 2971 711 3033 sivero
731 2972 855 3047 aliquod
872 2971 992 3033 timetur
1010 2987 1073 3030 ma·

93 3057 170 3132 lum,
186 3073 223 3117 eo
240 3058 383 3132 perinde,
399 3058 470 3118 dum
489 3064 662 3132 exspectat,
678 3057 768 3133 quasi
785 3053 931 3127 venisset,
949 3061 1074 3130 urgetur

93 3150 123 3201 et
141 3140 286 3218 quicquid
302 3158 341 3202 ne
355 3142 486 3217 patiatur
497 3143 588 3215 timet,
605 3141 665 3202 iam
680 3149 760 3202 metu
772 3141 893 3217 patitur.
922 3138 1071 3212 Quemad·
1081 3145 1118 3202 ³³

93 3225 216 3286 modum
231 3226 262 3286 in
278 3226 461 3302 corporibus
477 3227 633 3302 languoris
646 3225 734 3300 signa
746 3231 956 3300 praecurrunt.
980 3238 1076 3299 quae-

94 3308 163 3368 dam
179 3310 259 3370 enim
274 3310 403 3386 segnitia
415 3310 537 3370 enervis
552 3318 600 3370 est
612 3319 642 3370 et
653 3311 719 3370 sine
730 3308 835 3368 labore
848 3308 909 3368 ullo
922 3306 1072 3368 lassitudo

95 3399 124 3451 et
139 3391 279 3455 oscitatio
298 3402 327 3454 ει
348 3394 459 3456 horror
480 3395 616 3454 membra
637 3408 835 3469 percurrens=
866 3390 912 3451 sic
934 3390 1074 3450 infirmus

94 3476 213 3537 animus
228 3481 322 3540 multo
337 3486 408 3540 ante
423 3494 512 3556 quam
526 3477 713 3558 obprimatur
722 3477 814 3540 malis
825 3475 972 3554 quatitur.
987 3489 1077 3548 qrae—
