2422 3862
154 221 229 286 ‘244
288 207 289 210 ‘
463 221 497 280 n.
519 220 667 281 anunm
689 219 865 282 sunnone

163 378 260 450 riunt,
281 372 427 435 invidiam
443 374 627 435 contrahunt
647 381 678 435 et
696 388 797 448 usque
812 389 849 435 eo
864 380 998 434 mentem
1012 374 1156 450 alienant,

121 468 195 524 siut
209 462 289 522 lama
304 460 455 535 pecuniae
475 475 534 519 nos
554 459 644 520 etiam
666 459 806 520 nocitura
826 460 973 520 delectet:
998 459 1082 520 bona
1102 477 1155 522 au-

163 554 224 607 tem
240 543 342 604 omnia
356 559 463 605 carere
474 545 566 620 culpa
576 544 679 604 decet:
696 559 774 618 pura
785 550 865 614 sunt,
881 560 942 603 non
956 554 1155 621 corrumpunt

163 630 293 700 animos,
310 645 372 689 non
388 627 561 690 sollicitant.
595 629 745 689 extollunt
759 628 882 702 quidem
898 634 929 688 et
943 628 1082 699 dilatant,
1097 630 1154 689 sed

164 714 231 774 sine
250 720 379 774 tumore.
424 729 504 789 quae
525 713 608 773 bona
621 719 707 787 sunt,
728 712 871 773 fiduciam
888 713 1016 784 iaciunt,
1032 714 1152 775 divitiae

163 798 334 858 audaciam.
368 813 447 874 quae
461 796 544 858 bona
558 803 637 870 sunt,
651 797 889 872 magnitudinem
905 797 997 857 animi
1013 798 1095 870 dant,
1110 798 1152 857 di-

161 883 254 943 vitiae
268 882 471 943 insolentiam.
509 881 582 940 nihil
601 888 702 942 autem
721 881 804 941 aliud
820 888 869 942 est
882 882 1047 943 insolentia
1063 899 1154 958 quum

119 967 284 1042 despecies
299 964 516 1042 magnitudinis
528 966 616 1026 falsa.
647 967 731 1041 „Isto
744 965 846 1038 modo,
863 966 970 1042 inquit,
986 967 1076 1028 etiam
1093 983 1143 1027 ma

161 1053 222 1111 lum
238 1058 310 1111 sunt
323 1050 462 1120 divitiae,
480 1066 540 1110 non
555 1057 670 1111 tantum
688 1051 802 1109 bonum
825 1066 887 1110 non
903 1059 1005 1112 sunt.“
1043 1051 1156 1112 Essent

161 1137 289 1208 malum,
307 1135 334 1195 si
349 1151 454 1211 perse
470 1139 630 1207 nocerent,
653 1135 693 1207 si,
714 1143 748 1194 ut
762 1134 841 1207 dixi,
856 1135 1005 1197 haberent
1019 1136 1153 1194 efficien-

162 1227 222 1279 tem
237 1235 377 1280 causam=
404 1234 485 1278 nunc
507 1219 743 1293 praecedentem
764 1218 878 1280 hahent
900 1227 930 1280 et
952 1219 1074 1296 quidem
1091 1236 1151 1278 non

162 1303 332 1363 inritantem
359 1309 474 1363 tantum
500 1303 634 1370 animos,
667 1303 722 1362 sed
749 1303 968 1365 adtrahentem.
1017 1303 1152 1378 speciem

161 1387 241 1447 enim
256 1387 329 1448 boni
345 1387 516 1448 obtundunt
530 1386 725 1447 verisimilem
740 1403 777 1447 ac
792 1389 951 1464 plerisque
967 1388 1151 1448 credibilem.

117 1471 258 1532 adflabat
276 1470 374 1532 virtus
397 1487 524 1546 quoque
546 1471 782 1546 praecedentem
803 1487 943 1533 causam:
965 1473 1090 1535 adducit
1110 1473 1153 1531 in·

161 1556 283 1616 vidinm.
326 1557 429 1617 multis
447 1556 528 1616 enlm
546 1563 671 1631 propter
691 1555 887 1632 sapientiam,
909 1556 1011 1616 multis
1027 1563 1155 1630 propter

161 1640 305 1701 iustitiam
325 1640 487 1702 invidetur.
528 1640 584 1700 sed
610 1657 668 1701 nec
688 1656 727 1701 ex
750 1657 787 1702 se
805 1640 885 1700 hanc
910 1655 1036 1701 causam
1061 1639 1155 1699 lrabet

161 1741 218 1784 nec
236 1723 441 1786 verisimilem.
473 1731 580 1786 contra
595 1725 676 1784 enim
689 1725 880 1786 verisimilior
894 1725 945 1785 illa
960 1723 1084 1798 species
1097 1723 1152 1784 ho-

160 1810 273 1869 minum
294 1809 403 1870 animis
419 1809 549 1870 obicitur
567 1825 585 1869 a
599 1810 725 1883 virtute,
749 1825 829 1885 quae
842 1810 911 1871 illos
926 1809 956 1869 in
973 1825 1109 1869 aurorem
1125 1815 1155 1867 et

160 1895 390 1955 admirationem
407 1901 506 1955 vocet.

116 1989 152 2044 35
223 1978 409 2040 Posidonius
436 1980 482 2040 sic
507 1979 758 2054 interrogandum
785 1979 841 2040 ait:
872 1979 1003 2053 „Quae
1027 1993 1152 2052 neque

160 2064 470 2136 magnitudinem
494 2064 623 2125 animo
654 2065 746 2124 dant
769 2079 843 2123 nec
869 2062 1058 2124 fiduciam
1085 2076 1153 2120 nec

160 2147 519 2223 securitatem,non
540 2149 756 2209 suntbona.
800 2147 1154 2208 divitiaeautemet

159 2230 261 2289 bona
283 2232 463 2292 valitudo
490 2240 527 2293 et
554 2231 700 2294 similia
725 2233 785 2292 his
814 2230 912 2292 nihil
940 2231 1072 2291 horum
1097 2231 1152 2288 la-

160 2313 282 2376 ciunt=
306 2330 397 2389 ergo
417 2333 490 2377 non
507 2324 596 2378 sunt
615 2318 747 2379 bona.“
781 2317 868 2377 Hanc
882 2315 1153 2390 interrogationem

159 2400 257 2475 magis
283 2398 456 2460 etiamnunc
482 2402 541 2462 hoc
568 2403 660 2463 modo
687 2400 830 2463 intendit:
868 2400 997 2474 „Quae
1026 2413 1153 2475 neque

159 2483 467 2560 magnitudinem
496 2487 619 2548 animo
650 2487 742 2546 dant
771 2500 841 2544 nec
871 2483 1057 2545 fiduciam
1084 2496 1152 2543 nec

159 2567 427 2644 securitatem,
445 2577 581 2631 contra
603 2578 727 2631 autern
744 2568 1014 2643 insolentiam,
1030 2575 1151 2630 tumo-

159 2669 250 2727 rem,
289 2655 554 2728 arrogantiam
583 2662 733 2729 creant‚
765 2656 986 2714 malasunt.
1031 2653 1151 2713 alor-

159 2735 271 2797 tuitis
287 2744 411 2797 autem
427 2741 462 2797 in
478 2739 572 2799 haec
595 2738 834 2814 inpellimur:
856 2753 948 2812 ergo
970 2755 1042 2799 non
1064 2742 1153 2797 sunt

159 2820 289 2879 bonass

116 2916 151 2972 36
222 2904 315 2976 „Hac
332 2901 438 2980 inquit,
455 2906 573 2969 ratione
587 2925 626 2969 ne
642 2909 804 2970 commoda
821 2907 944 2983 quidem
960 2907 1019 2966 ista
1035 2909 1152 2966 erunt.“

157 2986 228 3048 Alia
243 2995 291 3047 est
306 2990 537 3052 commodorum
554 2988 710 3064 condicio,
739 2994 798 3054 alia
820 2992 986 3053 bonorum:
1018 3006 1152 3051 commo·

160 3071 234 3132 dum
249 3080 310 3146 est,
333 3076 417 3149 quod
434 3078 503 3151 plus
518 3095 595 3139 usus
610 3077 703 3137 habet
718 3093 809 3153 quam
825 3076 993 3138 molestiae.
1037 3076 1151 3135 bonum

159 3156 311 3217 sincerum
328 3174 399 3220 esse
417 3161 509 3222 debet
528 3168 557 3222 et
572 3163 611 3222 ab
627 3163 707 3224 omni
724 3169 810 3238 parte
824 3160 991 3221 innoxium.
1028 3177 1090 3219 non
1107 3166 1154 3219 est

158 3240 189 3301 id
204 3242 333 3316 bonum,
349 3245 433 3319 quod
449 3247 518 3321 plu's
539 3248 681 3322 prodest,
705 3248 760 3306 sed
779 3247 863 3322 quod
880 3252 994 3307 tantum
1015 3246 1152 3319 prodest.

116 3331 149 3388 37
157 3324 319 3387 Praeterea
333 3331 526 3390 commodum
543 3338 573 3391 et
588 3331 626 3391 ad
641 3330 784 3391 animalia
800 3331 930 3407 pertinet
950 3329 1034 3390 etad
1052 3330 1152 3405 inper-

159 3413 257 3473 iectos
279 3412 419 3475 homines
440 3421 470 3474 et
490 3417 529 3475 ad
545 3418 665 3477 stultos.
714 3420 817 3492 itaque
840 3423 942 3492 potest
964 3416 991 3475 ei
1013 3430 1087 3475 esse
1109 3417 1152 3475 in-

159 3499 355 3559 commodum
371 3502 511 3575 mixtum,
527 3501 584 3561 sed
600 3501 795 3562 commodum
810 3501 950 3562 dicituro
966 3499 1082 3560 maiore
1105 3501 1151 3561 sni
