2422 3862
128 202 190 267 144
413 204 445 262 L.
468 204 614 263 ΑΝΝΑΕΙ
637 203 811 264 SENECAE

128 367 159 418 et
177 357 287 417 iustum
309 364 338 416 ει
357 354 521 430 legitimum
541 372 602 416 non
624 355 758 416 eiusdem
777 370 848 417 esse
869 358 986 418 formae
1001 366 1100 433 putas,

128 442 219 502 certis
234 438 369 500 terminis
384 446 610 515 conprensum?
643 455 783 500 erescere
801 457 897 516 posse
915 441 1101 518 inperfectae

87 525 171 585 lorei
190 525 310 599 signum
335 530 391 584 εει.
435 525 553 585 Bonum
578 540 668 586 omne
692 522 722 583 in
749 524 873 585 easdem
897 524 979 585 cadit
999 527 1099 600 leges.

127 612 229 670 iuncta
241 615 288 669 εει
299 607 416 684 privata
427 614 456 668 ει
469 607 590 683 publica
602 608 723 682 utilitas,
735 615 795 669 tam
806 607 998 670 mehercules
1013 625 1101 683 quam

128 692 333 768 inseparabile
347 700 394 753 est
408 691 593 753 laudandum
616 693 853 768 petendumque.
884 709 959 768 crgo
974 693 1099 753 virtutes

129 778 207 838 inter
227 792 262 836 sc
283 792 373 851 pares
398 784 469 836 suut
488 784 518 837 et
539 792 635 852 opera
649 777 768 837 virtutis
783 782 814 836 et
830 792 937 837 ornnes
953 776 1099 849 homines,

88 861 240 937 11quibus
251 861 320 920 illae
335 860 499 934 contigere.
537 858 679 921 Satorum
695 877 769 922 vero
791 860 1029 936 animaliumque
1042 860 1099 920 vir·

128 954 207 1007 tutes
233 961 302 1006 cum
329 944 473 1005 mortales
499 942 573 1018 sint,
602 943 727 1019 fragiles
755 960 880 1020 quoque
905 944 1100 1020 caducaeque

64 1096 67 1103 .
128 1038 199 1091 sunt
214 1038 244 1090 ει
258 1029 400 1088 incertae.
417 1029 560 1090 exsiliunt
574 1027 774 1104 residuntque
788 1034 818 1089 et
831 1027 902 1089 ideo
917 1044 979 1089 non
995 1029 1099 1089 eodem

128 1112 225 1191 pretio
242 1113 453 1172 aestimantur:
476 1129 537 1173 una
551 1111 703 1174 inducitur
723 1111 862 1173 burnonis
881 1111 1042 1175 virtutibus
1056 1127 1100 1172 re·

128 1198 208 1274 gula.
240 1213 301 1258 una
315 1196 394 1255 enim
417 1202 465 1256 est
484 1196 560 1256 ratio
579 1204 663 1257 recta
678 1196 881 1271 simplexque.
907 1196 982 1256 nihil
996 1205 1045 1258 εει
1058 1197 1099 1256 di·

88 1283 200 1350 12vino
222 1279 370 1353 divinius,
393 1279 520 1343 coelesti
542 1280 717 1341 coelestius.
760 1279 900 1342 Mortalia
919 1279 1112 1352 minuuntur,

130 1366 256 1437 eadunt,
285 1365 475 1436 deteruntur,
505 1372 661 1438 crescunt,
683 1363 916 1439 exhauriuntur,
939 1365 1099 1439 inplentur.

130 1452 233 1525 itaque
253 1446 311 1508 illis
337 1449 366 1507 in
387 1457 447 1509 tam
472 1448 587 1509 incerta
608 1456 690 1509 sorte
711 1447 912 1524 inaequalitas
937 1457 1003 1510 est:
1027 1447 1100 1508 divi-

130 1550 237 1595 norum
252 1549 314 1594 una
331 1540 438 1592 natura
456 1539 512 1593 est.
546 1533 623 1593 ratio
639 1540 739 1593 autem
755 1531 827 1592 nihil
848 1532 997 1596 aliudest
1013 1548 1100 1608 qnam

129 1621 158 1678 in
174 1633 288 1694 corpus
304 1616 468 1676 humanum
483 1632 555 1692 pars
569 1616 662 1677 divini
683 1617 809 1693 spiritus
824 1632 935 1677 mersa.
981 1616 1013 1677 Si
1027 1617 1099 1675 ratio

130 1702 231 1762 divina
245 1708 306 1776 est,
323 1702 436 1761 nullum
454 1708 554 1762 autem
567 1700 682 1762 bonum
699 1699 767 1762 sinc
783 1701 901 1762 ratione
911 1709 973 1762 est=
989 1702 1098 1761 bonum

129 1802 218 1846 omne
236 1786 369 1846 divinum
386 1792 442 1845 est.
475 1787 590 1846 nullum
610 1801 703 1862 porro
726 1785 802 1845 inter
817 1785 919 1846 divina
937 1784 1098 1846 discrimen

128 1877 190 1931 est:
216 1886 288 1945 ergo
305 1885 362 1929 nec
381 1869 459 1929 inter
478 1869 569 1930 bona.
605 1868 691 1945 paria
708 1870 812 1946 itaque
826 1877 897 1930 sunt
913 1880 944 1931 et
957 1869 1098 1945 gaudium

127 1963 157 2015 et
182 1953 280 2027 [fortis
306 1958 410 2030 atque]
439 1954 592 2015 obstinata
616 1961 834 2015 tormentorum
861 1952 1036 2037 perpessio.
1071 1956 1097 2012 in

127 2046 257 2115 utroque
275 2038 354 2098 enim
374 2038 482 2098 eadem
506 2046 553 2099 εει
568 2040 658 2098 animi
680 2039 872 2114 magnitudo,
895 2040 926 2098 in
944 2039 1039 2099 altero
1055 2053 1099 2096 re-

88 2132 121 2187 13
128 2122 224 2183 missa
238 2130 268 2184 et
281 2123 374 2195 laeta,
397 2122 426 2181 iu
442 2124 536 2183 altero
550 2139 674 2199 pugnax
692 2130 722 2183 ει
733 2124 855 2183 intenta.
885 2122 983 2198 ouidi
997 2131 1029 2184 tu
1042 2136 1099 2181 non

129 2213 219 2282 putas
236 2221 338 2280 parem
354 2221 425 2266 esse
441 2207 578 2268 virtatem
591 2206 667 2281 eius
683 2207 735 2282 qui
748 2207 864 2268 sortiter
874 2206 1008 2269 hostiurn
1019 2221 1099 2266 moe·

129 2290 180 2350 nia
193 2298 361 2366 expugnat,
383 2296 412 2349 ει
427 2291 507 2365 eius,
524 2291 576 2366 qui
591 2291 782 2352 obsidionem
798 2290 1019 2367 patientissime
1034 2305 1099 2350 sus·

127 2375 222 2436 tinet?
243 2379 294 2447 [ει]
310 2389 438 2449 magnus
452 2374 571 2451 Scipio,
593 2377 644 2451 qui
659 2375 849 2437 Numantiam
864 2375 959 2437 cludit
979 2383 1009 2436 et
1030 2390 1098 2434 con·

128 2459 229 2535 primit
249 2455 392 2535 cogitque
417 2458 545 2520 invictas
567 2476 675 2520 manus
700 2458 878 2520 inexilium
898 2461 985 2537 ipsas
1012 2475 1099 2520 snum

127 2545 218 2605 verti:
249 2549 301 2618 [et]
320 2559 446 2618 magnus
462 2543 512 2604 ille
527 2544 727 2606 obsessorum
743 2545 877 2618 animuS,
901 2546 951 2620 qui
967 2544 1026 2605 scit
1039 2559 1098 2603 non

127 2644 198 2688 esse
215 2628 347 2700 clusum,
372 2626 421 2688 cui
436 2644 519 2688 mors
537 2636 644 2703 aperta
664 2636 725 2703 est,
748 2637 778 2689 et
792 2629 822 2688 in
839 2630 993 2705 conplexu
1011 2627 1099 2687 liber·

127 2712 196 2771 tatis
212 2712 358 2786 exspirat.
380 2713 490 2786 Aeque
503 2713 621 2788 reliqua
636 2728 761 2788 quoque
777 2713 855 2772 inter
870 2729 905 2774 se
921 2713 1008 2789 paria
1020 2720 1098 2781 sunt,

128 2795 343 2870 tranquillitas,
363 2794 555 2870 simplicitas,
575 2797 754 2870 liberalitas,
774 2796 959 2878 constantia,
987 2812 1099 2873 aequa-

128 2879 258 2951 nimitas,
273 2878 440 2938 tolerantia.
464 2880 604 2941 omnibus
620 2880 700 2941 enim
714 2881 781 2942 istis
795 2898 857 2942 una
871 2882 968 2942 virtus
985 2880 1098 2948 subest,

88 2974 208 3037 requae
223 2959 354 3021 animum
376 2970 490 3023 rectum
509 2971 538 3023 et
558 2964 799 3026 indeclinabilem
820 2973 965 3041 praestat.
1002 2963 1100 3039 „Quid

128 3050 224 3120 ergo?
249 3043 322 3104 nihil
344 3044 469 3107 interest
489 3048 565 3108 inter
585 3049 729 3122 gaudium
749 3057 780 3112 et
795 3050 935 3112 dolorum
948 3048 1098 3110 inflexibi-

127 3130 218 3189 bilem
235 3127 407 3203 patientiam
415 3136 448 3188 κ(
469 3131 549 3205 nibil,
568 3141 712 3208 quantum
724 3133 763 3193 ad
775 3134 861 3209 ipsas
872 3136 1017 3195 virtutes=
1034 3133 1098 3208 plu-

126 3212 234 3273 rimum
251 3212 329 3272 inter
343 3213 408 3288 illa,
432 3214 588 3291 inquibus
605 3217 700 3278 virtus
716 3225 845 3294 utraque
861 3219 1042 3280 ostenditur.
1070 3216 1098 3274 in

126 3297 221 3357 altero
237 3296 316 3356 enim
331 3298 475 3360 naturalis
489 3307 538 3361 est
553 3299 643 3361 animi
657 3303 798 3363 remissio
814 3318 851 3363 ac
866 3303 992 3379 laxitas,
1015 3303 1045 3361 in
1058 3302 1098 3358 al-

125 3390 190 3442 tero
207 3387 312 3442 contra
327 3390 464 3444 naturam
479 3383 576 3445 dolor.
605 3385 706 3462 itaque
720 3386 820 3448 media
836 3395 907 3448 sunt
921 3386 1007 3461 haec,
1021 3398 1100 3462 quae

127 3463 286 3526 olurimum
302 3466 450 3527 intervalli
469 3468 635 3543 recipiunt=
656 3468 752 3532 virtus
769 3471 799 3531 iu
820 3479 951 3547 utroque
971 3487 1027 3546 par
1042 3474 1098 3528 est.
