2422 3862
188 260 359 321 arrsrun.
374 217 472 321 non
489 259 622 319 maxi.
645 258 703 319 or.
717 267 783 321 aa.
804 267 862 335 (er.
875 267 935 334 aa.)
993 258 1056 325 ata

75 415 168 476 otium
186 421 216 474 et
232 413 428 474 conditivum
456 411 555 486 „Quid
569 418 665 486 ergo?
677 411 793 488 inquis,
815 427 876 471 non
896 413 992 473 satius
1007 422 1082 484 esta

75 500 122 558 vel
144 498 190 558 sie
211 498 426 571 iacerequam
445 497 476 556 in
500 496 567 556 istis
590 495 760 556 officiorum
782 494 946 556 verticibus
968 499 1053 558 volu·

75 583 171 643 ιιεῑιιι
208 576 344 656 Utraque
364 597 415 641 res
430 579 618 641 detestabilis
633 587 695 654 est,
716 587 746 639 et
763 581 929 640 contractio
950 588 1053 642 elion

75 681 141 741 por.
165 675 248 740 puto,
264 680 363 741 aeque
378 664 431 739 qui
447 665 477 724 in
493 663 640 725 odoribus
652 663 739 738 iacet,
754 672 891 725 mortuus
903 671 951 726 est
963 682 1057 740 quam

74 749 127 824 qui
144 750 262 824 rapitur
277 764 368 809 uoco.
398 748 492 809 otium
515 749 582 808 sine
602 748 697 808 literis
718 764 801 809 mors
817 755 865 808 est
879 756 908 808 et
922 748 1055 809 hominis

72 835 134 893 vivi
157 834 324 907 sepultura.
365 832 443 906 Quid
465 833 576 892 deinde
603 833 730 907 prodest
752 832 946 893 secessisset
979 841 1083 895 tam-4

75 933 165 992 quam
187 933 248 978 non
269 917 466 978 transmaria
487 933 544 976 nos
566 916 804 977 sollicitudinum
820 932 934 977 causae
949 932 1055 992 perse·

73 1010 214 1078 quantur.
250 1016 348 1076 quae
372 1000 524 1060 latebra
544 1008 618 1076 est,
645 999 687 1059 in:
709 1015 816 1074 quani
838 1016 912 1060 non
933 1000 1071 1060 intr-et-

72 1093 199 1148 metus
212 1085 370 1146 mortis?
394 1101 474 1160 quae
487 1091 548 1144 tam
563 1082 695 1144 emunita
710 1091 740 1144 et
752 1084 781 1144 in
796 1085 889 1145 altum
902 1084 1056 1145 subducta

73 1171 152 1229 vitae
169 1170 273 1244 quies,
290 1184 380 1245 quarn
395 1183 457 1227 non
474 1169 563 1229 dolor
580 1169 715 1228 territet?
751 1183 996 1245 quocumque
1017 1177 1053 1230 lo

71 1252 288 1326 abdideris‚
306 1252 931 1328 malahumanocircumstrepent
958 1252 1054 1313 Multa

71 1344 158 1398 extra
174 1346 259 1410 sunt,
284 1349 363 1414 quae
378 1337 563 1398 circumeant
581 1351 655 1411 nos,
676 1352 736 1412 quo
751 1344 803 1396 aut
816 1336 921 1398 fallant
938 1344 991 1398 aut
1003 1353 1053 1397 ur-

70 1429 176 1496 geant,
192 1423 286 1482 multa
301 1421 401 1495 intus,
419 1437 499 1496 quae
515 1421 545 1482 in
563 1422 664 1482 media
681 1420 846 1481 solitudine
864 1427 1053 1480 exaestuant.

69 1505 326 1581 Philosophia
346 1506 624 1567 circumdando
643 1513 722 1565 est:
745 1502 990 1578 inexpugnabilis
1006 1509 1082 1569 esl5

71 1606 193 1664 murus,
227 1606 317 1665 qoem
344 1591 464 1650 lortuoa
487 1591 589 1650 multis
616 1587 765 1648 machinis
790 1586 966 1646 lacessitum
991 1603 1055 1647 non

71 1674 186 1734 transit.
219 1674 248 1732 in
264 1672 464 1749 insuperabili
478 1676 548 1735 loco
565 1672 768 1743 steterimus,
788 1671 840 1746 qui
858 1677 983 1731 externa
1000 1671 1052 1730 de-

70 1758 180 1832 seruit,
202 1766 232 1818 el
253 1774 324 1818 arce
347 1772 383 1818 se
405 1772 462 1817 sua
484 1759 630 1818 vindicam
654 1756 736 1816 intra
752 1756 838 1815 illum
854 1769 945 1815 omne
959 1755 1054 1815 telum

71 1842 160 1902 cadit.
196 1842 262 1903 Non
284 1842 389 1915 habet,
418 1849 451 1902 ut
473 1851 629 1917 putemus,
657 1842 779 1902 lonuna
799 1839 907 1913 longas
927 1853 1052 1898 manus=

70 1926 220 1984 neminem
241 1933 374 2002 occupat
393 1927 451 1985 nisi
475 1926 650 1994 haerentem
673 1923 741 1984 sibi.
778 1923 884 1997 linque
908 1929 1082 1998 quantumi

70 2025 253 2084 possumus,
281 2009 319 2070 ab
342 2010 393 2071 illa
407 2009 595 2071 resiliamus:
611 2009 709 2085 (quod
730 2010 797 2069 sola
818 2005 985 2081 praestabit
1005 2005 1055 2066 sui

69 2101 257 2169 naturaeque
279 2093 423 2168 cognitio.
439 2127 440 2131 =
454 2092 546 2169 sciat,
570 2109 631 2170 quo
655 2092 753 2154 iturus
774 2091 830 2164 sit,
854 2091 936 2151 unde
958 2098 1054 2163 ortus,

72 2178 155 2249 quod
170 2177 355 2252 illibanum,
383 2179 468 2254 quod
484 2178 596 2239 malum
612 2176 666 2251 sil,
690 2176 765 2253 quid
782 2182 877 2251 petat,
901 2175 976 2250 quid
990 2173 1054 2233 evi·
1088 2172 1101 2218 *³

69 2268 119 2334 tet,
137 2275 216 2336 quae
232 2263 271 2322 sit
285 2263 336 2323 illa
346 2264 432 2336 ratio,
450 2279 530 2339 quae
541 2263 717 2338 adpetenda
729 2277 765 2323 ac
777 2259 923 2335 iuglande
937 2258 1053 2319 discor·
1162 2262 1174 2275 '¹

70 2353 136 2418 nat,
154 2361 216 2419 qua
231 2347 429 2422 cupiditatum
445 2347 633 2408 mansuescit
648 2344 782 2419 insania,
798 2345 938 2405 timorum
953 2341 1052 2404 saevi·

69 2428 111 2488 tia
134 2431 340 2504 conpescitur.
379 2431 463 2490 Haec
486 2431 610 2506 quidam
630 2438 737 2506 putant
759 2430 847 2504 ipsos
870 2427 958 2488 etiam
985 2427 1079 2494 siner

72 2512 269 2588 philosophia
282 2514 484 2589 repressisse.
514 2515 587 2587 sed,
605 2530 674 2574 cum
689 2529 817 2575 securos
832 2510 945 2585 aliquis
960 2524 1052 2568 casus

70 2603 216 2670 expertus
237 2605 299 2671 est,
325 2598 506 2673 exprimitur
526 2613 596 2658 sera
618 2595 785 2658 confessio.
823 2609 935 2668 magna
960 2591 1055 2652 verba

69 2677 224 2755 excidunt,
241 2692 312 2741 oum
325 2689 422 2742 tortor
436 2683 580 2758 poposcit
594 2697 725 2755 manum,
741 2696 811 2740 eum
825 2694 909 2738 mors
924 2674 1054 2751 propius

69 2764 210 2823 accessit.
245 2766 351 2840 possis
371 2766 413 2825 illl
433 2765 549 2826 dicere:
577 2766 666 2826 lacile
689 2762 882 2841 provocabas
903 2761 983 2820 mala
999 2760 1053 2820 ab·

69 2847 183 2906 sentia:
210 2862 284 2909 eece
300 2850 402 2922 dolor,
420 2863 514 2926 quem
529 2849 717 2911 tolerabilem
732 2864 804 2910 esse
819 2844 955 2918 dicebas,
979 2859 1055 2904 aeae

70 2942 168 3005 mors,
199 2948 291 3006 quam
314 2942 424 2994 contra.
440 2936 536 2995 multa
558 2934 696 2995 animose
718 2935 839 2995 locutus
861 2946 905 2992 es.
941 2933 1055 2988 sonant

70 3012 205 3089 flagella,
226 3014 348 3090 gladius
361 3018 468 3081 micat:

168 3114 249 3160 nnnc
263 3103 371 3161 omneis
384 3115 472 3176 oper,
494 3102 611 3174 Aenea,
633 3118 713 3162 nnnc
724 3108 845 3176 pectem
857 3102 957 3172 firmo

68 3180 177 3242 Facit
198 3191 299 3244 autem
316 3183 390 3244 lllnd
411 3184 559 3245 firmum
583 3185 751 3245 adsidua
773 3181 992 3254 meditatio,
1019 3177 1081 3240 sie

68 3278 142 3325 non
161 3266 285 3326 verba
302 3268 551 3344 exercueris,
573 3270 639 3328 sed
662 3268 841 3339 animum,
863 3265 896 3326 si
918 3271 1056 3325 eontra

68 3357 227 3410 mortem
244 3359 280 3412 le
295 3352 614 3427 praeparaveris,¹
637 3351 828 3412 adversus
852 3365 960 3425 qoam
976 3363 1052 3407 non

66 3432 341 3510 exhortabitur
357 3451 426 3496 neo
441 3435 629 3511 adtollat,
641 3435 708 3513 qui
723 3429 1072 3520 cavillationum

68 3515 136 3574 libi
165 3519 407 3589 persuadere
437 3522 705 3600 temptaverit
731 3508 1100 3617 montemferiyfftfss
