2422 3862
299 220 469 282 EPISTUL.
485 221 579 282 MOR.
601 223 673 283 LlB.
689 224 711 282 l.
736 224 792 282 ΕΡ.
805 233 832 285 l.
847 239 872 287 5.
1056 228 1077 289 9

97 375 122 434 in
142 375 228 450 quod
250 374 344 435 solidi
358 374 424 434 auri
440 376 594 435 caelatura
608 375 816 448 descenderit,
840 376 895 436 sed
912 395 973 438 non
990 387 1075 453 pute-

97 475 158 519 mus
178 459 363 534 lrugalitatis
386 457 529 518 indicium
554 474 629 518 auro
651 468 839 533 argentoque
862 462 1014 522 caruisse:
1043 464 1074 523 id

97 559 235 617 agamus,
257 550 291 604 ut
306 542 463 602 meliorem
478 542 568 602 vitam
586 557 751 618 sequamur
766 559 855 618 quam
870 546 996 619 volgus,
1012 563 1073 608 non

97 637 125 688 at
144 628 349 689 contrariam:
372 627 507 700 alioquin
529 642 608 701 quos
630 628 786 686 emendari
807 629 964 701 volumus,
989 630 1073 704 luga-

97 728 159 773 mus
174 728 193 771 a
209 711 300 772 nobis
316 719 346 771 et
362 712 536 772 avertimus.
562 710 636 770 illud
652 727 776 786 quoque
795 711 959 786 efficimus,
983 721 1014 774 ut
1030 715 1073 774 ni-

97 795 133 855 hil
152 795 264 857 imitari
287 794 381 855 velint
401 796 511 866 nostri,
542 795 613 855 dum
636 796 753 866 timent,
782 811 820 854 ne
845 797 989 857 imitanda
1015 799 1080 858 sint·

98 880 204 940 omnia.
238 880 305 940 Hoc
322 880 451 954 primum
468 877 664 954 philosophia
680 879 836 955 promittit,
854 896 981 941 sensum
993 887 1102 943 corn-l

96 979 229 1038 munem,
257 963 473 1024 humanitatem
495 971 524 1024 ει
539 965 814 1038 congregationem.
844 981 862 1024 a
879 983 939 1039 qua
955 968 1072 1039 proles-

96 1047 180 1108 siono
203 1047 419 1109 dissimilitudo
445 1063 505 1107 nos
529 1048 693 1122 separabit.
733 1048 917 1121 Videamus,
946 1065 985 1108 ne
1007 1051 1073 1124 ista,

95 1148 147 1207 per
161 1148 243 1207 quae
255 1130 486 1192 admirationem
499 1148 606 1206 parare
619 1134 768 1204 volumus,
785 1131 912 1194 ridicula
922 1141 952 1193 et
964 1134 1073 1194 odiosa

95 1217 161 1277 sint.
191 1231 304 1291 nempe
327 1217 516 1291 propositum
538 1224 674 1276 nostrum
690 1224 737 1276 εει
752 1218 920 1277 secundam
935 1224 1072 1279 naturam

93 1301 214 1360 vivcrez
243 1299 304 1361 hoc
324 1308 429 1361 contra
452 1308 587 1360 naturam
606 1310 666 1375 est,
688 1309 831 1377 torquere
853 1318 966 1376 corpus
983 1319 1072 1365 suurn

91 1393 121 1445 et
137 1385 246 1445 faciles
262 1383 369 1445 odisse
382 1384 545 1444 munditias
559 1392 589 1444 et
603 1385 776 1459 squalorem
793 1386 937 1462 adpetere
952 1393 982 1445 ει
996 1387 1072 1446 cibis

95 1485 151 1530 non
173 1476 291 1529 tantum
312 1467 424 1530 vilibus
445 1469 503 1540 uti,
527 1470 584 1529 sed
598 1471 683 1529 tetris
698 1477 728 1529 ct
743 1469 885 1530 horridis.
924 1471 1100 1543 Quemads

92 1554 217 1615 modurn
234 1552 412 1614 desiderare
427 1553 572 1612 delicatas
588 1570 639 1614 res
655 1554 793 1614 luxuriae
805 1566 867 1626 εει,
891 1554 930 1614 ita
945 1554 1071 1614 usitatas

92 1646 121 1698 et
140 1653 204 1698 non
226 1652 337 1721 magno
361 1636 511 1711 parabiles
527 1637 632 1711 lugere
648 1637 828 1697 dementiae.
859 1638 1072 1710 Frugalitatem

92 1721 186 1796 exigit
208 1713 419 1797 philosophia,
440 1737 505 1780 non
523 1735 668 1795 poenam:
693 1728 908 1795 potestantem
924 1735 1071 1781 essenon

92 1806 248 1880 incompta
269 1805 435 1879 frugalitas.
461 1804 511 1863 hic
532 1803 604 1864 mihi
625 1805 736 1865 modus
752 1805 866 1880 placet:
888 1812 1072 1878 temperetur

93 1890 153 1949 vita
173 1888 252 1950 inter
267 1888 367 1949 bonos
383 1904 484 1949 mores
498 1897 527 1948 ει
542 1889 697 1963 publicos:
721 1888 891 1962 suspiciant
907 1903 1012 1948 onmes
1028 1889 1070 1947 vi·

94 1982 153 2031 tarn
168 1979 320 2046 nostram,
343 1973 401 2032 sed
414 1980 593 2046 agnoscant.
627 1972 724 2045 „Quid
742 1978 838 2046 ergo‘l
859 1973 966 2032 eadem
978 1972 1099 2038 facie-6

92 2073 175 2132 inus,
208 2072 288 2132 quae
315 2057 430 2117 celarit
463 2055 537 2117 nihil
563 2056 640 2114 inter
666 2071 722 2115 nos
748 2064 778 2115 ει
803 2057 871 2118 illos
898 2056 1072 2117 ιηιειειιιιιι

95 2142 265 2217 plurimum.
289 2139 453 2201 dissimiles
469 2156 540 2201 esse
555 2157 614 2201 nos
629 2141 719 2214 volgo
733 2141 823 2213 sciat,
841 2141 892 2216 qui
904 2142 1073 2217 inspexerit

95 2224 234 2301 propius.
265 2224 320 2298 Qui
336 2225 459 2286 domum
475 2223 644 2297 intraverit,
661 2241 717 2286 nos
732 2226 832 2299 potins
844 2227 968 2287 miretur
981 2241 1071 2300 qnam

93 2307 313 2385 supellectilem
335 2316 479 2369 nostram.
509 2325 637 2384 magnus
654 2309 703 2370 ille
718 2317 777 2383 cst,
801 2311 852 2386 qui
867 2310 1010 2371 fictilibus
1026 2309 1072 2368 sic

93 2395 198 2468 utitur,
230 2394 486 2470 quemadmodum
496 2402 641 2468 argento.
673 2410 729 2455 nee
751 2394 801 2454 ille
821 2393 919 2454 minor
935 2402 996 2466 est,
1019 2393 1071 2468 qui

92 2478 136 2539 sic
147 2486 277 2554 argento
290 2476 389 2550 utitur,
407 2479 662 2554 quemadmodum
673 2479 826 2539 fictilibus.
856 2479 969 2538 lnfirrni
981 2477 1071 2536 animi

91 2571 139 2623 est
151 2562 217 2638 pati
232 2579 294 2624 non
312 2578 407 2637 posse
422 2561 554 2623 divitias.

154 2647 219 2708 Sed
239 2656 273 2707 ut
292 2645 383 2707 huius
406 2662 531 2722 quoque
552 2647 612 2707 diei
631 2648 772 2707 lucellum
791 2654 889 2707 tecum
905 2645 1099 2714 communi-7

91 2747 173 2803 cem,
191 2731 275 2806 apud
288 2731 475 2791 Hecatonem
490 2738 626 2791 nostrum
642 2731 743 2790 inveni
757 2731 964 2805 cupiditatium
980 2729 1070 2789 finem

92 2816 179 2875 ctiam
201 2815 243 2874 ad
264 2814 380 2874 timoris
397 2813 532 2874 remedia
548 2815 706 2890 proficere.
743 2814 944 2887 ,‚l)esines,
966 2814 1070 2888 inquit,

93 2897 243 2972 timere,
272 2899 305 2958 si
332 2913 494 2974 sperare
522 2898 724 2958 desieris.“
764 2897 871 2958 Dices:
893 2899 1070 2972 „quomodo

91 2982 147 3043 ista
168 2989 232 3043 tam
253 2982 378 3043 diversa
400 2983 511 3058 pariter
529 2987 639 3042 sunt‘t“
674 2983 792 3053 ltaest,
813 2981 853 3040 mi
868 2980 979 3042 Lucili:
1001 2997 1071 3041 cunr

93 3068 252 3128 videantur
272 3067 439 3140 dissidere,
467 3067 628 3130 coniuncta
645 3073 723 3127 sunt.
747 3065 1003 3140 quemadmodum
1021 3080 1070 3124 ea·

93 3151 158 3211 dem
172 3158 284 3212 catena
295 3158 326 3212 et
337 3152 507 3212 custodiam
519 3158 549 3210 et
560 3150 682 3212 militem
694 3151 831 3225 copulat,
847 3150 892 3209 sic
904 3151 977 3222 ista,
993 3164 1072 3222 quae

93 3242 149 3296 tam
166 3235 330 3297 dissimilia
344 3244 430 3307 sunt,
452 3236 563 3310 pariter
577 3235 734 3296 incedunt:
758 3250 845 3308 spem
859 3241 956 3294 metus
969 3233 1070 3307 sequi·

93 3326 146 3380 tnr.
189 3319 256 3380 Nee
276 3317 369 3380 miror
390 3320 448 3379 ista
469 3320 514 3380 sic
536 3320 595 3380 irae
624 3327 786 3393 utrumque
805 3316 966 3394 pendentis
981 3316 1100 3377 animis

93 3411 151 3479 est,
177 3411 345 3478 utrumque
372 3404 462 3465 laturi
487 3404 717 3479 exspectatione
741 3401 913 3464 sollicitum.
942 3400 1079 3460 maxima

93 3497 189 3551 autam
203 3487 367 3569 utriusque
381 3503 473 3547 cansa
489 3497 550 3562 est,
573 3488 661 3568 quod
676 3505 741 3552 non
756 3490 798 3552 ad
810 3486 1095 3568 praesentiaapta·
