2422 3862
126 217 187 281 128
435 219 467 277 L.
489 218 637 279 ANNAEI
659 210 833 279 SENECAE

98 372 257 432 idientem
284 370 313 430 in
342 387 405 431 rem
433 378 624 446 praesentem
651 369 815 430 adducant.
861 368 998 430 Sextium
1029 387 1101 432 ecce

126 471 193 515 curn
215 455 345 514 maxime
371 457 455 529 lego,
480 454 576 513 virum
599 469 715 529 acrem,
747 453 870 513 Graecis
898 453 1014 526 verbis,
1041 456 1100 517 Ro·

126 537 225 599 manis
241 537 378 600 moribus
393 537 671 613 philosophantem.
708 537 803 598 movit
814 553 862 597 me
877 539 979 612 imago
996 539 1035 598 ab
1051 538 1100 601 iiio

126 623 242 698 posita:
257 626 302 683 ire
316 623 464 699 quadrato
481 625 599 698 somine
613 624 790 695 exereitum,
805 621 856 682 ubi
869 623 959 682 hostis
971 622 1010 682 ab
1024 627 1103 684 omni

122 714 212 784 perte
231 710 382 782 suspectus
402 714 458 780 est,
477 723 600 782 poppae
616 713 778 780 peratum:
808 707 900 780 idem,
921 705 1034 781 inquit,
1054 723 1096 766 sa·

123 793 210 868 piens
221 791 329 864 facere
346 790 445 850 debet:
461 806 559 850 omnes
572 791 693 849 virtutes
706 805 777 849 sacas
790 790 922 864 undique
935 793 1100 865 expandat,

125 882 159 935 att
170 874 343 949 ubicumque
357 874 460 947 infesti
472 875 588 949 aliquid
599 875 724 946 orietur,
741 875 803 934 illic
811 878 928 949 pareto
944 877 1101 950 praesidio

126 961 185 1019 sint
197 965 226 1019 et
239 961 283 1018 ad
294 966 396 1018 nutum
411 961 538 1034 repentis
555 961 618 1018 sine
632 961 756 1017 tumultu
769 959 977 1032 respondeant.
1020 959 1103 1031 Quod

127 1045 157 1103 in
178 1045 355 1104 exercitibus
375 1045 425 1117 iis,
445 1059 516 1118 quos
535 1045 727 1117 imperatores
746 1043 848 1116 moeni
860 1042 1018 1116 ordinant,
1035 1045 1104 1117 fieri

126 1127 271 1200 uidemus,
287 1134 321 1187 ct
339 1130 494 1202 imperium
516 1129 600 1188 duas
619 1127 707 1186 simul
729 1141 827 1185 omnes
845 1127 949 1201 copiae
968 1130 1100 1196 sentiant,

126 1214 169 1272 sic
184 1212 349 1286 dispositae,
361 1217 396 1271 ut
406 1214 521 1286 sipnum
535 1212 573 1269 ab
586 1225 645 1270 uno
659 1210 761 1268 dotum
770 1210 901 1284 peditem
914 1211 1004 1270 simul
1017 1213 1101 1284 equi-

127 1302 240 1368 temque
252 1305 434 1369 percurrot:
456 1296 511 1355 hoc
532 1296 685 1369 aliquanto
706 1296 802 1367 mapis
821 1296 1022 1353 necessarium
1042 1311 1102 1354 esse

99 1380 210 1439 anobis
227 1377 281 1437 ait:
305 1376 345 1437 itti
367 1377 446 1438 eninr
470 1394 565 1453 saepe
588 1378 707 1437 hostem
723 1377 850 1437 timuere
868 1376 934 1434 sine
949 1385 1071 1438 causat
1093 1409 1102 1417 -

127 1461 339 1537 tissimumque
365 1460 424 1521 iilis
449 1462 505 1522 iter
532 1463 615 1536 quod
641 1460 906 1535 suspectissimum
932 1460 1002 1520 iuit=
1032 1460 1103 1520 nihii

128 1546 252 1607 stuttitia
265 1553 408 1621 pacatum
423 1545 523 1605 habet.
556 1552 615 1605 tarn
631 1559 765 1618 superne
779 1542 821 1603 ilii
836 1551 934 1604 metus
949 1552 997 1605 est
1013 1560 1103 1619 quam

127 1631 214 1690 inira.
254 1637 415 1704 utrumque
441 1627 573 1705 trepidat
596 1630 686 1688 latus.
724 1635 894 1704 sequuntur
915 1628 1055 1703 pericula
1076 1634 1103 1687 et

128 1721 300 1774 occurrunt.
324 1715 478 1774 adomnia
493 1720 598 1788 pavet,
620 1713 758 1786 inparata
774 1718 821 1772 est
836 1719 865 1771 et
878 1710 956 1786 ipsis
975 1719 1104 1772 terretur

127 1796 266 1858 auxiliis:
283 1796 408 1872 sapiens
424 1803 524 1857 autem
540 1796 578 1855 ad
594 1811 714 1856 omnem
729 1796 884 1855 incursum
899 1796 1044 1868 munitus,
1060 1796 1103 1855 in-

128 1888 244 1954 tentuS‚
266 1897 327 1940 non
348 1881 374 1940 si
396 1887 577 1956 paupertas,
591 1896 652 1940 non
673 1880 700 1938 si
720 1879 833 1955 tuctus,
857 1896 918 1939 non
935 1882 960 1938 si
976 1878 1102 1957 ignomi-

129 1966 193 2038 nia,
217 1982 277 2026 non
300 1966 326 2024 si
348 1965 436 2025 dolor
452 1966 587 2038 inpetum
603 1963 707 2034 iaciat,
725 1963 835 2037 pedem
856 1965 977 2023 reseret.
1015 1965 1103 2024 inter-

99 2048 204 2109 9ritus
220 2057 251 2108 et
271 2058 376 2108 contra
396 2048 447 2107 iila
467 2048 520 2107 ibit
539 2054 570 2106 et
583 2048 661 2106 inter
675 2047 735 2106 iiia.
771 2045 835 2107 Nos
851 2048 943 2107 multa
957 2047 1102 2122 adigant,

129 2133 221 2192 muita
237 2131 401 2192 debilitant.
433 2131 484 2192 diu
499 2131 528 2190 in
544 2132 610 2191 istis
627 2129 704 2191 vitiis
722 2128 887 2204 iaeuimus‚
905 2131 965 2191 eiui
981 2132 1104 2192 diiiiciie

129 2222 185 2275 est.
220 2231 282 2274 non
304 2216 382 2275 enirn
403 2213 551 2290 inquinati
572 2230 693 2287 sumus,
717 2213 773 2274 sed
787 2215 900 2274 iniecti.
932 2215 977 2274 Ne
994 2216 1033 2276 ab
1048 2216 1105 2275 aiia

130 2299 261 2372 imagine
286 2299 324 2358 ad
351 2299 439 2359 aliam
464 2307 672 2373 transeamus,
704 2298 775 2357 hoc
799 2314 997 2373 quaeram,
1022 2299 1103 2375 quod

131 2397 225 2458 saepe
244 2398 364 2444 mecum
385 2383 531 2459 dispicio,
555 2382 648 2458 qnid
674 2383 808 2442 itanos
834 2383 1007 2443 stultitia
1032 2391 1104 2443 tam

129 2467 390 2542 pertinaciter·
412 2473 563 2528 tenenti
597 2464 697 2527 Primo
720 2466 870 2541 quianon
894 2467 1104 2526 iortiteriilam

128 2552 305 2626 repellimus
331 2566 388 2611 ncc
413 2558 475 2612 toto
497 2552 535 2610 ad
562 2551 689 2611 satutem
710 2549 817 2625 inpetu
838 2549 974 2624 nitimur,
994 2551 1104 2611 deinde

131 2635 202 2709 quia
227 2636 293 2708 itta,
318 2651 396 2710 quae
422 2650 439 2694 a
466 2634 655 2710 sapientibus
680 2634 754 2694 viris
780 2641 904 2710 reperta
928 2642 1015 2708 sunt,
1044 2651 1104 2696 non

130 2716 205 2777 satis
221 2717 374 2778 credimus
396 2733 453 2777 nec
476 2718 590 2792 apertis
612 2718 788 2793 pectoribus
808 2718 966 2779 haurimus
986 2718 1104 2780 ieviter·

91 2808 123 2860 10
132 2816 191 2876 que
211 2808 271 2861 tam
291 2816 419 2875 magnae
440 2800 484 2860 rei
503 2802 679 2863 insistimus.
722 2801 984 2876 Quemadmodum
1005 2809 1105 2863 autem

131 2889 233 2959 potest
248 2882 375 2960 aliquis,
398 2893 542 2957 quantum
557 2887 631 2946 satis
652 2887 705 2962 sit,
721 2886 870 2947 adversus
888 2887 961 2947 vitia
974 2885 1104 2959 discere,

132 2968 181 3042 qui
199 2974 344 3042 quantum
358 2984 377 3026 a
391 2968 471 3028 vitiis
486 2978 589 3042 vacat,
610 2971 720 3031 discitt
754 2985 844 3030 nemo
860 2979 999 3032 nostrum
1017 2972 1047 3030 in
1063 2972 1103 3030 al-

130 3060 191 3111 tum
209 3051 378 3111 descendit.
413 3069 530 3112 summa
546 3062 660 3114 tantum
681 3053 893 3130 decerpsimus
915 3062 946 3116 et
962 3056 1104 3131 exiguum

130 3135 276 3208 temporis
296 3136 474 3211 inpendisse
490 3137 704 3213 philosophiae
719 3138 795 3198 satis
811 3137 995 3214 abundeque
1014 3155 1103 3200 occu—

88 3217 209 3292 11patis
226 3219 289 3279 init.
329 3220 403 3280 iilud
419 3221 586 3297 praecipue
604 3222 733 3297 inpedit,
758 3223 840 3298 quod
858 3224 917 3286 cito
934 3223 1025 3283 nobis
1042 3225 1103 3298 pia·

131 3317 250 3362 cemus:
280 3304 306 3363 si
330 3305 515 3379 invenimus,
546 3304 598 3380 qui
618 3322 676 3366 nos
696 3306 795 3368 bonos
818 3306 902 3368 viros
932 3306 1028 3380 dicat,
1054 3305 1104 3382 qui

129 3386 309 3462 prudentes,
328 3388 378 3464 qui
395 3397 535 3461 sanctos,
557 3388 762 3464 agnoscimus.
785 3407 846 3452 non
862 3408 968 3453 sumus
984 3391 1103 3452 modica

120 3466 299 3531 laudatione
313 3472 463 3534 contenti:
480 3473 627 3552 quicquid
641 3473 672 3534 in
686 3491 745 3537 nos
757 3476 972 3538 adulatiosine
986 3476 1101 3553 pudore
