2422 3862
127 226 189 290 206
414 222 447 281 L.
468 220 614 281 ANNAEl
641 219 816 281 SENECAE

81 412 87 427 2
146 383 149 389 ’
253 377 301 436 En
314 379 428 452 impero
441 375 550 450 Arpis:
560 390 660 449 ,reone
675 377 750 435 mihi
762 377 848 450 liquit
860 376 980 450 Pelops,

256 477 317 536 quo
329 466 419 537 ponto
434 459 589 520 1111131133
603 465 692 534 utque
707 461 745 520 ab
759 460 844 520 Ionio
858 462 939 519 muri

255 552 380 620 eruetur
393 544 528 617 Isthmos,

128 644 237 692 servus
253 637 314 689 est:
338 630 475 704 quinque
490 627 613 689 modios
628 628 785 703 accipitet
802 628 938 703 quinque
953 627 1110 690 denarios.

97 715 181 779 81113
203 713 255 788 qui
275 713 431 788 superbus
454 719 547 787 atque
563 711 706 788 inpotens
723 720 753 773 et
768 712 882 772 fiducia
899 711 1005 771 virium
1022 715 1111 773 tumi-

127 798 186 858 dus
200 798 256 857 ait:

217 884 297 957 qood
308 884 369 943 nisi
379 883 502 957 pueris,
519 881 672 953 Monetae,
687 881 746 942 hoe
762 881 873 940 dextro
887 883 1018 954 occides,

84 982 88 989 ·
127 967 270 1027 diurnum
288 966 416 1040 accipit,
437 966 467 1024 in
484 966 668 1049 centunculo
685 964 805 1025 dormit
840 965 924 1024 Idem
940 965 978 1024 de
995 966 1062 1026 istis
1076 968 1110 1026 li-

128 1057 177 1110 331
197 1051 338 1112 omnibus
361 1050 463 1125 dicas,
493 1065 574 1123 quos
593 1051 690 1123 'supra
711 1048 812 1123 capita
825 1048 983 1109 hominum
1000 1066 1111 1124 supra-

131 1149 191 1209 que
205 1135 324 1196 turbam
341 1135 490 1196 delicatos
502 1134 611 1195 lectica
625 1133 802 1208 suspendit:
826 1134 960 1193 omnium
982 1133 1110 1195 istorum

132 1228 297 1297 personata
313 1219 442 1280 felicitas
456 1226 513 1279 est.
536 1226 713 1280 contemnes
730 1216 815 1293 illos,
831 1217 858 1278 si
874 1217 1109 1292 despoliaveris.

101 1303 249 1378 9113113111
271 1312 430 1378 empturus
451 1302 530 1365 solvi
558 1303 645 1364 iubes
674 1309 811 1362 stratum.
858 1302 993 1364 detrahis
1019 1303 1108 1362 13311-

130 1395 232 1448 menta
247 1389 421 1460 venalibus,
439 1403 478 1448 ne
491 1404 553 1463 qua
569 1388 641 1449 vitia
651 1388 793 1463 corporis
808 1389 936 1448 lateant:
957 1386 1111 1447 hominem

128 1473 298 1534 involutum
314 1473 481 1533 3331111331
510 1487 680 1548 mangones
696 1472 843 1548 quicquid
860 1479 924 1547 331,
946 1471 1031 1546 quod
1048 1472 1111 1532 dis·

129 1557 255 1632 plicent,
286 1557 389 1632 aliquo
404 1554 558 1618 lenocinio
581 1557 790 1618 abscondunt:
814 1556 918 1633 itaque
939 1556 1112 1616 ementibus

129 1650 309 1703 ornamenta
323 1642 394 1717 ipsa
408 1649 556 1716 suspecta
571 1647 657 1701 sunt:
685 1642 752 1702 sive
777 1657 848 1702 orus
864 1641 1028 1716 adligatum
1045 1641 1112 1700 sive

129 1726 286 1787 brachium
308 1726 503 1800 adspicereS,
532 1725 641 1786 nudari
661 1726 784 1787 iuberes
805 1732 835 1785 et
856 1727 959 1801 ipsum
974 1725 1026 1785 tibi
1045 1741 1111 1784 331-

88 1819 121 1876 10
130 1826 190 1886 pus
208 1810 338 1872 ostendi.
364 1810 461 1870 Vides
473 1810 556 1871 illurn
570 1809 714 1887 Scythiae
728 1809 935 1871 Sarmatiaeve
948 1825 1051 1885 regem
1068 1809 1111 1867 in-

128 1893 207 1970 signi
228 1895 337 1969 3331113
359 1894 529 1956 decernant
557 1894 584 1954 si
608 1894 655 1955 vis
677 1895 760 1954 illurn
775 1895 938 1955 aestimare
954 1902 1112 1968 totumque

128 1979 223 2054 scire,
251 1980 351 2055 qualis
372 1980 425 2051 sit,
455 1977 584 2039 fasciam
605 1980 710 2039 solves
738 1979 863 2040 multum
885 1980 954 2039 mali
978 1978 1036 2039 sub
1061 1977 1112 2036 1113

127 2065 208 2124 13131.
244 2062 323 2136 Quid
339 2063 378 2122 de
395 2063 464 2125 aliis
479 2065 613 2138 loquore
641 2064 668 2122 si
683 2064 876 2139 perpendere
888 2071 919 2124 13
937 2065 1038 2136 voles,
1063 2076 1111 2121 se-

129 2163 210 2222 pone
226 2147 401 2221 pecuniam,
424 2148 565 2220 domum,
584 2147 776 2222 dignitatem:
808 2148 889 2208 intus
906 2155 935 2208 te
951 2150 1020 2223 ipse
1036 2162 1110 2207 con-

128 2229 249 2290 sidera=
272 2248 353 2290 nune
369 2233 469 2306 qualis
485 2233 545 2305 sis,
566 2231 635 2291 aliis
651 2232 763 2292 credis.
792 2233 880 2292 Vale.

382 2338 384 2343 ’
422 2369 697 2426 3113131111.
726 2371 798 2441 (er.)

382 2464 622 2518 8313331311113
642 2477 695 2518 suo
715 2477 854 2521 3111111311.

100 2575 114 2628 1
189 2567 332 2642 Quereris
355 2569 503 2630 incidisse
523 2577 553 2630 te
574 2569 604 2628 in
625 2567 779 2629 hominem
800 2568 966 2643 ingratum:
1002 2566 1030 2629 si
1051 2568 1112 2629 hoo

127 2669 208 2713 nune
225 2655 368 2728 primurn,
399 2669 456 2728 age
471 2660 525 2714 aut
539 2655 679 2713 1311111133
701 2660 752 2713 aut
767 2651 940 2727 diligentiae
955 2659 1026 2713 tuae
1042 2669 1110 2727 gra-

127 2737 196 2797 tias.
232 2737 289 2797 sed
309 2738 381 2798 nihil
404 2740 505 2798 133313
527 2737 679 2797 hocloco
702 2737 858 2812 diligentia
879 2743 982 2812 potest
1003 2737 1063 2797 nisi
1081 2746 1110 2798 te

128 2819 302 2895 malignum.
341 2838 409 2881 nam
432 2824 459 2882 si
480 2823 539 2882 hoc
558 2820 726 2896 perieulum
747 2823 844 2881 vitare
866 2821 1016 2895 13133113,
1047 2839 1109 2882 non

128 2903 217 2964 dabis
238 2905 402 2966 beneficia:
417 2907 458 2966 113
473 2923 512 2966 ne
528 2905 612 2980 apud
627 2904 719 2965 alium
736 2912 872 2980 pereant,
895 2906 977 2981 apud
992 2900 1025 2966 te
1039 2922 1109 2980 per-

128 2989 222 3048 ibunt.
242 2989 308 3049 Non
325 2991 534 3064 respondeant
549 2988 756 3065 potiusquam
772 3006 833 3049 non
849 2990 975 3050 dentur:
991 2998 1022 3050 31
1037 3000 1110 3065 post

129 3074 236 3132 malam
260 3081 394 3148 segetem
415 3076 578 3135 serendum
600 3081 657 3135 est.
692 3091 788 3150 saepe
810 3073 959 3150 quioquid
975 3074 1109 3148 perierat

129 3157 260 3217 adsidua
272 3157 405 3219 ¹infelicis
420 3160 479 3221 soli
491 3159 662 3234 sterilitate,
677 3159 769 3220 unius
785 3159 856 3219 anni
871 3159 1003 3220 restituit
1017 3160 1107 3219 uber·

98 3249 183 3302 1133.
219 3241 275 3303 Est
289 3241 378 3317 tanti,
401 3251 434 3305 ut
448 3252 567 3320 gratum
581 3244 735 3316 invenias,
764 3244 898 3319 experiri
914 3251 944 3304 et
958 3244 1106 3318 ingratos.

129 3341 218 3386 nemo
241 3326 334 3387 habet
354 3334 414 3388 tam
435 3336 548 3389 certam
573 3327 604 3388 in
625 3328 785 3390 benefieiis
810 3345 949 3400 manum,
983 3335 1016 3388 ul
1044 3345 1105 3388 non

128 3426 223 3487 saepe
244 3411 379 3472 lallatur=
416 3414 571 3487 aberrent,
600 3413 820 3490 utaliquando
842 3412 1003 3473 haereant:
1034 3419 1106 3487 post

111 3496 312 3572 naufragium
331 3497 430 3560 marie
452 3504 650 3577 temptantur.
689 3498 893 3561 leneratorem
910 3514 972 3558 non
987 3497 1105 3571 iugata
