2422 3862
211 241 381 303 EPISTUL.
393 242 488 305 MOR.
509 245 660 308 ttevtt.
682 245 741 307 ΕΡ.
755 255 783 307 5.
798 255 824 309 6.
846 254 904 322 (ol.
919 253 978 320 68.)
1021 247 1083 312 155

102 403 141 456 et
161 393 289 470 ipsum
310 395 425 457 otium
448 396 660 458 absconde.
701 398 811 460 boote
833 399 981 461 lecturum
1002 401 1083 465 Stoi·

101 479 343 541 corumretiamsi
358 496 423 541 non
432 487 612 556 praecepto,
629 483 812 558 at‘exemplo
824 483 896 544 licet
907 485 1008 546 scias:
1024 488 1082 549 sed

100 579 149 624 ex.
158 572 326 639 praecepto
342 580 467 639 quoque
480 564 590 625 iacias:
606 573 636 626 et
650 565 763 627 tibi*et
777 583 847 628 cum
860 569 958 643 voles,
970 570 1081 646 adpro·

101 647 201 707 babis.
225 647 290 709 Nae
303 648 346 710 nd
358 664 479 711 ornnem
493 650 712 725 rempublicam
728 649 871 713 mittimus
886 667 944 712 nec
960 667 1111 729 sempern

101 746 162 792 nee
176 732 251 792 sina
260 733 322 794 ullo
337 731 414 793 dno:
436 741 610 807 praeterea,
632 750 701 794 eum
717 734 848 811 sapienti
863 736 1083 812 rempublicam

100 814 312 891 ipso-dignam·
323 815 480 888 dedimus,
497 815 529 876 id
542 824 589 877 est
603 818 757 891 mundum,
775 835 836 881 non
850 826 896 881 est
908 829 1081 884 entrarem·
1179 854 1190 864 ·

101 900 273 975 publicam,
297 898 423 962 etiamsi,
436 902 616 962 recesserit:
639 901 735 962 immo·
747 902 1004 966 iorlasserelielo
1020 924 1081 968 uno

100 985 213 1058 angulo
229 984 259 1044 in
275 984 393 1044 maiora
405 993 497 1060 alque
509 985 655 1060 ampliora
666 987 773 1048 transit
787 995 818 1047 et
828 990 916 1049 coelo
929 989 1085 1065 inpositusv

99 1068 256 1143 intellegit,
272 1083 341 1129 cum
357 1068 463 1129 sellam
479 1075 530 1129 aut
543 1069 673 1131 tribunal
688 1070 903 1145 adscenderet,
917 1090 1009 1148 quam
1027 1074 1082 1135 hu-

99 1152 161 1212 mili
180 1153 253 1213 loeo
275 1151 400 1213 sederit.
433 1153 562 1228 Depone
580 1153 641 1215 hoc
660 1155 806 1228 epodus,
829 1172 998 1232 ntuuquam
1010 1159 1083 1233 plus·

102 1250 194 1312 ugare
214 1236 401 1311 sapientem,
425 1253 517 1312 quam
540 1253 609 1299 cum
631 1239 660 1298 in
677 1241 962 1313 conspectumeius
977 1242 1082 1303 divina

98 1327 192 1396 atque
209 1319 344 1380 bumana
368 1329 525 1383 venerunt.
560 1322 646 1382 Nune
670 1322 710 1383 ad
734 1323 809 1384 illud
830 1334 977 1399 revertor,
995 1328 1109 1400 quoda

99 1405 234 1465 suadere
254 1404 308 1465 tibi
330 1420 510 1481 coeperam,
525 1413 559 1466 ul
579 1408 697 1466 otium
712 1414 815 1470 tuum
830 1407 1003 1484 ignotum
1019 1412 1079 1471 sit.

98 1488 165 1548 Non
180 1495 244 1562 est,
266 1489 350 1564 quod
366 1489 517 1550 inscribas
532 1489 585 1550 tibi
609 1490 846 1566 philosophiam.
882 1501 974 1568 atque
989 1494 1079 1555 eliam

97 1572 184 1633 aliud
197 1573 360 1648 proposito
375 1581 427 1634 tuo
444 1589 555 1635 nomon
571 1575 706 1650 inpones.
725 1573 920 1636 ualitudinem
942 1584 972 1637 et
993 1577 1078 1637 inba-

97 1655 253 1717 oillitatem
281 1659 320 1731 [si
330 1659 384 1735 cis]
409 1673 491 1718 voca
514 1665 546 1718 et
570 1659 730 1721 desidiam.
766 1658 890 1733 gloriari
911 1660 972 1722 olio
994 1658 1078 1722 iners

96 1738 223 1801 ambitio
239 1748 295 1801 est.
330 1741 483 1804 Animalia
497 1743 648 1818 quaedam
670 1759 708 1803 ne
722 1742 851 1804 inveniri
874 1743 1009 1817 possint,
1026 1752 1108 1805 ves
1206 1766 1210 1773 ·

96 1824 190 1900 stigio
211 1840 269 1885 sua
289 1827 371 1887 circa
389 1826 490 1902 ipsum
511 1826 612 1887 cubile
633 1825 840 1887 contundunt:
862 1826 943 1889 idem
965 1826 1018 1888 tibi
1032 1828 1077 1887 la·

96 1908 240 1969 ciendum
256 1917 317 1970 est:
346 1909 481 1986 alioquin
496 1926 558 1970 nen
575 1909 717 1984 deerunt,
738 1909 791 1985 qui
807 1925 929 1986 semper
943 1927 1075 1987 sequan-

94 2001 154 2054 tur.
191 1992 277 2054 multi
299 2002 405 2069 aperta
425 2002 600 2066 transeunt,
619 1994 743 2055 condita
756 2001 787 2054 et
800 1993 944 2056 abstrusa
964 1996 1075 2058 riman·

97 2084 164 2138 tur:
194 2077 294 2138 iurem
317 2078 437 2154 signata
462 2079 636 2143 sollicitant.
680 2077 740 2139 vile
768 2077 902 2154 videtur,
929 2081 1076 2157 quicquid

96 2169 201 2237 patetz,
212 2169 319 2237 aperta
335 2161 530 2224 effractarius
541 2162 694 2238 praeterit.
722 2161 780 2223 hos
797 2179 898 2225 mores
913 2164 1007 2226 habet
1021 2182 1075 2242 po·

95 2246 207 2322 putus,
228 2245 286 2307 hos
301 2247 541 2323 inperitissimus
551 2248 700 2323 quisque:
721 2247 751 2307 in
766 2256 886 2309 secreta
900 2247 1074 2326 inrumpere

95 2328 190 2405 cupit
230 2327 383 2406 Optimum
402 2332 505 2408 imque
523 2339 571 2393 est
590 2348 652 2392 non
669 2333 781 2393 iactare
797 2333 894 2393 otium
909 2349 1014 2395 sunnia
1032 2334 1106 2394 iot

95 2413 199 2475 ctandi
221 2421 323 2475 autem
344 2431 441 2491 genus
463 2422 513 2476 est
533 2416 625 2477 nimis
643 2417 745 2477 latere·
759 2425 791 2477 et·
804 2433 823 2477 a
837 2425 1007 2493 conspeetu
1021 2417 1076 2477 lno-

95 2500 210 2559 minum
232 2498 394 2559 secedere:
416 2500 467 2559 ille
480 2500 644 2561 Tarentum
662 2516 698 2562 se
712 2499 838 2585 obdidit
873 2499 924 2560 ille
947 2499 1077 2575 Neapoli

94 2581 234 2644 inclusus
252 2589 308 2642 ast.
345 2584 394 2643 ille
419 2584 521 2645 multis
546 2584 634 2644 annis
655 2601 717 2646 uon
737 2584 856 2644 transiit
872 2583 984 2645 domus
998 2601 1079 2646 suae

95 2667 197 2728 limen.
238 2675 391 2729 convouat
414 2668 548 2740 turbam,
570 2666 714 2744 quisquis
728 2668 790 2728 otio
809 2683 866 2728 suo
879 2665 1016 2744 aliquam
1033 2668 1073 2729 lo·

96 2751 198 2811 bulam
230 2751 376 2827 inposuit.
423 2751 509 2811 Cum
539 2751 780 2827 secesseris,
808 2766 883 2812 non
914 2760 974 2813 est
1005 2752 1109 2819 hoco

95 2835 299 2910 agendum,
318 2844 357 2898 ut
378 2835 424 2897 do
445 2843 482 2896 to
503 2834 677 2896 homines
697 2838 923 2912 loquantur,
947 2836 1019 2898 sed
1039 2846 1079 2898 ul

94 2920 183 2995 ipse
201 2919 382 2996 loquaris
403 2927 536 2985 lecum.
571 2920 761 2997 quidautem
777 2922 900 2999 [tecum]
916 2922 1079 2997 loquarist

94 3005 181 3080 qaod
194 3003 337 3066 homines
351 3006 390 3065 de
406 3005 474 3066 aliis
488 3004 688 3072 libentissime
703 3004 831 3066 iaciunt:
846 3005 887 3065 de
901 3011 930 3065 te
945 3005 1029 3080 apud
1047 3015 1078 3067 le

94 3089 173 3149 male
188 3088 345 3149 existimat
366 3089 535 3150 adsuesces
552 3095 582 3149 et
602 3088 705 3150 dicere
719 3105 826 3150 verum
841 3096 871 3150 et
886 3090 1003 3150 audire.
1037 3089 1076 3148 id

93 3181 219 3234 autem
242 3173 402 3235 maxime
421 3181 562 3245 tracta,
592 3173 698 3249 quod
726 3173 763 3234 in
791 3181 826 3234 te
847 3189 938 3233 esso
961 3172 1076 3233 inlin-

94 3257 309 3318 missimum
331 3258 489 3318 senties.
525 3257 603 3318 Nota
618 3255 709 3317 habet
723 3258 856 3333 quisque
870 3255 944 3336 [sui]
962 3272 1073 3332 corpo·
1089 3260 1104 3314 7

93 3341 136 3400 ris
160 3341 243 3404 vitia.
288 3342 390 3418 tuque
419 3341 500 3403 alius
522 3340 637 3402 vomitu
664 3342 745 3401 levat
760 3340 971 3412 stomachum,
998 3342 1078 3400 alius

94 3424 290 3501 [aJlrequenti
311 3427 379 3486 cibo
401 3427 500 3500 lirlclt,
525 3426 603 3487 alius
626 3425 809 3502 interposito
823 3424 943 3486 ieiunio
964 3438 1088 3496 eorpus

94 3508 232 3568 exinanit
250 3518 281 3568 et
297 3519 418 3585 purgat.
456 3509 492 3587 ii,
519 3527 656 3591 quorum
670 3511 776 3592 pedes
790 3512 884 3575 dolor
899 3507 1116 3585 repetitam
