2422 3862
141 214 202 277 426
452 219 482 273 L.
494 215 632 275 ΑΝΝΑΕΙ
650 215 813 274 SENECAE

140 388 205 427 men
226 371 272 425 ille
293 375 376 441 atque
390 370 493 426 laetitia
508 370 613 439 abeis,
637 370 683 441 qui
704 369 771 426 nihil
789 361 972 443 perdiderunt
994 371 1121 444 nihilque

140 455 321 524 invenerunt,
336 454 474 528 veraciter
490 455 676 526 exprimatur,

91 545 127 601 36
198 537 289 604 „Huic
303 543 413 608 tamen,
431 538 533 610 inquit,
549 538 635 593 furori
651 543 757 594 certum
773 544 883 610 tempus
899 543 958 593 est=
974 541 1120 596 tolerabile

141 628 182 678 est
199 623 286 677 semel
302 623 331 676 in
347 638 420 678 anno
441 622 574 684 insanire.
604 622 636 676 In
655 619 821 692 Capitolium
839 622 974 694 pervenis
1002 623 1121 694 pudebit

139 706 297 778 publicatae
314 705 485 771 dementiae,
510 705 586 776 quod
601 706 653 761 sibi
675 721 766 761 vanus
786 707 863 760 iuror
879 706 1000 760 attribuit
1020 705 1120 762 oflicii:

139 789 210 846 alius
225 789 337 844 nomina
352 789 406 845 deo
424 790 536 855 subicit,
553 790 624 844 alius
638 788 724 844 horas
737 790 796 847 lovi
807 790 933 857 nunciat,
950 789 1022 844 alius
1040 791 1120 845 lictor

139 878 194 938 est,
211 873 282 927 alius
301 878 413 938 unctor,
430 873 477 942 qui
489 889 563 930 vano
574 880 650 929 motu
660 871 840 929 brachiorum
852 873 972 928 imitatur
988 889 1119 944 unguen-

138 962 203 1011 tem.
229 960 292 1010 sunt
313 971 386 1026 quae
400 958 499 1012 lunoni
512 973 546 1013 ao
559 957 705 1014 Minervae
720 958 836 1028 capillos
852 957 1018 1028 disponant:
1034 958 1119 1029 longe

137 1055 154 1093 a
174 1040 292 1110 templo,
313 1055 369 1094 non
391 1046 495 1096 tantum
510 1058 526 1096 a
541 1042 689 1096 simulacro
704 1045 809 1095 stantes
825 1041 927 1111 digitos
941 1046 1058 1095 movent
1073 1057 1115 1095 or-

137 1121 261 1176 nantium
276 1123 370 1179 modo.
389 1131 452 1179 suot
467 1141 539 1196 quae
553 1125 698 1198 speculum
709 1129 834 1189 teneant,
847 1129 911 1178 sunt
925 1125 974 1193 qui
984 1122 1022 1178 ad
1037 1123 1117 1180 vadi·

136 1205 231 1260 monia
246 1221 298 1260 sua
321 1207 391 1263 deos
414 1207 569 1277 advocent,
596 1214 660 1262 sunt
679 1209 727 1278 qui
748 1208 856 1263 libellos
872 1206 993 1262 offerant
1012 1213 1040 1261 ct
1057 1208 1117 1261 illos

119 1304 252 1373 ⁸causam
267 1305 347 1345 suam
363 1290 491 1347 doceant.
517 1291 615 1359 doctus
630 1289 825 1356 archimimus,
841 1307 930 1346 senex
945 1289 1002 1344 iam
1017 1290 1117 1344 decre·

135 1373 225 1443 pitus,
247 1374 370 1444 quotidie
391 1375 419 1429 in
435 1374 569 1447 Capitolio
584 1376 699 1430 mimum
717 1377 832 1446 agebat,
849 1374 929 1445 quasi
946 1372 985 1427 dii
999 1373 1118 1428 libenter

137 1461 310 1527 spectarent,
328 1474 410 1529 quem
425 1458 554 1515 homines
569 1455 726 1514 desierant=
745 1474 828 1513 omne
844 1459 898 1512 illic
912 1454 1051 1512 artificum
1068 1473 1117 1529 ge-

137 1555 189 1594 nus
208 1542 382 1612 operantium
398 1543 450 1599 diis
466 1543 667 1598 Immortalibus
683 1540 824 1603 desidet.“

201 1631 228 1680 et
242 1627 327 1696 paulo
344 1632 422 1697 posta

89 1702 123 1759 37
202 1707 254 1776 ,,Ηί
274 1714 383 1780 tamon,
403 1710 504 1780 inquit,
529 1709 636 1764 etiamsi
651 1723 858 1779 supervacuum
873 1722 969 1774 usum,
987 1721 1044 1760 non
1059 1711 1118 1759 tur-

135 1805 201 1860 pem
218 1806 270 1846 nec
285 1792 416 1848 intamem
430 1793 485 1849 deo
502 1793 677 1865 promittunts
693 1791 793 1846 sedent
808 1790 948 1862 quaedam
962 1790 990 1843 in
1002 1787 1118 1860 Capito-

136 1873 188 1942 lio,
204 1889 276 1944 quae
293 1892 324 1930 se
341 1892 358 1930 a
373 1877 440 1933 lovc
452 1877 539 1938 amari
553 1881 650 1947 putant
666 1891 720 1930 nec
733 1875 846 1930 Iunonis
864 1873 995 1944 quidem,
1014 1873 1039 1926 si
1056 1888 1116 1927 ere-

137 1956 205 2011 dere
220 1959 311 2029 poe'tis
327 1960 412 2028 velis,
424 1960 670 2028 iracundissimae,
685 1963 817 2029 respectu
832 1957 1001 2012 terrentur.“

90 2044 126 2100 38
198 2040 276 2096 Hanc
292 2043 446 2098 libertatem
458 2044 548 2099 Varro
564 2059 620 2098 non
634 2041 745 2099 habuit:
766 2039 957 2097 tantummodo
975 2040 1119 2111 poeticam

135 2120 306 2194 theologiam
323 2124 535 2196 reprehendere
556 2143 642 2182 ausus
664 2132 722 2194 est,
748 2126 859 2181 civilem
878 2138 936 2178 nou
956 2138 1045 2177 ausus
1067 2131 1118 2190 est,

136 2221 219 2276 quam
234 2207 286 2262 iste
302 2209 430 2264 concidit.
457 2208 516 2266 Sed
531 2211 555 2265 si
572 2225 671 2266 verum
689 2209 881 2276 attendamus,
896 2205 1040 2261 deteriora
1056 2215 1120 2260 sunt

146 2291 254 2361 ampla,
270 2291 317 2346 ubi
333 2290 404 2347 haec
419 2299 553 2364 aguntur,
566 2309 649 2364 quam
663 2292 788 2361 theatra,
805 2292 850 2348 ubi
870 2289 1025 2360 linguntur.
1043 2289 1119 2344 unde

73 2419 77 2426 .
135 2372 163 2426 in
176 2371 220 2427 his
236 2375 324 2429 sacris
340 2376 429 2431 civilis
444 2375 602 2449 theologiae
619 2374 671 2430 has
686 2383 781 2447 partes
796 2375 889 2447 potius
906 2373 992 2444 elegit
1006 2371 1120 2428 Seneca

134 2457 265 2527 sapienti,
290 2465 319 2513 ut
338 2475 387 2514 eas
408 2461 436 2514 in
453 2461 537 2515 animi
552 2460 689 2531 religione
705 2474 761 2514 non
776 2458 879 2515 habeat
894 2455 947 2511 sed
962 2457 990 2509 in
1011 2458 1118 2512 actibus

134 2538 231 2612 tingat.
254 2543 291 2597 ait
308 2543 396 2598 enims

196 2624 294 2694 „Quae
306 2626 400 2681 omnia
414 2627 528 2698 sapiens
540 2627 664 2682 servabit
673 2632 815 2696 tamquam
825 2623 935 2694 legibus
949 2623 1046 2691 iussa,
1063 2638 1119 2676 non

134 2711 277 2778 tamquam
292 2710 345 2764 diis
363 2711 472 2781 grata.“

89 2783 123 2838 39
198 2797 224 2844 et
238 2794 323 2861 paulo
340 2799 418 2863 post:

198 2871 304 2942 „Quid
331 2876 408 2945 quod
430 2882 457 2931 ct
471 2876 658 2944 matrimonia,
686 2876 789 2946 inquit,
816 2873 935 2927 deorum
952 2873 1119 2945 iungimus?

134 2958 162 3007 et
175 2969 210 3009 nc
224 2956 271 3026 pie
288 2958 415 3028 quidem,
433 2961 546 3015 tratrum
564 2975 598 3014 ac
612 2975 755 3014 sororum:
773 2958 919 3013 Bellonam
932 2955 1016 3012 Marti
1032 2959 1120 3013 collo-

133 3051 245 3108 camus,
257 3040 383 3097 Vulcano
394 3043 551 3108 Venerem,
564 3041 693 3114 Neptuno
705 3040 852 3100 Salaciam.
870 3039 1013 3108 quosdam
1025 3046 1120 3096 tamen

133 3122 254 3178 caelibes
265 3125 459 3196 relinquimus,
471 3126 551 3197 quasi
561 3125 682 3182 conditio
694 3125 836 3192 deiecerit,
848 3124 1021 3193 praesertim
1034 3141 1122 3196 quum

134 3206 273 3272 quaedam
292 3208 397 3264 viduae
418 3209 486 3278 sint,
509 3214 539 3264 ut
558 3210 712 3280 Populonia
732 3211 779 3267 vel
793 3208 916 3278 Fulgore
932 3211 961 3261 et
977 3207 1047 3264 diva
1063 3207 1121 3263 Ru·

133 3289 222 3358 mina,
239 3291 339 3360 quibus
354 3306 411 3345 non
425 3293 510 3346 miror
524 3293 671 3363 petitorem
687 3292 841 3348 deluisse.“

86 3389 88 3393 ¹
193 3372 334 3443 „Omnem
355 3375 436 3429 istam
457 3375 608 3445 ignobilem
630 3376 748 3431 deorum
771 3377 894 3442 turbam,
921 3391 1010 3444 quam
1034 3379 1121 3448 longo

120 3470 195 3515 aevo
224 3459 315 3534 longa
342 3458 505 3535 superstitio
531 3461 690 3534 congessit,
713 3460 770 3530 sic,
793 3459 895 3530 inquit,
923 3459 1113 3517 adorabimus
