2422 3862
132 218 174 281 28
431 218 462 276 L.
484 217 629 276 ANNAEI
653 216 829 277 SENECAE

131 379 159 430 et
179 385 262 430 mors
283 367 348 444 ipsa
364 369 455 428 vitam
470 367 657 428 honestabit:
680 367 778 427 cicuta
793 382 933 441 magnum
948 365 1105 428 Socratem

131 451 296 528 [conJieoit.
324 452 427 512 Catoni
439 451 571 526 gladium
583 452 771 511 adsertorem
784 450 928 511 libertatis
940 459 1107 527 extorques

90 547 269 612 lomagnam
287 544 402 611 partem
415 536 583 596 detraxeris
595 536 720 609 gloriae.
754 534 882 593 Nimium
894 534 946 594 diu
957 541 986 594 te
997 535 1107 596 cohor·

128 630 185 696 tor,
207 637 273 681 curn
289 619 344 680 tibi
357 618 564 680 admonitione
579 617 677 694 magis
693 633 784 692 quarn
798 617 1011 678 exhortatione
1025 635 1107 695 opus

130 706 177 766 sit.
205 721 267 765 non
288 704 318 763 in
340 704 495 763 diversum
516 709 547 763 te
567 709 709 763 enatura
723 710 774 763 tua
788 702 944 762 ducimuss
967 711 1057 764 natus
1073 719 1108 764 es

130 790 169 849 ad
189 789 263 862 ista,
286 802 366 863 quae
386 787 526 847 dicimus.
563 802 600 846 eo
621 786 719 861 magis
739 787 853 846 bonum
870 793 954 847 tuum
976 803 1056 862 auge
1079 795 1109 848 et

130 889 256 933 exorna.
609 893 611 898 ·

88 962 122 1017 16
193 954 255 1016 Sed
275 956 336 1015 iam
356 953 448 1013 linem
469 954 619 1030 epistulae
636 953 759 1024 faciam,
783 952 810 1013 si
827 952 869 1012 illi
883 954 1004 1028 signum
1019 969 1109 1014 suum

130 1041 324 1114 inpressero,
349 1038 380 1113 id
402 1044 449 1097 est
468 1038 600 1113 aliquam
621 1037 812 1112 magnificam
828 1051 936 1097 vocem
953 1039 1109 1112 periercn·

130 1123 504 1184 damadtemandavero.
534 1120 998 1196 „interceteramalahoc
1015 1138 1109 1196 quo-

131 1224 203 1282 que
230 1204 347 1267 lra'bet
375 1205 564 1270 stultitia:
596 1220 749 1279 semper
776 1205 916 1279 incipit
945 1207 1107 1265 vivere.‘⁴

131 1291 299 1352 Considera
313 1290 388 1365 quid
404 1305 465 1349 vox
478 1288 538 1349 ista
551 1289 717 1364 significet,
731 1289 825 1348 Lucili
837 1289 971 1348 virorum
983 1291 1108 1364 optime,

131 1382 162 1435 et
181 1375 356 1448 intelleges,
385 1389 476 1448 quam
501 1374 594 1434 ioeda
620 1373 659 1433 sit
683 1372 837 1433 hominurn
864 1371 971 1432 levitas
998 1373 1110 1433 cotidie

130 1474 212 1519 nova
230 1459 311 1518 vitae
333 1457 529 1517 fundamenta
549 1457 741 1533 ponentium,
764 1471 861 1516 novas
884 1471 958 1530 spes
973 1457 1063 1516 etiam
1079 1457 1109 1516 in

92 1543 215 1606 llexitu
231 1541 446 1601 inchoantium.
481 1540 689 1616 Circumspice·
708 1547 809 1601 lecum
826 1540 979 1614 singulos:
1002 1556 1109 1601 occur·

132 1634 198 1685 rent
217 1623 270 1686 tibi
291 1640 399 1699 senes,
426 1625 477 1700 qui
500 1641 534 1686 se
552 1640 620 1685 cunr
636 1623 766 1684 maxime
780 1624 820 1683 ad
836 1623 1046 1696 ambitionem,
1070 1624 1110 1683 ad

133 1711 412 1785 peregrinationes,
439 1709 476 1768 ad
502 1707 718 1784 negotiandum
741 1715 857 1783 parent.
885 1707 959 1781 quid
977 1716 1030 1769 est
1047 1715 1108 1767 tur-

132 1793 201 1869 pius
217 1810 309 1868 quam
324 1806 422 1854 senex
435 1792 540 1853 vivere
554 1792 724 1867 incipienst
755 1792 821 1852 Non
836 1791 989 1851 adicerem
1004 1800 1108 1853 aucto-

132 1894 195 1937 rem
217 1877 312 1957 [huio]
332 1877 416 1949 voci,
445 1875 503 1935 nisi
525 1883 609 1936 esset
630 1875 777 1936 secretior
802 1891 860 1935 nec
885 1875 962 1936 inter
987 1877 1110 1950 volgata

131 1961 254 2036 Epicuri
274 1961 370 2034 dicta,
396 1976 475 2036 quae
495 1960 566 2019 milri
582 1966 611 2020 et
626 1960 751 2020 laudare
765 1967 796 2019 et
809 1959 957 2033 adoptare
972 1959 1109 2034 permisi.

130 2045 217 2104 Vale.

368 2158 372 2163 ’
433 2161 651 2218 EPISTULA
676 2161 709 2216 11.
737 2162 808 2233 (14.)

385 2257 496 2307 Sunuci
511 2256 621 2307 Lucruro
639 2267 690 2307 suo
707 2264 845 2308 susurru.

106 2390 122 2445 1
194 2379 303 2438 Fateor
321 2375 442 2438 insitam
462 2390 534 2437 esse
556 2376 646 2437 nobis
667 2377 805 2452 corporis
828 2377 923 2436 nostri
945 2377 1110 2437 caritatem.

132 2463 229 2524 iateor
249 2477 307 2523 nos
328 2459 418 2521 huius
438 2475 547 2535 gerere
561 2461 694 2521 tutelam.
719 2476 781 2520 non
798 2475 875 2539 nego
889 2459 1110 2535 indulgendum

132 2547 188 2606 illi:
216 2546 411 2607 serviendum
432 2558 522 2618 nego.
551 2544 651 2604 multis
673 2545 752 2604 enirn
769 2544 896 2614 serviet,
920 2544 971 2619 qui
987 2543 1111 2619 corpori

132 2630 240 2704 servit,
263 2631 315 2704 qui
331 2644 388 2704 pro
404 2628 456 2688 illo
471 2629 594 2689 nimium
608 2628 707 2701 timet,
729 2629 781 2702 qui
798 2628 838 2688 nd
855 2628 929 2688 illud
946 2629 1048 2688 omnia
1063 2642 1125 2708 re,

102 2714 198 2774 liert.
236 2711 287 2773 Sic
298 2728 405 2788 gerere
417 2726 474 2773 nos
487 2713 649 2786 debemus,
665 2729 725 2772 non
739 2721 892 2786 tamquam
904 2719 1032 2787 propter
1044 2727 1109 2771 cor-

131 2813 190 2874 pus
213 2797 316 2856 vivere
336 2796 519 2869 debeamuS,
542 2797 599 2857 sed
619 2803 772 2871 tamquam
793 2812 854 2857 non
869 2795 1028 2871 possimus
1043 2796 1111 2856 sine

132 2894 272 2956 corpore.
294 2879 385 2941 huius
400 2896 457 2942 nos
473 2881 583 2941 nimius
599 2897 685 2941 amor
698 2880 857 2941 timoribus
868 2880 1032 2954 inquietat,
1049 2881 1110 2940 sol·

120 2963 337 3033 ,licitudinibus
351 2972 471 3038 onerat,
494 2964 685 3026 contumeliis
700 2964 802 3025 obicit.
829 2964 992 3024 honesturn
1006 2964 1035 3026 ei
1052 2962 1111 3023 vile

132 3056 192 3122 est,
216 3047 264 3108 cui
286 3064 400 3124 corpus
420 3047 508 3110 nimis
530 3065 634 3109 carum
653 3056 709 3109 cst.
738 3056 845 3123 agatur
859 3047 927 3108 eius
942 3049 1108 3123 diligentis·

132 3132 209 3193 sime
223 3147 312 3205 cura,
328 3132 372 3193 ita
386 3140 499 3206 tamen,
521 3141 554 3194 ut
569 3149 637 3194 curn
653 3132 755 3206 exiget
768 3134 860 3206 ratio,
882 3148 950 3192 curn
966 3132 1109 3207 dignitas7

102 3220 199 3276 boum
220 3215 314 3290 fides,
338 3217 516 3278 mittendum
537 3216 567 3277 in
590 3216 677 3292 ignes
693 3217 741 3276 sit.
776 3215 992 3289 Nihilominus,
1014 3232 1109 3292 quan·

130 3308 192 3361 turn
213 3316 396 3375 possumus,
424 3300 572 3361 evitemus
594 3301 788 3361 incommoda
807 3316 947 3375 quoque,
968 3317 1030 3361 non
1045 3308 1110 3360 tan-

131 3394 191 3445 turn
214 3386 363 3460 pericula,
390 3392 420 3446 et
445 3386 480 3444 in
510 3393 628 3446 tutum
656 3400 726 3445 nos
748 3384 976 3444 reducamus
999 3399 1110 3444 exco-

120 3468 299 3539 gitantes
320 3469 502 3544 subinde,
525 3468 666 3545 quibus
689 3471 846 3544 possint
862 3468 1030 3528 timenda
1048 3467 1110 3527 de·
