2422 3862
153 225 216 292 etts
446 225 479 285 u.
499 225 645 286 Annnm
666 179 840 286 sunnone
896 270 899 275 .

152 383 210 446 tias
225 399 316 458 quam
327 396 488 446 venenum.
503 377 617 455 ‚,Vive,
630 377 736 454 inquit,
747 377 898 438 beneficio
911 393 995 451 meo,
1007 377 1136 456 Pyrrhe,

153 475 183 527 et
210 467 325 542 gaude,
358 464 444 541 quod
471 462 572 524 adhuc
593 462 736 536 dolebas,
760 461 934 523 Fabricium
954 479 1016 523 non
1038 478 1139 538 posse

123 551 337 627 tcorrumpi.“
372 548 516 610 Horatius
533 548 641 608 Coeles
664 548 751 608 solus
772 546 900 621 inplevit
918 547 1021 621 pontis
1040 563 1137 622 angu-

153 634 228 696 stias
244 634 399 710 adimique
420 649 439 693 a
454 640 543 706 tergo
555 631 613 692 sibi
628 631 773 706 reditum,
795 631 961 693 dummodo
982 632 1039 691 iter
1052 630 1137 691 hosti

153 719 335 794 auferretur,
357 717 448 778 iussit
467 724 498 777 et
517 723 577 776 tam
598 715 651 776 diu
665 715 873 791 prementibus
886 715 1009 787 restitit,
1035 715 1138 776 donec

152 805 276 865 revulsa
290 803 404 877 ingenti
416 799 505 861 ruina
518 798 602 875 tigna
617 807 794 861 sonuerunt
818 807 983 875 postquam
998 799 1139 875 respexit

152 897 182 949 et
196 894 283 948 extra
298 887 467 963 periculum
481 899 553 945 esse
568 885 695 960 patriam
707 883 844 959 periculo
862 900 919 946 suo
936 884 1048 945 sensit:
1063 899 1138 958 „ve-

152 973 229 1046 niet,
251 971 277 1031 si
299 971 370 1046 quis
391 971 468 1043 vult,
490 968 603 1044 inquit,
629 968 674 1028 sic
689 977 810 1030 euntem
825 968 934 1044 sequi“
953 969 1087 1044 iecitque
1102 983 1139 1028 se

152 1056 182 1115 in
198 1069 365 1130 praeeeps,
386 1060 417 1114 et
436 1069 497 1114 non
517 1054 618 1114 minus
639 1052 788 1114 sollicitus
808 1052 838 1112 in
854 1054 906 1114 illo
920 1053 1137 1128 rapido'alveo

153 1138 302 1212 fluminis,
325 1145 360 1199 ut
380 1144 515 1199 armatus
538 1154 629 1213 quam
649 1144 684 1198 ut
706 1140 811 1199 salvus
826 1138 937 1213 exiret,
955 1145 1072 1199 retento
1088 1153 1137 1196 ar·

152 1239 271 1283 morum
286 1222 456 1282 victricium
470 1224 584 1283 decore
600 1230 660 1283 tarn
676 1229 758 1283 tutus
771 1222 875 1295 rediit,
892 1237 983 1297 quam
1000 1221 1027 1282 si
1042 1228 1138 1297 ponte

123 1307 299 1373 evenisset.
320 1307 406 1367 Haec
423 1313 453 1366 et
470 1304 646 1367 huiusmodi
661 1307 742 1366 lacta
756 1305 919 1382 imaginem
930 1306 1020 1368 nobis
1033 1315 1137 1368 osten-

154 1393 227 1452 dere
249 1392 376 1451 virtutis.
412 1390 558 1463 adiciam,
586 1390 670 1466 quod
691 1391 799 1452 mirum
827 1394 960 1452 tortasse
982 1391 1134 1452 videatur:

153 1476 233 1535 mala
252 1475 402 1536 interdum
425 1474 561 1550 speciem
582 1474 703 1535 honesti
724 1476 861 1537 obtulere
883 1482 913 1536 et
935 1477 1082 1551 optimum
1097 1493 1139 1536 ex

154 1560 305 1621 contrario
326 1560 421 1620 nituit.
450 1566 522 1619 sunt
536 1558 629 1630 enim,
651 1565 685 1618 ut
699 1560 777 1632 scis,
800 1561 960 1620 virtutibus
976 1560 1048 1620 vitia
1063 1577 1139 1622 con·

153 1644 226 1703 linia
247 1651 277 1704 et
299 1644 425 1720 perditis
441 1659 566 1719 quoque
584 1658 620 1702 ac
642 1643 782 1718 turpibus
798 1644 873 1703 recti
890 1643 1054 1705 similitudo
1074 1655 1139 1706 esta

154 1729 199 1787 sic
217 1728 358 1788 mentitur
380 1725 528 1802 prodigus
549 1726 719 1800 liberalem,
740 1743 809 1787 cum
832 1728 992 1802 plurimum
1008 1727 1139 1804 intersit,

153 1820 252 1871 utrum
268 1811 337 1887 quis
353 1812 427 1872 dare
443 1812 521 1871 sciat
537 1827 575 1870 an
590 1826 716 1871 servare
731 1814 857 1876 nesciat.
885 1814 983 1886 multi,
1000 1812 1139 1888 inquam,

154 1902 240 1969 sunt,
262 1894 373 1969 Lucili,
398 1894 450 1971 qui
471 1912 534 1956 non
549 1895 678 1970 donant,
702 1896 759 1955 sed
780 1896 942 1971 proiciunt.
976 1913 1038 1956 non
1057 1915 1139 1959 voco

154 1995 212 2054 ego
234 1977 390 2040 liberalem
411 1981 559 2054 pecuniae
580 1995 656 2040 suae
671 1979 790 2040 iratum.
822 1981 953 2041 imitatur
972 1983 1140 2056 neglegen-

125 2064 194 2122 9tia
217 2062 407 2134 facilitatem,
427 2064 582 2124 temeritas
603 2064 818 2125 fortitudinem.
853 2066 938 2125 llaec
959 2081 1017 2124 nos
1032 2066 1139 2126 simili-

153 2146 226 2206 tudo
240 2147 341 2222 coegit
352 2147 518 2207 adtendere
530 2153 559 2206 et
574 2147 760 2222 distinguere
771 2149 876 2223 specie
889 2147 1012 2222 quidem
1024 2149 1139 2223 vicina,

153 2244 186 2287 re
198 2236 297 2289 autern
313 2230 475 2305 plurimum
492 2230 570 2291 inter
584 2247 619 2291 se
636 2232 825 2292 dissidentia.
847 2233 917 2293 dum
934 2233 1140 2294 observamus

154 2328 224 2384 eos,
243 2329 322 2388 quos
337 2313 474 2388 insigues
490 2316 645 2390 egregium
661 2333 740 2390 opus
755 2317 885 2390 lecerat,
909 2318 1068 2392 coepimus
1084 2319 1140 2378 ad-

153 2402 274 2472 notare,
290 2396 439 2472 quierem
454 2399 587 2474 aliquam
602 2415 755 2474 generoso
771 2400 872 2461 auimo
888 2401 1015 2462 lecisset
1030 2408 1061 2461 et
1073 2419 1139 2463 ma-

153 2496 214 2555 gno
236 2482 351 2557 inpetu.
382 2483 438 2543 sed
460 2485 548 2545 simul
568 2483 651 2544 hunc
672 2483 804 2543 vidimus
819 2484 849 2542 iu
865 2483 945 2546 bello
962 2486 1086 2557 fortem,
1109 2488 1140 2545 in

153 2565 220 2626 loro
243 2567 393 2639 timidum,
416 2568 554 2639 animose
575 2576 786 2643 paupertatem
802 2569 963 2641 ferentem,
983 2570 1143 2631 humiliter

153 2647 322 2711 infamiam:
366 2653 478 2712 lactum
512 2652 718 2725 laudavimus,
753 2652 995 2728 contempsimus
1028 2655 1140 2714 virum.

113 2733 251 2796 lttAlium
268 2736 399 2796 vidimus
415 2738 567 2797 adversus
583 2736 700 2797 amicos
714 2737 895 2811 benignum,
911 2738 1064 2798 adversus
1081 2738 1139 2797 ini·

153 2815 250 2876 micos
272 2825 487 2893 temperatum,
509 2827 539 2880 et
558 2820 681 2896 publica
703 2829 733 2881 et
756 2821 873 2895 privata
893 2827 998 2880 sancte
1015 2838 1052 2881 ac
1068 2823 1138 2881 reli-

153 2899 241 2975 giose
262 2901 537 2979 administrantem,
560 2921 620 2964 non
643 2904 756 2964 deesse
777 2905 804 2963 ei
826 2904 854 2963 in
876 2905 939 2977 his,
964 2920 1044 2980 quae
1059 2907 1137 2965 tole-

153 2983 359 3058 reinduerunt,
375 2988 561 3062 patientiam,
574 2990 605 3048 in
616 2988 681 3062 his,
695 3005 774 3063 quae
785 2989 919 3063 agenda,
934 2989 1140 3062 prudentiam.

154 3065 300 3138 vidimus,
322 3069 373 3129 ubi
388 3070 582 3134 tribuendum
596 3079 694 3145 esset,
719 3074 809 3147 plena
824 3088 916 3132 manu
931 3073 1069 3146 dantem,
1084 3075 1139 3134 ubi

154 3148 369 3227 laborandum,
387 3158 572 3229 pertinacem
588 3164 618 3217 et
631 3157 777 3217 obnixum
794 3163 824 3216 et
838 3157 1050 3216 lassitudinem
1070 3174 1138 3218 cor-

154 3233 238 3306 poris
254 3237 354 3300 animo
370 3240 592 3300 sublevantem.
617 3248 776 3315 praeterea
792 3240 873 3300 idem
889 3249 954 3299 erat
968 3257 1092 3316 semper
1108 3250 1139 3303 et

153 3317 182 3376 in
201 3321 282 3381 omni
296 3329 366 3382 actu
381 3339 437 3398 par
451 3322 524 3398 sibi,
546 3325 605 3384 iam
620 3341 682 3385 non
696 3325 825 3386 consilio
841 3325 955 3398 bonus,
976 3325 1034 3384 sed
1050 3342 1141 3385 more

154 3415 190 3462 eo
212 3405 392 3480 perductus,
421 3415 455 3468 ut
479 3425 542 3469 non
563 3414 678 3468 tantum
698 3416 782 3469 recte
803 3409 904 3469 lacere
927 3416 1050 3484 posset,
1079 3410 1138 3469 sed

153 3485 211 3547 nisi
231 3497 314 3550 recte
337 3491 439 3552 lacere
459 3508 520 3552 non
542 3499 664 3567 posset=
696 3494 899 3554 intelleximus
921 3494 951 3553 in
966 3493 1017 3553 illo
1034 3495 1136 3567 perle-
