2422 3862
246 262 707 326 EPtSTttt.tuott.L113.xtx.
729 265 824 328 uuo.
839 271 928 341 (tra)
1018 268 1080 334 ott

102 415 213 476 animal
229 422 291 475 cst:
317 429 419 475 sermo
435 427 509 488 ergo
525 412 636 475 animal
651 421 708 475 est.
743 414 883 477 Prudens
900 432 1010 480 versus
1025 419 1080 480 bo-

101 516 173 560 uum
186 505 242 573 est,
257 497 372 559 bonum
385 506 485 559 autem
498 514 588 559 omne
602 498 714 559 animal
728 507 791 560 est:
807 514 917 561 versus
930 517 1003 577 ergo
1016 504 1078 564 ani-

101 584 232 644 malest.
255 583 296 642 ita

406 682 492 726 ormo
505 669 657 741 uirumque
670 683 747 728 cuno

104 752 210 811 animal
227 757 282 824 est,
299 750 384 825 quod
400 766 460 810 non
476 757 608 825 possunt
628 751 790 811 rotundum
807 748 918 825 dicere,
938 770 1006 814 cum
1022 771 1078 814 sex

101 835 198 911 pedes
225 833 344 894 lrabeat.
387 835 596 908 „Textorium,
624 833 741 909 inquis,
768 842 864 896 totum
887 836 1121 901 meherculestd

100 919 191 991 istud,
208 918 292 992 quod
310 933 377 978 cum
393 919 523 978 maxime
538 919 666 992 agitur.“
693 918 817 979 Dissilio
832 919 905 995 risu,
922 937 990 981 cum
1006 923 1079 982 mihi

99 1017 242 1079 propono
270 1001 487 1063 soloecismum
514 1003 624 1062 animal
651 1017 722 1063 esse
747 1009 777 1063 et
802 1001 1023 1066 barbarismum
1049 1013 1080 1066 et

99 1085 313 1165 syllogismum
328 1091 358 1146 ct
372 1093 460 1160 aptas
476 1085 535 1147 illis
551 1086 645 1146 lacios
660 1093 814 1160 tamquam
827 1088 925 1161 pictor
936 1091 1078 1166 adsigno.

97 1171 182 1230 Haeo
195 1171 386 1246 disputamus
402 1171 546 1230 adtractis
562 1170 744 1243 superciliis,
761 1171 860 1231 fronte
874 1189 1000 1246 rugosa.
1017 1190 1077 1235 uon

100 1271 229 1329 possum
253 1253 313 1316 hoc
340 1254 408 1314 looo
433 1252 536 1314 dicere
560 1254 634 1314 illud
662 1252 880 1315 Caecilianum:
911 1257 956 1330 „0
982 1261 1079 1320 tristes

97 1342 257 1414 ineptius!“
279 1338 426 1399 ridiculae
440 1346 526 1399 sunt:
553 1338 643 1414 quin
660 1337 762 1414 itaque
778 1339 912 1414 potius
927 1341 1078 1417 aliquid

97 1424 192 1483 utile
217 1421 332 1482 nobis
358 1438 400 1482 ac
425 1423 601 1483 salutare
622 1430 835 1483 tractamus
856 1430 892 1484 et
920 1426 1077 1500 quaeri-

97 1523 190 1580 mus,
221 1507 411 1583 quomodo
438 1506 483 1566 ad
509 1506 675 1567 virtutes
697 1506 834 1566 venire
861 1509 1077 1582 possimus,

99 1606 196 1665 quae
223 1607 291 1651 nos
318 1589 364 1649 ad
390 1590 480 1650 illas
502 1590 562 1650 via
583 1589 762 1649 adducat.
796 1590 881 1649 Doce
897 1606 1020 1651 menon
1039 1600 1118 1656 auat

96 1674 242 1734 fortitudo
265 1674 376 1734 animal
397 1674 453 1747 sit,
479 1675 536 1734 sed
557 1674 671 1734 nullum
692 1671 803 1732 animal
824 1673 897 1732 salix
917 1689 988 1734 esse
1011 1676 1077 1735 sine

96 1758 287 1831 fortitudine,
310 1759 367 1818 nisi
383 1766 488 1819 contra
502 1758 626 1818 fortuita
639 1757 794 1818 convaluit
808 1765 838 1818 et
854 1773 961 1819 omnes
975 1774 1076 1834 casus,

97 1849 259 1916 antequam
272 1843 435 1918 exciperet,
450 1842 625 1903 meditando
641 1839 844 1917 praedomuit.
869 1841 945 1916 Quid
958 1850 1005 1903 est
1017 1843 1076 1903 lor-

98 1925 441 1988 titudotmunimentum
452 1926 604 1987 humanae
617 1924 820 1987 inbecillitatis
829 1925 1076 2001 inexpugnabile,

97 2009 180 2084 quod
198 2011 249 2083 qui
263 2010 464 2072 circumdedit
479 2010 547 2084 sibi,
564 2026 693 2072 securus
706 2010 736 2069 in
751 2010 810 2070 hao
824 2009 903 2070 vitae
915 2009 1077 2072 obsidione

97 2094 251 2168 perdurat.
280 2095 372 2157 utitur
390 2095 471 2156 euim
487 2095 551 2154 suis
568 2093 698 2169 viribus,
721 2094 787 2155 suis
805 2094 883 2155 telis.
922 2095 989 2154 Hoc
1005 2095 1118 2156 loooaa

98 2177 149 2237 tibi
172 2178 330 2240 Posidonii
351 2180 448 2241 nostri
469 2181 583 2239 reterre
599 2180 780 2241 sententiam
796 2179 883 2241 volo=
909 2179 995 2254 „Non
1019 2186 1075 2253 est,

97 2262 182 2337 quod
198 2280 341 2338 umquam
363 2265 502 2325 fortunae
520 2264 613 2325 armis
635 2272 723 2339 putes
745 2279 817 2324 csse
836 2271 866 2324 te
884 2271 993 2324 tutum=
1015 2264 1075 2324 tuis

95 2361 208 2420 pugna.
237 2353 342 2407 contra
362 2348 461 2421 ipsam
485 2347 607 2408 fortuna
628 2365 689 2408 non
713 2355 824 2409 armat:
851 2346 955 2423 itaque
970 2354 1076 2408 contro

94 2429 202 2488 hostes
220 2429 368 2503 instructi,
387 2436 491 2490 contra
506 2431 606 2504 ipsam
620 2432 753 2492 inermes
770 2436 871 2492 sunt.“
899 2430 1075 2492 Alexander
1084 2437 1117 2492 29

97 2511 221 2587 quidem
235 2511 348 2571 Persas
363 2520 393 2573 et
402 2513 565 2591 Hyrcanos
580 2521 610 2574 et
623 2515 718 2575 indos
734 2521 764 2574 et
779 2514 926 2589 quioquid
941 2514 1075 2587 gentium

95 2593 246 2671 usquein
270 2610 418 2656 oceanum
440 2597 576 2657 extendit
596 2598 698 2658 oriens
720 2595 860 2657 vastabat
880 2597 1074 2672 lugebatque,

94 2680 150 2742 sed
168 2681 237 2754 ipse
252 2679 345 2740 modo
361 2679 465 2741 occiso
481 2680 595 2755 amico,
611 2681 704 2740 modo
719 2679 834 2740 amisso
852 2679 971 2740 iacebat
986 2680 1016 2738 in
1031 2686 1075 2740 te·

94 2764 213 2839 nebris,
241 2764 316 2823 alias
344 2766 463 2835 soclus,
492 2763 567 2824 alias
591 2762 778 2825 desiderium
804 2780 892 2824 suum
921 2778 1072 2838 moerens,

95 2851 192 2909 victor
212 2855 255 2909 tot
275 2863 380 2924 regum
396 2856 489 2924 atque
508 2848 695 2924 populorum
709 2846 773 2908 irae
788 2846 990 2924 tristitiaeque
1004 2862 1073 2909 suo·

95 2933 251 2993 oumbens.
275 2930 305 2991 id
322 2932 401 2994 onim
417 2939 537 3008 egerat,
551 2941 584 2994 ut
598 2931 699 2993 omnia
714 2931 817 3007 potius
834 2932 960 2994 haberet
974 2932 1004 2992 in
1018 2948 1073 3008 po·

94 3023 203 3078 testate
226 3032 317 3091 quam
341 3018 491 3078 adlectus.
536 3015 559 3077 Ο
575 3033 665 3093 quam
681 3017 799 3093 magnis
814 3017 954 3078 homines
969 3023 1117 3084 tenen-30

93 3110 142 3163 tur
168 3099 339 3174 erroribus,
367 3101 418 3176 qui
442 3101 492 3162 ius
517 3100 694 3162 dominandi
720 3107 924 3163 transmaria
949 3101 1075 3177 cupiunt

93 3185 267 3262 permittere
281 3182 539 3260 felicissimosque
553 3201 587 3246 se
602 3185 745 3261 iudicant,
760 3184 787 3246 si
802 3186 911 3247 multas
927 3201 983 3260 per
997 3183 1073 3244 mili·

93 3279 140 3329 tes
167 3267 343 3343 provincias
369 3267 507 3330 obtinent
531 3277 561 3330 ct
586 3285 685 3331 novas
713 3271 869 3331 veteribus
895 3269 1073 3344 adiungunt,

92 3352 199 3426 ignari,
215 3354 298 3428 quod
314 3353 353 3414 sit
365 3353 438 3414 illud
452 3354 560 3428 ingens
576 3370 695 3430 parque
705 3354 753 3416 dis
765 3369 907 3429 regnum:
923 3353 1074 3429 imperare

93 3435 152 3496 sibi
173 3437 336 3497 maximum
356 3435 516 3513 imperium
535 3446 591 3499 est.
635 3439 775 3512 Doce[at]
791 3453 855 3510 me,
879 3453 970 3512 quam
986 3440 1113 3496 sacratt

91 3537 143 3581 res
159 3518 198 3581 sit
213 3519 326 3582 iustitia
340 3522 472 3585 alienum
485 3522 597 3585 bonum
610 3529 764 3599 spectans,
781 3520 952 3662 nihilssse
963 3527 1073 3594 petens
