2422 3862
120 215 181 280 132
195 217 228 276 L.
236 215 383 275 ANNAEI
396 213 572 274 SENECAE
584 213 1035 289 EP MOR.L.V1.EP.10.(62)

119 371 202 432 notit.
224 386 285 430 non
308 367 360 444 qui
383 368 487 429 iussus
516 366 631 442 aliquid
652 365 736 440 iacit,
758 367 851 427 miser
875 375 936 441 est,
965 366 1022 426 sed
1043 368 1093 442 qni

119 456 231 515 invitus
244 452 323 514 iacit.
347 453 450 526 itaque
465 453 510 511 sic
522 453 653 512 oninium
669 467 889 526 conponamus,
903 458 936 511 ut
948 451 1092 527 quicquid

117 555 169 600 res
196 538 311 612 exiget,
333 536 366 596 id
386 536 532 596 velimus:
555 544 584 595 et
605 536 634 594 in
657 535 761 610 primis
787 535 878 595 tinem
904 535 999 596 nostri
1027 536 1094 596 sine

87 623 236 686 tristitia
251 622 429 696 cogitemus.
451 622 531 679 Ante
544 619 584 678 ad
599 627 725 680 mortem
741 635 831 696 quam
848 619 990 680 advitam
1005 635 1094 695 prae-

118 706 248 784 parandi
273 721 388 766 sumus.
423 704 498 765 sotis
519 705 666 765 instructa
686 704 749 764 vita
769 712 832 776 est,
852 703 908 763 sed
924 719 982 763 nos
1003 706 1032 763 in
1050 703 1093 763 in·

118 798 286 852 strumenta
307 789 373 850 eius
394 789 475 848 avidi
496 803 620 848 sumus:
641 788 753 848 deesse
773 786 887 862 atiquin
904 786 993 847 nobis
1009 788 1093 847 vide-

117 884 166 937 tur
180 883 210 936 et
224 889 346 948 semper
362 873 520 933 videbitur.
543 879 575 932 ut
590 873 664 932 sotis
681 873 863 944 vixerimus,
879 886 935 930 nec
951 870 1022 930 anni
1037 888 1094 932 nco

118 959 186 1020 dies
201 960 330 1030 iaciunt,
349 957 406 1018 sed
427 957 556 1017 animus.
591 957 671 1029 Vixi,
688 955 784 1016 Lucili
799 955 973 1029 carissime,
998 971 1093 1031 quan-

118 1052 180 1105 tum
197 1042 366 1104 emiserat:
388 1047 514 1101 mortem
531 1043 643 1116 plenus
659 1048 818 1116 exspecto.
842 1039 930 1099 Vaie.

415 1203 626 1261 EPISTULA
647 1204 682 1259 X.
708 1204 777 1275 (62.)

369 1301 479 1352 Suxncx
496 1300 607 1352 Luonro
627 1313 678 1352 suo
698 1308 835 1351 sxnursm.

88 1434 103 1486 1
180 1421 433 1492 Mentiuntur,
459 1421 523 1494 qui
546 1418 620 1479 sibi
644 1420 801 1481 obstare
826 1420 870 1479 ad
894 1417 1024 1479 studio
1049 1418 1093 1479 ii-

119 1503 271 1566 beralia
312 1505 456 1564 turbam
489 1505 734 1578 negotiorum
776 1503 903 1563 videri
939 1504 1093 1564 volunt:

120 1589 261 1650 simulant
288 1589 507 1663 occupationes
537 1596 566 1648 et
592 1595 704 1663 augent
729 1596 759 1647 et
783 1588 843 1663 ipsi
872 1603 906 1648 se
932 1595 1092 1663 occupant.

118 1676 221 1745 Vnco,
243 1674 353 1748 Lucili,
377 1687 455 1749 vaco
477 1680 506 1731 et
525 1672 712 1747 ubicumque
737 1689 818 1746 sum,
841 1670 882 1731 ibi
903 1687 991 1731 meus
1016 1689 1093 1733 sum.

121 1757 213 1817 rebus
229 1757 308 1816 enim
326 1772 451 1816 menon
467 1756 571 1829 trado,
588 1757 644 1816 sed
660 1756 837 1828 commodo,
859 1771 917 1816 nec
932 1764 1095 1818 consector

121 1841 270 1917 perdendi
291 1839 437 1916 temporis
454 1855 575 1900 causas.
611 1847 642 1900 et
662 1855 856 1916 quocumque
874 1842 995 1921 constiti
1016 1841 1094 1915 ioco,

121 1926 161 1985 ibi
177 1923 377 1999 cogitationes
397 1940 482 1984 mens
503 1932 600 1985 tracto
616 1932 646 1985 et
661 1923 775 2001 utiq-uid
791 1925 820 1984 in
843 1925 943 1984 animo
961 1925 1094 1985 salutare

92 2024 109 2078 2
122 2023 284 2069 converso.
322 2010 395 2068 Cum
411 2024 459 2068 me
474 2009 580 2069 enticis
596 2009 683 2084 dedi,
696 2027 756 2070 non
769 2016 870 2069 tamen
885 2007 958 2067 mihi
974 2009 1093 2070 abduco

120 2107 178 2151 nec
194 2107 261 2151 curn
278 2091 336 2152 ittis
351 2109 469 2165 moror,
494 2093 605 2168 quibus
620 2109 668 2152 me
686 2101 808 2169 tempus
826 2093 951 2169 oiiquod
965 2108 1093 2170 congre·

121 2173 205 2250 gavit
230 2184 281 2235 aut
308 2191 401 2237 causa
427 2193 466 2235 ex
492 2177 595 2237 oiiicio
622 2184 692 2238 nata
718 2179 806 2252 civis,
822 2177 879 2238 sed
893 2192 962 2237 oum
978 2179 1093 2252 optimo

122 2275 247 2335 quoque
262 2275 344 2319 sum:
367 2260 406 2319 ad
427 2261 511 2332 ilios,
535 2262 563 2321 in
580 2277 774 2338 quocumque
788 2263 873 2335 loco,
896 2261 925 2320 in
949 2278 1093 2334 quocum·

92 2359 182 2418 3que
202 2346 308 2403 secuto
329 2344 464 2418 suerunt,
494 2346 626 2406 animum
646 2362 745 2409 meum
769 2346 861 2406 mitto.
897 2345 1094 2420 Demetrium,

123 2429 254 2488 virorum
271 2428 431 2504 optimum,
448 2445 564 2489 mecum
582 2430 763 2491 circumfero
786 2439 815 2491 et
829 2430 942 2490 relictis
953 2431 1094 2508 conchy-

121 2510 200 2572 liatis
221 2529 289 2573 cum
309 2513 360 2572 iilo
381 2513 540 2574 seminudo
564 2514 690 2589 loquor,
712 2515 793 2575 iilum
810 2514 951 2574 admiror.
990 2514 1095 2590 quidni
1166 2572 1170 2577 .

121 2595 274 2657 admirer?
295 2598 357 2658 vidi
372 2598 445 2657 nihil
461 2599 489 2658 ei
504 2598 625 2658 deesse.
655 2599 855 2659 Contemnere
870 2598 980 2674 aliquis
994 2600 1096 2659 omniu

121 2687 237 2753 potest,
261 2683 362 2742 omnio
381 2681 494 2741 habere
507 2697 597 2741 nemo
614 2690 724 2757 potest.
762 2681 945 2744 brevissima
962 2683 1002 2742 nd
1019 2683 1094 2742 divi-

120 2760 178 2821 tias
193 2777 249 2838 per
264 2772 469 2840 contemptum
485 2765 655 2826 divitiorum
672 2768 720 2826 vic
731 2774 787 2828 est.
809 2765 979 2828 Demetrius
994 2773 1094 2827 autern

121 2852 226 2905 noster
240 2847 285 2906 sic
301 2848 389 2920 vivit,
410 2864 470 2908 non
492 2856 645 2925 tamquam
668 2851 886 2928 contempserit
901 2848 1016 2926 omnio,
1039 2850 1095 2911 sed

120 2936 274 3005 tamquam
290 2932 356 2991 aliis
371 2930 512 2992 habendo
529 2935 709 3010 permiserit.
745 2935 832 2996 Vale.
