2422 3862
120 249 164 314 34
410 250 443 310 L.
466 249 612 309 ANNAEI
635 247 811 310 SENECAE

120 405 225 477 stitue,
257 418 347 479 quem
368 401 497 463 transire
518 418 556 461 ne
578 401 680 477 possis
704 403 841 477 quidem,
869 400 1011 464 sinclis:
1037 403 1095 464 dis·

121 488 232 549 cedant
244 487 416 562 aliquando
439 486 497 545 ista
519 486 667 545 insidiosa
682 485 764 546 bona
779 492 809 545 et
826 485 1021 562 sperantibus
1037 502 1098 547 me-

120 573 197 632 liora
219 587 310 646 quam
337 569 503 630 adsecutis.
538 569 659 644 siquid
680 569 711 628 in
733 569 792 629 illis
813 577 898 630 esset
914 570 1019 646 solidi,
1046 572 1099 632 ali·

121 656 243 731 quando
264 662 294 715 et
315 655 480 729 inplereno
509 669 590 714 nunc
613 653 815 714 haurientium
836 652 915 713 sitim
937 649 1098 716 concitant.

119 746 272 799 mutantur
291 737 427 813 speciosi
447 737 623 812 adparatus.
652 744 682 798 et
697 737 771 814 quid
786 736 878 798 luturi
891 739 1039 814 temporis
1055 741 1098 798 in-

120 830 202 884 eerta
224 838 295 882 sors
316 822 431 882 volvitt
459 830 553 895 quare
574 822 676 897 potius
698 838 716 881 a
738 822 859 881 fortuna
881 823 1045 897 inpetrem,
1062 832 1101 884 ‘ut

120 907 185 980 det,
210 922 299 982 quam
314 923 332 967 a
346 921 410 979 me,
428 921 466 965 ne
479 912 601 980 petamt
623 921 718 981 quare
731 912 830 966 autem
845 912 965 981 petamt
987 907 1099 967 oblitus

120 991 289 1066 fragilitatis
309 990 460 1051 humanae
481 996 666 1064 congeram?
692 991 721 1049 in
745 990 818 1065 quid
839 990 997 1050 laboremt
1025 1006 1098 1052 ecce

69 1074 73 1082 '
106 1074 168 1135 'hic
192 1075 257 1134 dies
278 1075 402 1135 ultimus
423 1079 480 1133 est.
512 1081 625 1134 utnon
649 1073 703 1134 sit:
737 1088 836 1150 prope
858 1073 895 1134 ab
916 1073 1022 1136 ultimo
1042 1083 1098 1136 εει.

117 1161 205 1220 Vale.

412 1278 629 1337 EPISTULA
655 1280 703 1336 IV.
731 1280 803 1350 (16.)

373 1373 483 1426 Saurea
500 1375 610 1427 Lucnro
629 1387 681 1426 suo
701 1387 840 1426 susurru.

91 1509 104 1560 ι
181 1492 312 1569 Liquere
332 1493 392 1554 hoc
412 1495 480 1569 tibi,
508 1495 618 1567 Lucili,
651 1494 733 1568 scio,
762 1494 948 1555 neminem
976 1510 1098 1569 posse

116 1579 232 1638 beate
260 1577 410 1652 vivere,
444 1594 490 1638 ne
512 1577 781 1639 tolerabiliter
809 1578 977 1653 quidem,
1013 1579 1098 1639 sine

119 1661 340 1737 sapientiae
361 1663 490 1723 studio
514 1670 544 1722 et
556 1663 675 1722 beatam
689 1661 782 1722 vitam
798 1664 933 1738 perlecta
948 1663 1099 1738 sapientia

118 1745 215 1819 ellici,
235 1752 369 1806 ceterum
382 1747 569 1807 tolerabilem
582 1745 671 1806 etiam
683 1743 833 1807 inchoata.
857 1747 912 1807 sed
926 1746 994 1822 hoc,
1014 1747 1098 1822 quod

118 1831 228 1906 liquet,
255 1830 435 1891 firmandum
458 1839 488 1890 et
508 1830 597 1891 altius
619 1830 772 1890 cotidiana
792 1830 988 1892 meditatione
1002 1831 1097 1907 ligen-

119 1916 192 1975 dum
213 1921 275 1974 est=
304 1916 374 1990 plus
397 1917 500 1991 operis
523 1916 620 1975 estin
642 1931 695 1989 eo,
717 1920 751 1974 ut
765 1913 925 1991 proposita
941 1916 1098 1976 custodias

119 2015 211 2073 quam
231 2005 266 2059 ut
286 1998 417 2059 honesta
437 2015 605 2075 proponas.
634 2000 896 2074 perseverandum
910 2006 1002 2060 estet
1016 2000 1097 2060 adsi·

74 2103 78 2114 ·
118 2083 181 2144 duo
196 2082 299 2142 studio
314 2084 409 2144 robur
425 2083 615 2157 addendum,
637 2083 736 2142 donec
747 2083 927 2143 bonamens
939 2083 992 2158 sit,
1016 2085 1099 2160 quod

89 2168 200 2227 abona
212 2166 354 2226 voluntas
371 2173 428 2226 est.
462 2167 569 2241 ltaque
581 2167 735 2243 [hocopus
746 2167 799 2244 esi]
811 2166 958 2242 tibiapud
971 2183 1020 2228 me
1033 2170 1099 2244 plu-

117 2250 203 2311 ribus
224 2250 327 2309 verbis
348 2259 381 2309 ut
400 2249 589 2310 adfirmantis
612 2266 668 2310 nec
687 2258 746 2311 tam
769 2251 884 2326 longis:
907 2252 1051 2327 intellego
1069 2260 1100 2313 ιε

118 2336 243 2394 multum
269 2334 451 2408 proiecisse.
482 2349 562 2408 quae
587 2334 711 2407 scribis,
740 2335 823 2394 unde
848 2334 987 2409 veniant,
1018 2337 1098 2396 scio=

118 2435 179 2479 non
206 2425 278 2479 sunt
302 2417 374 2478 ficta
399 2432 456 2476 nec
483 2418 626 2478 colorata.
657 2419 756 2479 dicam
779 2427 879 2480 tamen
902 2419 1099 2480 sententiam:

121 2502 228 2582 [quod]
243 2502 302 2562 iarn
318 2501 357 2560 de
371 2509 401 2562 te
417 2517 505 2576 spem
518 2501 634 2576 habeo,
652 2503 786 2563 nondum
800 2502 954 2564 fiduciam.
977 2512 1011 2564 tu
1022 2521 1100 2580 quo-

120 2604 180 2662 que
200 2587 280 2646 idem
302 2585 398 2644 laeias
419 2587 508 2646 volo:
536 2601 596 2645 non
619 2593 680 2658 est,
706 2587 790 2661 quod
810 2586 864 2647 tibi
887 2589 946 2648 cito
963 2596 992 2648 et
1011 2589 1100 2650 lacile

119 2672 238 2731 credas.
267 2677 377 2729 excute
401 2677 432 2729 te
454 2678 483 2729 ει
506 2670 592 2730 varie
618 2678 755 2731 scrutare
775 2679 805 2730 ει
825 2671 972 2731 observa=
1001 2671 1100 2733 illud

118 2761 204 2815 ante
234 2753 360 2812 omnia
384 2754 487 2828 vide,
516 2762 639 2814 utrum
661 2756 694 2813 in
718 2754 976 2830 philosophia
997 2773 1042 2816 an
1063 2759 1098 2817 in

89 2836 207 2914 dipsa
225 2837 309 2896 vitu
329 2838 562 2911 proieceris.
594 2839 661 2898 Non
678 2845 725 2898 est
738 2838 934 2915 philosophia
947 2842 1099 2917 populare

118 2921 278 2982 artificium
301 2936 358 2980 nec
378 2921 573 2983 ostentationi
593 2930 742 2998 paratum.
769 2939 830 2984 nou
852 2923 882 2983 in
899 2925 1018 2998 verbis,
1043 2925 1096 2986 sed

118 3007 148 3066 in
169 3006 263 3066 rebus
283 3012 340 3066 est.
374 3023 431 3067 nee
451 3006 481 3066 in
497 3007 557 3067 hoc
573 3006 742 3080 adhibetur,
765 3014 797 3068 ut
816 3012 909 3081 [curn]
925 3009 1028 3084 aliqua
1045 3009 1097 3070 ob

118 3091 279 3152 lactatione
295 3101 492 3153 consumatur
506 3091 589 3163 dies,
605 3096 639 3150 ut
653 3091 791 3152 dematur
806 3093 867 3152 otio
882 3091 1008 3152 nausiet
1034 3093 1097 3153 anl-

118 3191 199 3237 mum
222 3175 331 3236 lormat
352 3182 382 3235 ει
402 3177 545 3247 lubricat,
571 3175 662 3234 vitam
681 3174 831 3251 disponit,
854 3177 991 3238 actiones
1011 3178 1096 3253 regit,

118 3259 239 3334 agenda
252 3267 285 3322 ει
300 3261 464 3322 omittenda
478 3261 680 3331 demonstrat,
702 3261 789 3321 sedet
802 3262 840 3321 ad
856 3261 1096 3338 gubernaculum

118 3352 149 3404 et
163 3359 219 3419 per
233 3344 378 3421 ancipitia
391 3342 600 3407 fluctuantium
615 3343 716 3419 dirigit
730 3360 862 3406 cursum.
891 3346 958 3406 sine
972 3345 1032 3407 hac
1044 3360 1096 3405 ne

117 3445 167 3488 mo
189 3428 341 3505 intrepide
356 3437 459 3504 potest
473 3429 592 3501 vivere,
614 3443 704 3488 nemo
720 3445 843 3489 secure:
864 3428 1096 3491 innumerabilia

104 3511 253 3574 acardum
274 3513 409 3590 singulis
430 3513 532 3590 horn,
563 3528 644 3590 quae
665 3512 827 3575 eonsilium
845 3513 986 3588 exigant,
1013 3513 1094 3590 quod
