2422 3862
122 227 185 291 eoo
409 191 442 284 ι’.
463 224 610 285 Annum
634 223 809 284 sumena

123 396 266 442 somnus:
296 395 336 438 ex
356 377 415 439 hoo
436 385 576 452 tempore
596 383 657 436 tam
677 382 808 452 angusto
830 384 859 436 et
875 375 984 451 rapido
998 383 1028 435 et
1042 393 1105 438 nos

122 467 278 525 auferente
294 462 368 537 quid
381 461 465 522 iuvat
481 461 627 539 maiorem
644 467 762 535 partem
782 460 899 519 mittere
919 460 948 519 in
970 468 1107 520 vanumt

77 548 218 610 elodiae
239 562 334 620 nunc,
356 546 440 619 quod
461 544 619 605 adsuescit
639 546 759 604 animus
779 544 931 603 delectare
948 558 983 603 se
999 545 1104 618 potius

122 648 213 708 quam
228 645 339 691 sanare
355 638 384 689 et
399 626 624 703 philosophiam
639 629 893 688 oblectamentum
905 629 1016 700 facere,
1032 644 1106 688 cum

119 715 289 776 remedium
310 713 358 773 sit.
402 714 483 773 luter
504 711 685 787 sapientiam
704 719 734 771 et
754 727 865 786 sapere
886 712 959 786 quid
984 712 1106 772 intersit

120 800 242 861 neseio:
271 796 336 858 scio
356 812 426 856 mea
446 813 508 858 nou
530 797 695 869 interesse,
716 796 812 855 sciam
826 796 884 856 ista
898 812 938 855 an
954 795 1104 854 nesciam.

121 883 171 943 dic
193 881 280 941 milri:
310 896 394 952 cum,
416 880 489 954 qnid
512 880 589 940 inter
608 880 787 955 sapientiam
803 886 834 939 et
848 895 959 955 sapere
974 878 1105 954 intersit,

122 965 274 1038 didicero,
296 964 435 1038 sapione
456 981 510 1025 cur
524 978 597 1038 ergo
615 963 717 1038 potius
732 964 810 1024 inter
824 965 975 1024 vocabula
989 979 1039 1042 me
1054 980 1104 1023 sa,-

121 1049 253 1123 pientiae
268 1048 386 1108 detines
402 1064 492 1122 quam
509 1047 587 1108 inter
601 1055 719 1122 opera‘f
738 1049 787 1107 fao
803 1063 851 1108 me
866 1048 1037 1120 fortiorem,
1055 1049 1105 1108 fac

121 1131 317 1207 securiorem,
334 1133 381 1191 fac
397 1132 536 1192 fortunae
551 1145 670 1208 parem,
687 1133 734 1191 fac
750 1132 950 1207 superiorem.
974 1147 1105 1207 possum

121 1222 222 1359 {ialam
236 1215 380 1292 superior
394 1232 481 1291 esse,
503 1218 530 1276 si
545 1216 688 1277 direxero
703 1216 757 1294 [eo]
774 1231 880 1291 omne,
901 1217 984 1292 quod
1003 1216 1104 1276 disco.

151 1315 168 1357 n
180 1314 207 1358 e.

512 1511 718 1522 ιησ--ι-κ-

411 1687 445 1768 l.
472 1684 612 1769 llllll
639 1683 812 1768 sellom

477 1838 528 1888 ΑΙ)
556 1837 742 1893 inclutum

167 1956 658 2056 EPISTULARUM
700 1956 1056 2055 nonllltlll

502 2125 638 2188 llnnli
657 2127 720 2188 XX.

418 2363 634 2424 EPISTULA
661 2369 682 2423 l.
711 2366 799 2439 (118.)

371 2459 482 2512 Saurea
501 2463 612 2514 Lucrino
633 2475 684 2514 sno
704 2473 842 2513 snrurnn.

92 2581 108 2633 1
182 2564 288 2639 Exigis
305 2581 323 2624 a
343 2580 391 2625 mc
413 2566 637 2641 frequentiores
658 2565 823 2641 epistulas:
844 2563 978 2622 rationes
998 2565 1104 2624 eonf-

119 2666 238 2710 ramns=
266 2649 417 2709 solvendo
438 2666 499 2711 uon
521 2651 593 2710 eris.
638 2650 829 2710 convenerat
845 2647 983 2722 quidem,
1003 2656 1037 2707 ut
1052 2657 1105 2709 tua

120 2734 223 2815 priora
237 2740 356 2793 essent:
381 2739 413 2792 tu
427 2735 589 2809 scriberes,
601 2749 660 2808 ego
671 2734 882 2793 rescriberem.
905 2731 1035 2790 sednon
1050 2748 1104 2793 ero

120 2816 269 2876 difficilis:
291 2815 369 2875 bene
385 2817 469 2876 credi
483 2817 536 2877 tibi
548 2818 624 2879 scio.
645 2816 749 2892 itaque
760 2819 790 2877 in
803 2823 998 2876 antecessum
1012 2815 1104 2891 dabo,

120 2896 308 2972 malaciam,
325 2900 407 2972 quod
419 2900 535 2975 Cicero,
551 2901 597 2961 vir
608 2900 838 2975 disertissimus,
855 2902 957 2960 facere
969 2900 1104 2959 Atticum

120 2980 212 3052 iubet,
228 2985 263 3040 ut
275 2985 409 3054 „etiamst
422 3001 485 3045 rem
499 2989 613 3046 nullom
627 2986 751 3057 habebit,
768 2987 848 3060 qood
860 2987 891 3044 fn
907 2984 1031 3043 iaceam
1049 3001 1104 3044 oe-

91 3067 209 3136 rnerit,
229 3066 367 3125 sortiat.“
409 3067 582 3143 Numquam
597 3074 699 3143 potest
714 3069 840 3141 deesse,
860 3067 944 3144 quod
959 3067 1104 3142 scribam,

119 3149 269 3208 utomnia
282 3148 342 3221 illa,
359 3166 439 3224 quac
455 3149 610 3214 Ciceronis
629 3153 744 3227 inplent
758 3151 914 3225 epistulas,
930 3159 1103 3210 transeam:

120 3234 185 3307 qais
210 3233 390 3294 candidates
416 3236 537 3296 laboret.
575 3239 641 3311 quis
666 3239 786 3307 altena,
812 3238 878 3309 quis
903 3237 966 3295 anis
991 3237 1105 3296 viribus

114 3324 238 3392 paynel.
268 3320 334 3391 quis
358 3323 541 3380 consulatum
565 3320 677 3387 fidncia
699 3321 849 3391 Caesaris,
874 3321 940 3393 quis
960 3319 1104 3395 Pompeii,

120 3404 186 3476 puis
205 3417 297 3462 areae
313 3409 407 3477 perat.
435 3419 524 3478 quom
545 3404 640 3464 dorus
659 3408 698 3466 sit
713 3405 870 3478 fenerator
894 3403 1058 3477 Caecilius,
1085 3421 1105 3464 e

30 3534 97 3632 ι
119 3501 176 3559 quo
200 3487 322 3546 minoris
347 3488 510 3548 centesimis
535 3491 702 3564 propinqui
722 3504 871 3548 nummum
896 3501 1013 3548 movere
1044 3506 1105 3549 non
