2422 3862
292 248 459 307 REMEDIIS
475 249 731 333 FORTUITORUM
745 249 857 305 LIBER.
970 244 1033 311 453

99 407 151 460 bus
163 404 276 476 spoliari
293 418 432 473 nequeas,
449 417 520 472 quae
537 400 660 470 undique
679 401 852 470 comitatum,
874 401 989 458 divitem
1007 407 1034 457 et

100 493 226 543 ornatum
236 492 388 559 praestent.

141 573 275 644 „Pauper
292 571 381 627 sum.“
402 570 433 623 In
445 569 516 626 vita:
535 568 590 623 eris
603 568 701 623 laetior
712 567 740 621 iu
751 574 848 623 morte.
877 568 965 624 Nemo
978 577 1033 624 tam

98 671 207 727 pauper
218 655 303 723 vixit,
325 659 354 708 ut
369 670 424 708 non
439 653 561 708 moriens
573 653 659 708 vellet
669 651 775 708 vixisse
785 653 946 723 pauperior.

139 739 184 797 Xl.
206 737 422 808 „Pecuniam
444 735 627 808 perdidi.“
670 735 801 791 Fortasse
820 742 847 791 te
871 736 917 792 illa
938 738 1060 810 perdi-l

56 824 153 880 disset.

119 906 293 976 „Pecuniam
304 903 444 975 perdidi.“
467 901 525 958 Sed
536 901 665 958 habuisti.

118 989 292 1061 „Pecuniam
304 986 443 1058 perdidi.“
464 986 585 1042 Habebis
602 1001 656 1040 uno
666 985 791 1057 periculo
803 985 905 1043 minus.

119 1073 294 1142 „Pecuniam
308 1070 448 1141 perdidi.“
480 1069 540 1126 Ote
553 1071 677 1138 felicem,
698 1070 721 1123 si
738 1085 801 1123 cum
818 1070 864 1124 illa
887 1071 1032 1128 avaritiam
1047 1085 1063 1136 2

53 1156 209 1229 perdidisti.
222 1156 274 1210 sed
285 1156 308 1209 si
320 1159 414 1210 manet
424 1154 470 1208 illa
478 1153 554 1224 apud
565 1158 607 1223 te,
619 1170 649 1207 es
661 1159 755 1208 tamen
767 1158 905 1223 utcunque
918 1155 1031 1226 felicior,

56 1240 133 1311 quod
146 1244 220 1295 tauto
232 1240 305 1293 malo
320 1238 435 1292 materia
447 1236 584 1292 subducta
596 1242 646 1296 est.

119 1324 292 1392 „Pecuniam
306 1321 446 1392 perdidi.“
477 1320 511 1375 Et
521 1321 566 1375 illa
584 1318 719 1396 [quidem]
737 1336 819 1391 quam
832 1320 944 1374 multos!
968 1321 1060 1384 Eris3

54 1423 128 1461 nunc
140 1407 224 1463 invia
237 1404 401 1476 expeditior,
413 1404 487 1459 domi
500 1404 594 1459 tutior:
610 1420 666 1470 non
677 1403 804 1473 habebis,
816 1403 868 1459 sed
884 1419 940 1458 non
951 1405 1030 1460 time·

54 1492 97 1546 bis
108 1489 252 1545 heredem.
280 1489 450 1544 Exoneravit
463 1494 489 1543 te
501 1490 619 1557 fortuna,
631 1487 654 1542 si
666 1487 805 1559 intelligis,
818 1493 845 1542 et
856 1488 955 1542 tutiore
968 1489 1030 1542 loco

54 1574 161 1646 posuit:
184 1573 317 1628 damnum
335 1574 439 1643 putas?
462 1571 617 1627 remedium
633 1575 683 1626 est.
722 1568 858 1644 [Denique
876 1571 900 1624 si
912 1571 1031 1626 amissas

55 1674 118 1712 cum
135 1657 244 1712 amissis
264 1655 364 1711 taediis
382 1657 528 1725 conferas,
545 1657 652 1710 lucrum
668 1651 778 1728 voces]
805 1651 916 1723 Deflcs,
931 1655 1030 1726 gemis,

55 1741 188 1795 miserum
200 1746 227 1794 te
241 1739 383 1809 clamitas,
407 1739 481 1810 quod
498 1740 598 1811 opibus
619 1754 754 1794 excussus
767 1740 820 1794 esf
840 1743 886 1792 tuo
900 1736 1031 1794 vitio‘ista

54 1824 102 1878 tibi
118 1824 223 1878 iactura
238 1829 294 1876 tam
305 1823 389 1877 tristis
401 1828 451 1879 est.
464 1840 520 1878 nou
532 1829 587 1878 tam
599 1823 717 1877 moleste
729 1823 833 1890 ferres,
854 1821 878 1875 si
890 1827 1031 1893 tamquam

54 1907 214 1979 perditurus
230 1904 387 1960 habuisses.

121 1989 294 2059 „Pecuniam
304 1989 446 2060 perdidi.“
476 1991 583 2061 Nempe
608 2005 691 2061 quam
708 1997 738 2045 ut
757 1996 787 2045 tu
803 1989 937 2060 haberes,
961 1990 1030 2044 alius

54 2081 118 2132 ante
129 2073 301 2144 perdiderat.

139 2156 292 2214 ADDITIO.
313 2158 485 2226 „Pecuniam
502 2157 611 2213 amisi.“
631 2158 746 2214 Etcum
765 2158 812 2212 illa
831 2175 912 2215 curas
931 2157 1057 2214 multas4

96 2241 305 2312 periculumque
316 2248 490 2311 perpetuum.

139 2322 276 2390 „Perdidi
290 2324 469 2394 pecuniam.“
490 2324 524 2379 Et
544 2327 669 2381 laborem
688 2326 832 2382 custodiae
852 2332 879 2381 et
891 2325 1030 2397 perdendi

97 2411 213 2459 metum:
240 2406 280 2459 sic
299 2405 446 2477 perdendo
466 2409 614 2477 pecuniam
630 2408 686 2463 duo
706 2411 795 2477 bona,
811 2409 1030 2480 unumquodque

96 2489 282 2560 praestantius
294 2487 413 2557 amissa,
424 2490 600 2546 securitatem
612 2496 639 2545 et
650 2493 789 2561 requiem,
808 2491 946 2547 invenisti.

138 2571 313 2642 „Pecuniam
323 2570 464 2643 perdidi.“
485 2571 577 2640 Bene,
597 2574 620 2628 si
634 2580 660 2627 te
673 2574 719 2628 illa
731 2590 788 2628 non
798 2572 936 2645 perdidit,
955 2572 1060 2642 quod5

96 2656 188 2710 multis
199 2655 254 2710 iam
265 2655 477 2726 possessoribus
490 2655 563 2715 fecit.

138 2739 311 2809 „Pecuniam
331 2739 439 2794 amisi.“
483 2737 513 2795 Si
529 2745 557 2794 te
576 2739 647 2795 adeo
673 2755 729 2794 non
753 2746 817 2796 tuae
836 2753 947 2810 quoque
967 2756 1028 2795 cru·

97 2824 169 2879 ciant
181 2823 303 2879 iacturae
314 2823 418 2894 tibique
429 2824 475 2880 vel
487 2824 608 2879 alienum
623 2823 697 2878 demi
711 2823 803 2894 doles,
815 2823 892 2878 disce
904 2823 950 2878 illa
961 2841 1027 2880 con·

96 2908 221 2978 quirere,
245 2923 317 2978 quae
331 2914 378 2963 tua
396 2913 460 2963 sunt
475 2907 591 2979 propria
603 2913 685 2978 atque
697 2913 850 2980 perpetua,
872 2923 990 2978 quorum
1002 2915 1029 2965 et

96 2991 244 3062 adquisitio
257 2992 363 3047 facilior
375 2998 401 3046 et
410 2992 556 3064 possessio
569 2991 687 3047 nobilior
704 2992 875 3062 certiorque:
897 2992 1028 3050 virtutem

95 3076 118 3129 si
131 3077 300 3146 quaesieris,
319 3091 375 3130 non
387 3077 505 3131 amittes.

137 3159 275 3229 „Perdidi
286 3160 464 3231 pecuniam.“
481 3159 670 3230 Experrectus
683 3175 725 3215 es=
737 3166 765 3215 te
778 3160 892 3216 divitem
906 3161 1028 3216 somnia·
1041 3163 1058 3218 6

94 3245 162 3299 bas..

139 3324 312 3393 „Pecuniam
324 3341 454 3398 magnam
469 3327 579 3382 amisi.“
601 3326 736 3400 Magnum
752 3328 864 3400 pondus
883 3334 910 3383 et
929 3328 1030 3382 durum

95 3413 122 3463 et
134 3424 222 3479 grave
234 3409 315 3464 simul
326 3409 449 3466 custodis
467 3409 596 3466 officium.

136 3533 154 3562 „
163 3491 250 3546 Amisi
259 3495 411 3564 pecuniam
424 3509 507 3567 quam
521 3497 686 3562 amabam.“
702 3476 1112 3567 “turpiamoxeroesaust
