2422 3862
254 242 424 306 narsum.
439 244 532 306 uon.
554 245 627 305 nra.
641 245 717 306 xm.
738 245 836 310 uns.
858 261 871 323 r
908 253 930 320 .)
1020 249 1084 314 ass

95 401 157 461 tiae
174 415 273 474 genus
289 405 345 458 est.
390 397 486 471 Quina
515 397 598 473 quod
613 397 689 458 ista
703 396 928 460 liberalium
945 402 1125 468 artiumll

96 483 347 545 consectatio
372 483 575 553 molestae,
601 483 811 555 verbosos,
836 483 1083 560 intempesti-

95 583 183 640 vos,
210 566 286 626 sibi
308 567 511 640 placentes
532 566 627 625 lacit
649 573 679 625 et
698 566 769 626 ideo
784 582 845 627 non
861 566 1015 629 discentes
1030 586 1083 631 ne·

95 649 252 722 cessaria,
265 651 338 723 quia
354 664 547 723 supervacua
562 648 741 710 didicerunt.
784 650 919 724 Quatuor
942 652 1024 713 milia
1049 653 1083 712 li

95 736 219 796 brorum
236 734 387 812 Didymus
402 732 616 808 grammaticus
632 733 769 808 scripsit:
785 735 961 808 misererer,
983 735 1010 797 si
1022 743 1082 799 tam

95 819 190 879 multa
206 832 399 892 supervacua
415 817 550 891 legisset.
582 816 612 875 in
627 815 676 876 his
691 817 774 877 libris
792 819 832 877 de
848 820 944 893 patria
958 821 1082 881 Homeri

97 903 266 978 quaeritur,
292 900 323 961 in
345 900 393 960 his
408 901 447 961 de
466 903 591 961 Aeneae
608 909 703 962 matre
724 917 811 976 vera,
832 901 862 961 in
878 901 926 962 his
943 902 1082 965 libidino-

96 988 161 1047 sior
176 988 339 1045 Anacreon
354 1001 393 1044 an
408 984 559 1044 ebriosior
574 984 699 1059 vixerit,
720 985 749 1045 in
766 986 814 1046 his
830 1002 869 1045 an
885 985 1011 1063 Sappho
1027 1005 1083 1064 pu·

95 1071 176 1131 blica
191 1070 294 1143 luerit,
313 1076 344 1129 et
357 1068 432 1141 alia,
460 1084 540 1144 quae
554 1074 641 1128 erant
659 1067 864 1141 dediscenda,
885 1071 912 1130 si
929 1073 1043 1132 sciresa
1072 1074 1080 1132 i

96 1169 178 1214 nunc
200 1161 230 1213 et
255 1155 376 1227 longam
399 1168 470 1213 esse
490 1153 581 1213 vitam
603 1168 690 1227 nega.
733 1153 796 1214 Sed
810 1155 849 1214 ad
865 1163 989 1216 nostros
1005 1162 1125 1231 quo-38

96 1253 157 1314 que
172 1254 240 1298 curn
255 1237 440 1311 perveneris,
453 1237 611 1297 ostendam
630 1238 723 1297 multa
734 1237 895 1300 securibus
905 1239 1081 1301 recidenda.

94 1322 208 1397 Magno
224 1320 371 1396 inpendio
386 1328 566 1396 temporum,
582 1337 692 1396 magna
707 1323 871 1382 alienarum
887 1325 1003 1384 aurium
1016 1342 1079 1386 tno·

95 1406 184 1465 lestia
198 1405 333 1466 laudatio
349 1405 426 1465 haec
442 1410 576 1465 constat:
593 1421 611 1464 o
628 1405 782 1465 hominem
798 1407 960 1467 literatum!
983 1409 1080 1468 simus

95 1489 154 1550 hoo
169 1490 253 1550 titulo
268 1489 429 1549 rusticiore
443 1489 591 1550 contentia
607 1505 625 1549 o
642 1490 741 1549 virum
757 1489 884 1549 bonum!
916 1492 1000 1551 Itane
1011 1498 1119 1556 estitit

95 1575 221 1633 annales
236 1574 374 1635 evolvam
391 1574 523 1634 omnium
537 1573 669 1648 gentium
691 1579 721 1632 et
743 1574 811 1646 quis
835 1574 950 1647 primus
970 1575 1077 1634 carmi-

95 1674 134 1717 na
151 1658 318 1732 scripserit,
335 1664 500 1732 quaeram?
533 1663 677 1732 quantum
699 1658 845 1731 temporis
867 1659 945 1716 inter
959 1656 1081 1732 Orphea

94 1741 214 1802 intersit
227 1748 257 1801 et
269 1741 444 1816 Homerum,
458 1758 525 1801 cum
541 1741 637 1802 lastos
653 1757 713 1800 non
732 1740 869 1812 habeam,
885 1741 1081 1815 conputaboa

95 1832 125 1885 et
146 1823 314 1884 Aristarchi
335 1825 482 1900 ineptias,
505 1825 616 1899 quibus
637 1825 738 1884 aliena
758 1825 892 1884 carmina
911 1824 1078 1900 conpinxit,

93 1924 317 1983 recognoscam
340 1918 370 1970 et
390 1917 517 1970 aetatem
541 1910 570 1968 in
586 1909 716 1986 syllabis
731 1915 910 1969 conterant
952 1907 1033 1968 itane
1049 1910 1079 1969 in

95 1992 280 2068 geometriae
300 1994 427 2068 pulvere
450 1992 605 2053 haerebot
649 1993 727 2053 adeo
742 1993 814 2053 mihi
832 1999 1030 2068 praeceptum
1047 1993 1079 2053 il·

94 2076 149 2136 lud
164 2079 296 2137 salutare
312 2077 438 2138 excidit=
464 2077 648 2152 „tempori
669 2082 830 2151 parce“t
871 2077 948 2136 haec
966 2076 1082 2136 sciamt

95 2169 125 2222 et
141 2161 215 2236 quid
229 2161 387 2235 ignorem?
428 2163 551 2237 Appion
566 2162 794 2236 grammaticus,
816 2162 868 2237 qui
887 2161 944 2222 sub
960 2161 991 2221 C.
1008 2161 1123 2226 cae-to
1194 2200 1200 2209 =

95 2260 165 2306 sare
187 2253 251 2305 tota
275 2245 438 2306 circulatus
459 2254 507 2306 est
530 2246 657 2325 Graecia
678 2246 754 2305 etin
776 2261 887 2306 nomen
900 2245 1027 2306 Homeri
1041 2245 1079 2305 ab

95 2328 237 2389 omnibus
258 2327 429 2390 civitatibus
444 2329 609 2405 adoptatus
625 2328 630 2338 '
647 2330 748 2390 aiebat
767 2331 930 2390 Homerum
951 2337 1081 2404 utraque

94 2413 221 2472 materia
245 2420 470 2488 consummata,
497 2423 527 2475 et
553 2338 696 2491 odisset
713 2422 743 2474 et
762 2414 870 2486 Iliade,
896 2413 1080 2488 principium

95 2496 249 2556 adiecisse
263 2498 349 2572 operi
365 2513 432 2570 suo,
449 2515 510 2571 quo
525 2497 639 2557 bellurn
653 2498 815 2558 Troianum
833 2497 1006 2571 conplexus
1023 2502 1080 2555 est.
1180 2558 1188 2575 Ι,

94 2578 186 2639 huius
207 2579 251 2638 rei
271 2590 480 2657 argumentum
506 2581 677 2653 adferebat,
709 2581 792 2654 quod
818 2581 895 2640 duas
920 2580 1023 2639 literas
1048 2577 1079 2638 in
1134 2611 1147 2636 η

94 2663 192 2737 primo
208 2679 299 2725 versu
315 2665 474 2740 posuisset
494 2680 533 2722 ex
554 2664 703 2723 industria
723 2664 869 2724 librorum
885 2679 1010 2723 suorum
1026 2680 1079 2723 nu·

94 2763 209 2809 merum
226 2749 426 2809 continentes.
448 2748 554 2829 lTalia
575 2748 652 2808 sciat
672 2755 807 2823 oportet,
831 2747 882 2822 qui
904 2749 997 2808 multa
1017 2746 1121 2808 vultll

94 2832 189 2891 scire:
219 2848 279 2891 non
294 2833 353 2900 ‚vis
377 2833 525 2908 cogitare,
553 2840 697 2907 quantum
722 2831 775 2891 tibi
797 2832 943 2907 temporis
964 2832 1082 2892 aulerat

92 2916 173 2974 mala
186 2916 337 2989 valitudo,
361 2925 504 2992 quantum
527 2917 688 2991 occupatio
706 2915 843 2991 publica,
869 2923 1014 2992 quantum
1029 2931 1080 2976 oc·

94 3000 216 3073 cupatio
239 3000 372 3074 privata,
399 3007 545 3076 quantum
566 3000 728 3076 occupatio
745 2999 913 3074 cotidiana,
935 3007 1081 3076 quantum

93 3091 244 3142 somnust
275 3084 380 3144 metire
396 3091 523 3145 aetatem
539 3092 711 3166 tuamztam
726 3084 996 3159 multanoncapit.
1030 3084 1124 3144 Delll

92 3166 330 3228 liberalibus
358 3167 502 3229 studiis
529 3171 684 3244 loquor:
710 3169 940 3244 philosophi
960 3184 1080 3244 quan·

96 3256 168 3309 turn
190 3250 331 3313 hahent
349 3252 606 3327 supervacuit
644 3261 789 3327 quantum
806 3253 843 3313 ab
859 3269 919 3313 usu
934 3254 1080 3313 receden-

92 3335 152 3392 tist
193 3335 252 3408 ipsi
275 3352 399 3410 quoque
418 3337 458 3395 ad
476 3337 663 3413 syllabarum
679 3337 891 3397 distinctiones
911 3344 941 3396 et
955 3338 1080 3397 coniun-

92 3416 227 3477 ctionum
243 3435 280 3478 ac
300 3420 563 3496 praepositionum
584 3420 787 3496 proprietates
807 3421 1034 3480 descenderunt
1052 3427 1082 3480 et

92 3501 231 3561 invidere
245 3505 459 3579 grammaticis,
474 3503 613 3564 invidere
627 3504 800 3580 geometris.
837 3504 985 3579 quicquid
1001 3503 1031 3563 in
1046 3503 1080 3564 il·
