2422 3862
253 253 421 314 EPISTUL.
437 253 530 314 MOR.
551 253 624 313 LIB.
636 252 702 313 XV.
723 253 780 312 ΕΡ.
790 262 817 316 3.
839 259 910 330 (95.)
1012 254 1074 318 301

95 416 175 480 tare,
199 424 260 466 non
277 405 411 466 vivere.“
453 404 522 466 Fuit
537 404 604 465 sine
619 403 729 477 dubio,
745 413 778 465 ut
792 405 908 480 dicitis,
924 414 1012 468 vetus
1027 406 1078 469 illa
1087 419 1119 472 14

94 491 247 565 sapientia
273 498 335 550 tum
358 491 491 550 maxime
515 504 648 549 nascens
669 487 756 550 rudis
779 506 841 567 non
861 491 962 551 minus
983 508 1076 568 quani

94 584 217 636 ceterae
233 580 330 647 artes,
354 590 486 648 quarum
505 573 535 632 in
552 588 709 647 processu
725 571 876 634 subtilitas
892 576 997 636 crevit.
1021 575 1077 636 sed

94 675 133 718 ne
150 674 230 733 epus
248 657 371 733 quidem
393 657 493 718 adhuc
517 663 582 716 erat
604 656 748 717 remediis
770 656 972 732 diligentibus.
1001 674 1077 719 non·

93 745 168 804 dum
183 742 214 801 in
233 749 348 806 tantum
369 742 506 816 nequitia
525 748 700 801 surrexerat
714 755 772 800 nec
786 748 847 801 tam
862 741 922 802 late
937 759 972 802 se
989 759 1076 818 spar-

94 833 187 886 serat.
215 832 357 901 poterant
371 825 452 886 vitiis
466 823 658 900 simplicibus
674 824 797 885 obstare
812 826 948 885 remedia
961 826 1076 902 simpli·

95 913 158 970 cia:
180 925 261 970 nunc
282 925 412 970 necesse
433 914 583 970 esttanto
600 908 782 983 operosiora
796 925 868 969 esse
882 911 1077 984 munimenta,

95 1000 212 1070 quanto
237 992 466 1055 vehementiora
491 1001 577 1066 sunt,
607 993 718 1068 quibus
743 994 883 1069 petimur.
926 993 1079 1054 Medicina
1087 995 1119 1049 15

95 1077 251 1154 quondam
268 1091 434 1151 paucarum
449 1077 505 1137 fuit
520 1076 648 1137 scientia
661 1076 839 1151 herbarum,
862 1077 974 1153 quibus
990 1080 1080 1139 siste-

93 1170 179 1222 retur
198 1159 299 1221 fluens
322 1161 464 1234 sanguis,
491 1162 619 1220 volnera
637 1161 770 1221 coirent:
798 1162 943 1238 paulatim
967 1162 1078 1222 deinde

94 1249 125 1306 in
149 1245 228 1305 lianc
257 1246 396 1319 pervenit
423 1252 486 1305 tam
510 1241 707 1318 multiplicem
731 1245 917 1307 varietatem.
949 1261 1006 1306 nec
1032 1253 1079 1306 est

93 1332 202 1389 mirum
218 1336 289 1388 tunc
304 1329 386 1389 illam
400 1329 500 1388 minus
516 1329 630 1403 negotii
642 1328 788 1390 babuisse
801 1329 896 1390 firmis
912 1328 1012 1389 adhuc
1028 1345 1078 1389 so·

94 1413 230 1487 lidisque
249 1412 431 1486 corporibus
453 1419 483 1473 et
501 1411 584 1473 facili
598 1412 667 1472 cibo
684 1429 741 1472 nec
756 1428 813 1488 per
827 1420 922 1473 artem
940 1414 1073 1487 volupta-

94 1506 219 1571 temque
235 1504 393 1571 corrupt0‚
411 1497 462 1572 qui
477 1503 643 1571 postquam
658 1496 760 1571 coepit
775 1511 836 1555 non
849 1497 889 1555 ad
903 1497 1078 1570 tollendam,

95 1580 153 1639 sed
175 1581 215 1639 ad
236 1580 416 1641 inritandam
440 1583 551 1640 tamem
572 1579 677 1655 quaeri
699 1586 731 1639 et
749 1578 892 1640 inventae
914 1588 985 1640 sunt
999 1580 1079 1639 mille

94 1664 289 1738 conditurae,
312 1664 423 1738 quibus
439 1664 569 1724 aviditas
585 1664 783 1734 excitaretur,
806 1678 885 1738 quae
900 1662 1077 1724 desideran-

94 1747 178 1810 tibus
198 1748 341 1808 alimenta
361 1755 462 1821 erant,
489 1762 583 1809 onera
603 1754 674 1808 sunt
694 1747 804 1822 plenis.
848 1747 923 1807 Inde
939 1749 1037 1822 pallor
1052 1752 1122 1807 et16

95 1847 259 1893 nervorum
274 1831 346 1891 vino
361 1832 546 1892 madentium
564 1839 677 1899 tremor
697 1837 727 1890 et
741 1830 942 1891 miserabilior
956 1847 996 1891 ex
1012 1847 1076 1891 cru·

96 1916 240 1976 ditatibus
262 1932 354 1991 quam
374 1932 413 1975 ex
436 1916 516 1974 lame
536 1913 660 1974 macies.
693 1915 764 1974 inde
784 1914 892 1975 incerti
914 1914 1077 1976 labantium

96 2000 195 2074 pedes
210 2009 240 2060 et
256 2015 379 2074 semper
395 1999 494 2073 qualis
509 1996 541 2058 in
556 1998 626 2074 ipsa
636 1996 782 2059 ebrietate
797 1999 944 2060 titubatio.
966 1998 1038 2058 inde
1047 1997 1078 2058 in

95 2090 190 2143 totam
210 2092 309 2145 cutem
324 2083 432 2145 humor
449 2083 603 2144 admissus
625 2082 840 2158 distentusque
861 2091 981 2158 venter,
1006 2083 1079 2142 dum

94 2169 175 2229 male
191 2168 348 2229 adsuescit
367 2170 436 2244 plus
458 2184 569 2243 capere
591 2184 681 2243 quam
703 2174 831 2244 poterat.
852 2168 923 2228 inde
939 2166 1078 2229 subsusio

94 2252 213 2312 luridae
235 2253 304 2312 bilis
325 2259 356 2312 et
377 2253 502 2314 decolor
522 2254 623 2314 voltus
639 2252 789 2328 tabesque
804 2253 834 2312 in
850 2269 885 2313 se
900 2259 1079 2327 putrescen-

94 2336 169 2396 tium
192 2343 223 2395 et
242 2337 384 2396 retorridi
405 2337 489 2411 digiti
518 2334 652 2397 articulis
679 2335 942 2411 obrigescentibus
970 2351 1079 2397 nerve-

93 2436 226 2492 rumque
248 2420 315 2478 sine
337 2434 432 2479 sensu
452 2421 615 2480 iacentium
636 2429 742 2496 torpor
760 2429 812 2481 aut
826 2421 985 2496 palpitatio
1001 2426 1079 2492 [cor-

95 2507 218 2577 porum]
241 2501 308 2560 sine
328 2500 554 2562 intermissione
575 2504 765 2564 vibrantium.
796 2505 868 2576 quid
890 2502 998 2578 capitis
1014 2505 1121 2561 ver-17

94 2586 206 2660 tigines
232 2583 350 2643 dicam?
386 2585 460 2660 quid
486 2586 643 2645 oculorum
672 2589 853 2658 auriumque
877 2592 1026 2645 tormenta
1050 2594 1082 2647 et

95 2669 214 2729 cerebri
229 2669 395 2729 aestuantis
410 2668 646 2729 verminationes
664 2676 695 2729 et
708 2668 822 2744 omnia,
838 2684 895 2744 per
911 2684 991 2744 quae
1006 2685 1079 2730 exo-

95 2768 253 2827 neramur,
271 2752 397 2813 internis
412 2753 566 2814 ulceribus
581 2753 723 2813 adfectat
744 2753 975 2815 innumerabilia
989 2770 1079 2830 prae-

95 2847 181 2899 terea
196 2837 325 2897 febrium
337 2853 459 2913 genera,
474 2837 599 2898 aliarum
612 2838 717 2912 inpetu
729 2838 936 2910 saevientium,
952 2838 1079 2900 aliarum

96 2924 179 2983 tenui
206 2931 292 2996 peste
318 2923 502 2998 repentium,
529 2920 655 2981 aliarum
684 2938 752 2982 cum
776 2921 904 2983 horrore
931 2930 961 2983 et
985 2925 1079 2984 multa

97 3007 303 3066 membrorum
320 3007 518 3081 quassatione
532 3006 737 3066 venientium?
766 3006 844 3079 Quid
858 3008 935 3068 alios
950 3009 1080 3068 reseram
1090 3009 1123 3066 18

97 3091 334 3151 innumerabiles
349 3089 483 3165 morbos
501 3090 653 3165 supplicia
663 3093 822 3152 luxuriae?
842 3093 982 3153 inmunes
994 3100 1080 3153 erant

96 3174 135 3233 ab
152 3175 217 3234 istis
233 3175 336 3247 malis,
359 3176 410 3249 qui
425 3174 559 3234 nondum
576 3191 612 3234 se
626 3174 744 3236 deliciis
759 3178 927 3248 solverant,
954 3177 1006 3251 qui
1021 3176 1079 3237 sibi

97 3259 304 3333 imperabant,
332 3257 389 3319 sibi
413 3258 632 3319 ministrabant.
665 3276 797 3335 corpora
821 3277 917 3336 opere
941 3277 978 3320 ac
1004 3274 1078 3321 vero

97 3343 202 3403 labore
218 3341 368 3403 durabant
382 3351 435 3404 aut
448 3359 541 3403 cursu
555 3344 710 3420 defatigati
724 3353 774 3406 aut
787 3353 898 3407 venatu
910 3352 962 3405 aut
972 3344 1079 3405 tellure

98 3433 229 3486 versata.
253 3427 426 3503 excipiebat
440 3428 509 3488 illos
524 3429 626 3503 cibus,
650 3430 701 3505 qui
717 3429 776 3490 nisi
793 3428 997 3490 esurientibus
1012 3430 1075 3503 pla-

97 3526 169 3570 cere
184 3526 246 3572 non
261 3518 379 3586 posset.
399 3513 503 3589 itaque
519 3511 592 3573 nihil
608 3529 688 3590 opus
704 3521 769 3575 erat
783 3521 844 3573 tam
860 3527 970 3587 magna
983 3511 1078 3570 medi-
