2422 3862
146 217 210 282 2oe
429 214 461 273 L.
483 212 630 273 ΑΝΝΑΕΙ
648 212 828 276 ,SENECAE

146 385 208 447 quo
224 367 374 443 loquebar
389 367 491 440 modo,
508 367 628 438 stultus,
644 363 763 427 etiamsi
777 367 878 427 bonae
892 368 1057 428 voluntatis
1074 377 1131 441 est,

145 452 316 516 autminus
337 467 430 528 quam
453 449 544 511 debet
565 458 617 511 aut
637 459 776 526 ternpore
796 458 850 511 aut
871 467 932 528 quo
955 468 1018 512 non
1040 452 1134 513 debet

145 540 215 601 loco
231 536 340 597 reddit.
363 535 395 596 id
411 535 495 611 quod
508 535 701 595 referendum
714 542 769 608 est
785 535 914 598 effundit
925 544 1018 612 atque
1030 536 1132 598 abicit.

115 622 221 684 9Mira
246 619 278 680 in
304 618 491 695 quibusdam
515 620 609 680 rebus
635 620 800 679 verborum
826 619 1000 697 proprietas
1026 629 1075 682 est
1103 631 1133 682 et

145 704 339 767 consuetudo
361 704 514 764 sermonis
535 704 651 779 antiqui
673 704 825 779 quaedam
848 704 1075 766 efficacissimis
1103 714 1133 765 et

145 790 249 852 olflcia
270 789 451 850 docentibus
474 788 555 849 notis
576 789 686 862 signat.
716 789 767 850 sic¹
782 796 864 849 certe
879 790 1015 850 solemus
1030 789 1131 864 loqui:

144 875 215 950 „ille
228 871 271 933 illi
285 872 412 948 gratiam
425 871 555 933 retulit.“
576 873 726 933 referre
741 879 789 933 est
799 873 889 946 ultro,
908 874 991 949 quod
1004 873 1131 947 debeas

144 959 276 1019 adlerre.
306 973 367 1017 non
394 956 525 1018 dicimus
552 956 715 1033 gratiam
742 957 928 1017 reddidit.
962 956 1132 1018 reddunt

144 1041 226 1111 enim
247 1050 278 1103 et
300 1043 352 1117 qui
373 1047 580 1117 reposcuntur
599 1048 629 1101 et
648 1041 699 1116 qui
720 1039 804 1101 inviti
827 1049 857 1102 et
880 1042 932 1116 qui
952 1040 1080 1102 ubilibet
1101 1049 1132 1102 et

146 1127 197 1201 qui
215 1141 270 1201 per
284 1126 385 1187 alium.
408 1142 470 1186 non
487 1125 616 1187 dicimus
629 1124 1062 1201 reposuitbenelicium
1078 1133 1131 1185 aut

144 1210 275 1272 solvit.
294 1210 409 1271 nullum
424 1210 504 1270 enim
519 1209 609 1270 nobis
626 1210 747 1284 placuit,
765 1210 850 1284 quod
862 1211 925 1271 aeri
941 1209 1039 1269 alieno
1055 1224 1127 1269 con·

103 1295 233 1368 lovenit
252 1294 388 1354 verbum.
432 1296 596 1356 Referre
610 1299 672 1355 est:
692 1294 832 1367 adeum,
848 1311 944 1369 aquo
961 1293 1127 1368 acceperis

29 1406 32 1410 ⁴
143 1394 207 1439 rem
229 1379 336 1438 ferrea
353 1377 431 1439 haec
455 1395 516 1439 vox
538 1376 692 1452 significat
712 1379 914 1440 voluntariam
935 1378 1129 1439 relationem:

144 1463 196 1539 qui
210 1463 320 1537 retulit,
337 1464 455 1538 ipsese
470 1462 643 1539 adpellavit.
680 1462 812 1539 Sapiens
829 1463 931 1523 omnia
946 1460 1132 1523 examinabit

144 1563 265 1608 secum:
290 1554 436 1623 quantum
452 1546 614 1623 acceperit,
630 1564 648 1606 a
664 1565 735 1623 quo,
754 1549 888 1624 quando,
905 1546 967 1621 ubi,
984 1547 1130 1623 quemad-

143 1633 278 1693 modum.
301 1634 405 1708 itaque
421 1648 569 1706 negamus
581 1647 766 1707 quemquam
781 1630 862 1692 scire
877 1632 1004 1707 gratiam
1015 1632 1131 1691 referre

98 1771 102 1777 .
142 1716 203 1777 nisi
224 1717 410 1792 sapientem:
439 1732 500 1778 non
522 1716 620 1791 magis
645 1733 736 1792 quam
755 1716 939 1778 beneficium
954 1716 1030 1776 dare
1046 1717 1129 1792 quis·

145 1817 236 1877 quam
251 1802 310 1863 scit
324 1802 383 1862 nisi
398 1801 534 1876 sapiens,
549 1799 599 1861 hic
614 1799 740 1874 scilicet,
757 1801 809 1876 qui
823 1802 921 1876 magis
934 1800 1005 1861 dato
1018 1800 1131 1876 gaudet

102 1891 235 1960 liquam
251 1887 328 1947 alius
347 1895 486 1961 accepto.
521 1885 587 1945 iloc
603 1885 715 1961 aliquis
730 1886 807 1946 inter
821 1886 872 1945 illa
885 1893 1033 1959 numerat,
1051 1899 1130 1960 quae

144 1970 283 2031 videmur
304 1971 506 2045 inopinata
529 1969 669 2030 omnibus
691 1969 795 2030 dicere
815 1961 1000 2048 (παράδοξα
1022 1969 1129 2030 Graeci

144 2059 268 2126 vocant)
283 2063 314 2115 et
329 2055 383 2115 ait:
403 2070 515 2128 „nemo
530 2070 605 2128 ergo
619 2054 678 2114 scit
693 2061 813 2129 praeter
828 2055 999 2129 sapientem
1015 2055 1130 2114 referre

143 2137 291 2211 gratiana
319 2154 393 2215 ergo
409 2155 480 2212 nec,
503 2139 587 2213 quod
604 2139 709 2210 debet,
731 2138 875 2198 creditori
897 2155 955 2200 suo
976 2154 1130 2214 reponere

144 2220 309 2296 quisquam
325 2222 383 2282 scit
397 2224 498 2284 aliust
516 2238 582 2294 nec,
600 2239 669 2284 curn
681 2224 752 2284 emit
763 2223 896 2298 aliquam
908 2239 981 2295 rem,
1000 2223 1129 2299 pretium

145 2304 294 2365 venditori
315 2307 538 2381 persolveret“
582 2307 627 2367 Ne
641 2307 731 2368 nobis
746 2307 800 2369 liat
813 2305 938 2380 invidia,
955 2308 1032 2369 scito
1048 2307 1129 2367 idem

111 2408 115 2417 ¹
144 2387 247 2449 dicere
258 2389 438 2466 Epicurum:
460 2391 657 2453 Metrodorus
671 2400 754 2452 certe
768 2391 810 2451 ait
825 2392 945 2465 „solum
958 2392 1127 2466 sapientem

102 2472 258 2535 ltrelerre
274 2476 401 2550 gratiam
419 2474 529 2537 scire.“
572 2476 690 2537 Deinde
705 2477 785 2536 idem
799 2474 980 2549 admiratur,
997 2492 1066 2536 cum
1085 2474 1128 2535 di·

144 2559 256 2620 cimus:
279 2561 387 2635 „solus
402 2560 528 2635 sapiens
542 2561 600 2621 scit
614 2577 726 2621 amare.
757 2561 843 2621 solus
866 2562 993 2636 sapiens
1011 2561 1128 2620 amicus

143 2648 220 2704 est.“
243 2645 327 2721 atqui
342 2654 372 2707 et
386 2645 499 2707 amoris
516 2652 546 2705 el
555 2644 705 2705 amicitiae
719 2660 791 2720 pars
805 2653 852 2706 est
862 2646 976 2706 referre
985 2645 1129 2720 gratiam:

143 2727 233 2788 inimo
253 2728 313 2790 hoc
327 2730 425 2806 magis
441 2732 568 2805 volgare
582 2737 630 2790 est
644 2737 675 2790 et
691 2728 722 2788 in
738 2731 842 2805 plures
859 2729 940 2790 cadit
953 2745 1044 2805 quam
1057 2744 1130 2790 vera

143 2811 283 2871 amicitia.
326 2814 443 2874 Deinde
465 2814 549 2886 idem
565 2814 745 2887 admiratur,
767 2814 853 2889 quod
871 2815 1001 2875 dicimus
1016 2814 1129 2889 „fldem

143 2894 201 2953 nisi
217 2895 246 2953 in
263 2897 402 2971 sapiente
416 2915 476 2958 non
494 2903 602 2973 esse‚“
616 2905 770 2974 tamquam
786 2914 847 2959 non
859 2898 927 2974 ipse
939 2898 1020 2958 idem
1033 2898 1129 2958 dicat:

142 2993 180 3036 an
196 2978 249 3038 tibi
264 2979 383 3040 videtur
397 2981 489 3042 fidem
503 2982 633 3055 habere,
657 2982 709 3057 qui
728 2983 844 3044 referre
865 2983 993 3057 gratiam
1011 2980 1131 3043 nescit?

100 3063 133 3117 13
141 3062 290 3122 Desinant
311 3061 413 3137 itaque
436 3066 584 3127 infamare
606 3083 665 3128 nos
686 3073 842 3142 tamquam
860 3065 1052 3128 incredibilia
1069 3068 1128 3126 iac-

142 3153 241 3206 tantes
256 3153 287 3206 et
301 3147 399 3210 sciant
412 3151 496 3225 apud
514 3151 683 3227 sapientem
699 3166 771 3211 esse
786 3149 857 3226 ipsa
877 3151 1022 3224 honesta,
1046 3151 1129 3227 apud

141 3230 265 3305 volgum
287 3231 449 3294 simulacra
470 3251 570 3298 rerum
593 3235 791 3297 honestarum
814 3242 844 3296 et
858 3235 988 3312 clugies.
1032 3236 1128 3296 Nemo

140 3315 256 3376 referre
276 3315 403 3392 gratiam
424 3318 483 3379 scit
503 3319 562 3380 nisi
587 3320 723 3396 sapiens.
770 3318 886 3381 Stultus
913 3336 1056 3397 quoque,
1082 3327 1127 3381 ut-

141 3415 274 3477 cumque
295 3401 352 3463 sclt
373 3411 403 3464 et
427 3406 686 3479 quemadmodum
702 3411 820 3480 potest,
841 3405 970 3466 referam
999 3404 1129 3466 scientia

85 3482 291 3558 millipotius
303 3504 396 3564 quam
411 3489 557 3554 voluntas
568 3489 663 3554 desto
677 3490 758 3551 uelle
768 3506 832 3550 non
843 3488 979 3550 discitur.
995 3488 1128 3564 Sapiens
