2422 3862
110 228 286 291 EPISTUL.
301 230 394 292 MOR.
416 232 488 291 LIB.
501 232 567 291 vlt.
588 232 645 291 ΕΡ.
662 240 687 293 3.
706 241 732 294 l.
754 241 810 308 (65.
826 240 884 306 66.)
928 234 988 299 143

69 389 229 443 uentorum
246 382 390 457 patientia
405 390 435 443 et
448 382 478 441 in
490 383 597 444 morbo
609 384 695 458 gravi
707 385 922 461 temperantia:
937 385 988 448 illa

69 483 87 526 a
118 467 238 526 directo
260 467 432 541 optabimus
459 466 564 539 nobis,
593 466 683 542 haec,
713 468 740 528 si
766 484 895 530 necesse
920 472 986 534 erit.

69 549 198 611 tadhuc
212 551 344 622 tertia,
367 558 521 626 tamquam
540 552 698 612 modestus
714 551 855 613 incessas
872 562 903 614 et
914 572 987 616 con-

69 635 129 695 itus
145 649 183 693 ac
199 635 316 709 probus
332 632 432 695 vollus
447 642 477 694 et
491 634 678 695 conveniens
694 636 836 711 prudenti
853 639 918 699 viro
934 655 985 714 ge·
1030 689 1032 693 .

69 738 82 776 ι.
131 718 291 792 Quomodo
318 719 377 778 ista
397 717 475 779 inter
495 734 530 778 sc
550 720 635 794 paria
655 735 727 780 esse
749 729 894 795 possunt,
917 728 1015 783 cumo

79 802 221 878 optanda
243 801 316 876 sint,
340 802 398 861 alia
418 804 612 863 aversanda?
639 801 672 863 Si
690 805 830 866 volumus
852 806 910 865 ista
925 807 986 866 dis·
1067 871 1071 876 ,

68 902 162 959 uere,
192 887 230 945 ad
261 886 388 960 primum
414 885 528 947 bonum
546 895 735 948 revertamur
755 896 786 948 et
810 890 984 950 considere·

69 971 128 1030 rid
151 972 244 1045 quale
265 970 319 1030 sit:
342 971 461 1031 animus
482 970 603 1032 intuens
627 988 714 1046 vera,
738 972 853 1047 peritus
869 974 985 1048 fugien-

69 1071 114 1116 um
133 1070 170 1114 ac
188 1054 405 1129 petendorum,
426 1070 487 1114 non
510 1070 548 1113 ex
571 1054 731 1130 opinione,
753 1057 809 1117 sed
824 1073 863 1116 ex
879 1067 986 1119 natura

69 1141 103 1200 ia
116 1139 214 1199 rebus
230 1138 396 1213 inponens,
419 1139 472 1199 toti
495 1154 529 1198 se
544 1139 684 1200 inserens
696 1140 810 1201 mundo
828 1149 858 1201 et
876 1142 906 1202 in
923 1159 985 1202 om·

76 1223 147 1283 eius
163 1231 251 1283 actus
267 1221 552 1298 contemplationem
570 1239 657 1283 suam
672 1225 808 1296 mittens,
826 1227 984 1301 cogitatio·

69 1316 95 1368 rs
117 1306 355 1382 actionibusque
377 1306 524 1381 intentus,
548 1323 586 1366 ex
605 1323 704 1384 aequo
727 1324 854 1384 magnus
876 1327 913 1370 ac
934 1328 984 1371 ve-

69 1406 150 1463 rens,
175 1391 295 1467 asperis
316 1390 500 1466 blandisque
526 1389 639 1467 pariter
661 1393 805 1466 invictus,
829 1395 927 1454 neutri
950 1410 985 1454 se

69 1491 148 1538 unae
165 1475 360 1549 submittens,
383 1491 479 1551 supra
493 1476 595 1536 omnia
611 1493 689 1551 quae
709 1477 888 1552 contingunt
906 1479 984 1537 acci·

68 1568 145 1636 tque
160 1559 313 1632 eminens,
335 1559 571 1635 pulcherrimus,
590 1561 835 1622 ordinatissimus
847 1577 916 1622 curn
932 1561 983 1620 de-

69 1653 157 1707 rium
172 1642 303 1718 viribus,
314 1659 409 1705 sanus
421 1660 458 1704 ac
473 1646 621 1718 sincerus,
634 1644 877 1720 inperturbatus,
894 1644 983 1705 intre·

69 1746 113 1802 ts,
140 1744 233 1804 quern
254 1729 336 1788 nulla
356 1729 403 1789 vis
425 1729 560 1804 frangat,
584 1744 675 1804 quem
694 1745 750 1788 nec
765 1729 911 1790 adtollant
924 1730 984 1787 lor-

69 1833 78 1874 ι
100 1829 162 1873 nec
174 1813 360 1888 deprimant:
383 1813 451 1873 talis
473 1814 592 1874 animus
613 1813 709 1874 virtus
732 1820 787 1872 est.
825 1813 901 1872 haec
918 1813 1012 1872 ciust

69 1897 182 1968 iacies,
206 1897 233 1956 si
248 1897 305 1958 sub
326 1914 419 1958 unum
439 1897 541 1958 veniat
560 1898 741 1972 adspectum
762 1905 791 1957 et
812 1899 907 1956 semel
922 1904 985 1957 tota

69 1981 217 2044 stendat=
240 1988 373 2042 ceterum
389 1982 498 2041 multae
511 1980 578 2041 eins
595 1980 717 2057 species
733 1988 813 2055 suut,
832 1997 912 2056 quae
926 1998 983 2057 pro

69 2065 249 2127 evarictate
270 2073 300 2126 et
316 2082 370 2142 pro
391 2065 561 2127 actionibus
583 2065 787 2141 explicantur:
810 2081 866 2125 neo
887 2065 985 2125 minor

68 2158 104 2211 ut
118 2149 220 2224 major
234 2150 311 2225 ipsa.
335 2150 516 2210 decrescere
531 2150 610 2209 enim
626 2167 777 2211 summum
791 2151 905 2211 bonum
922 2166 983 2210 non

69 2241 107 2296 est
122 2249 183 2293 nec
198 2234 297 2295 virtuti
318 2234 362 2293 ire
375 2243 456 2296 retro
479 2234 562 2294 licet:
586 2235 641 2295 sed
663 2235 692 2293 in
709 2235 784 2295 alias
799 2243 892 2309 atque
907 2236 983 2295 alias

69 2319 169 2380 titates
184 2319 369 2379 convertitur
391 2319 427 2378 ad
450 2332 566 2390 rerum,
591 2336 669 2394 quas
691 2326 797 2381 actura
815 2327 877 2392 est,
899 2319 982 2379 habi-

80 2403 224 2478 flgnrata.
257 2402 408 2479 Quicquid
421 2403 543 2478 adtigit,
567 2403 598 2464 in
620 2401 847 2464 similitudinem
866 2403 913 2462 sui
929 2402 1012 2462 ad-t3

69 2487 89 2547 it
109 2485 258 2561 attingit:
281 2487 435 2557 actioneS,
458 2486 620 2560 amicitias,
643 2487 792 2548 interdum
811 2488 921 2547 domos
937 2494 1002 2563 t0-,

89 2586 171 2647 quas
193 2571 313 2632 intravit
340 2571 570 2646 disposuitque,
600 2572 795 2632 condecorat.
836 2569 983 2646 quicquid

69 2654 160 2728 tavit,
177 2653 208 2714 id
223 2655 365 2726 amabile,
382 2655 597 2731 conspicuum,
613 2655 750 2715 mirabile
765 2655 845 2714 tacit.
879 2654 982 2730 itaque

69 2738 135 2800 eius
158 2746 188 2798 et
209 2738 385 2814 magnitudo
402 2741 480 2800 ultra
500 2754 561 2798 non
576 2746 678 2814 potest
692 2755 834 2814 surgere,
858 2738 981 2813 quaudo

69 2829 228 2884 amentum
235 2824 367 2884 maximo
380 2839 441 2883 non
453 2831 514 2883 est:
527 2822 600 2883 nihil
612 2823 749 2884 invenies
761 2823 875 2884 rectius
887 2831 981 2896 recto,

80 2907 182 2982 magis
198 2924 289 2982 quam
305 2908 408 2967 verius
423 2924 510 2982 vera,
534 2923 625 2983 quarn
644 2914 811 2982 temperato
832 2915 983 2983 tempera-

69 3039 71 3048 ,
110 2991 218 3054 Omnis
240 2993 270 3051 in
292 2992 383 3052 modo
406 3000 454 3052 est
473 2993 579 3052 virtus.
614 2993 724 3053 modus
744 2999 825 3051 certa
841 3001 1013 3054 mensurata

79 3076 258 3138 constantia
270 3093 331 3136 non
345 3075 443 3149 habet,
457 3091 519 3152 quo
534 3077 689 3151 procedat,
704 3092 763 3136 non
780 3075 877 3150 magis
890 3091 982 3150 quam

69 3163 116 3224 cia
138 3167 193 3222 aut
219 3160 331 3220 veritas
357 3170 408 3221 aut
429 3161 517 3221 fides.
563 3159 641 3233 Quid
665 3160 814 3220 accedere
844 3159 982 3235 perfecto

69 3253 126 3308 st?
152 3244 244 3317 nibil,
261 3251 312 3303 aut
326 3246 569 3320 perlectum'non
586 3251 665 3317 erat,
682 3245 730 3305 cui
745 3243 892 3303 accessit:
908 3258 982 3317 ergo

69 3330 159 3393 irtuti
177 3329 319 3404 quidem,
342 3327 391 3389 cui
410 3329 436 3389 si
459 3329 530 3405 quid
547 3327 625 3388 adici
641 3334 758 3403 potest,
781 3327 883 3387 deluit.
921 3325 981 3385 Ho-

69 3434 120 3480 um
144 3429 277 3494 quoque
298 3414 409 3473 nullam
431 3413 642 3474 accessionem
667 3412 784 3488 recipit.
819 3411 990 3472 honestum

69 3503 140 3564 mim
157 3498 375 3578 propterista,
402 3513 481 3574 quae
494 3496 595 3560 retuli.
619 3498 694 3576 quid
712 3505 833 3578 porro‘l
848 3498 1005 3560 decorum
