2422 3862
146 244 207 308 156
260 246 263 251 ’
414 246 447 305 L.
470 245 616 305 ANNAEl
640 243 815 305 SENECAE

144 399 218 458 vino
233 404 289 458 aut¹
299 397 410 459 balneo
426 397 585 458 abstinent.
619 397 650 456 in
665 404 767 457 cetera
780 398 975 472 neglegentes
990 394 1078 471 ltuic,
1102 415 1122 458 a

146 497 207 557 quo
226 491 321 555 saepe
348 482 543 555 infestantur,
567 487 746 541 occurrunt=
769 478 865 541 sicin
887 481 988 540 animo
1012 488 1120 543 nostro

145 573 215 626 sunt
230 564 381 640 quaedam
400 566 488 640 quasi
503 565 662 625 causariae
678 572 796 640 partes,
819 564 929 640 quibus
945 563 1121 625 adhibenda

111 649 260 709 scuratio
284 655 340 707 cst.
372 648 450 723 Quid
471 650 500 708 in
527 647 588 709 otio
610 647 712 708 lacior
739 649 827 708 ulcus
847 663 947 708 meum
963 663 1048 708 euro.
1087 648 1121 708 Si

144 731 339 794 ostenderem
358 730 411 792 tibi
438 733 549 807 pedem
572 732 738 807 turgidum,
768 730 892 790 lividam
917 747 1040 792 manum
1066 740 1119 793 aut

144 815 290 877 contracti
305 815 403 876 cruris
417 816 521 876 aridos
536 831 666 888 nervos,
682 813 872 890 permitteres
884 814 957 874 mihi
972 831 1034 875 uno
1048 816 1122 876 loco

143 901 245 960 iacere
268 905 298 958 et
317 899 422 959 lovere
442 898 581 959 morbum
601 915 717 960 meum:
742 898 840 975 majus
861 900 972 959 malum
987 907 1036 959 est
1049 899 1119 972 hoc,

145 983 227 1059 quod
249 998 311 1042 non
330 997 458 1056 possum
474 982 527 1042 tibi
549 982 725 1044 ostenderet
747 982 777 1041 in
793 989 919 1057 pectore
935 984 1005 1059 ipso
1027 983 1119 1043 colle·

144 1067 203 1127 ctio
219 1074 249 1126 et
265 1067 385 1127 vomica·
399 1074 455 1126 est.
477 1067 554 1126 Nolo
568 1067 692 1139 laudes,
709 1064 781 1126 nolo
796 1065 897 1126 dicas=
920 1083 959 1138 „o
975 1082 1121 1141 magnum

143 1151 255 1210 virum!
277 1151 462 1225 contempsit
483 1151 584 1210 omnia
598 1157 628 1210 et
643 1149 796 1210 damnatis
810 1149 963 1210 humanae
977 1151 1058 1210 vitae
1073 1153 1087 1211 l
1107 1182 1118 1192 ·

112 1234 263 1296 9roribus
290 1233 395 1308 tugitr‘
430 1233 503 1294 nihil
528 1233 670 1293 damnavi
695 1232 834 1294 nisime.
867 1233 933 1294 Non
948 1241 1011 1307 est,
1035 1234 1120 1309 quod

144 1316 330 1394 proficiendi
348 1332 444 1378 causa
469 1315 574 1377 venire
594 1317 634 1377 ad
655 1333 704 1377 me
725 1318 812 1378 velis.
850 1333 951 1392 erras,
974 1317 1027 1394 qui
1049 1318 1119 1377 hine

144 1401 259 1476 aliquid
279 1399 383 1462 auxilii
404 1417 527 1476 speras:
549 1417 610 1461 non
629 1400 784 1475 modicus,
806 1401 863 1462 sed
883 1417 976 1476 aeger
995 1401 1045 1463 hic
1066 1401 1118 1460 he-

143 1485 226 1545 bitat.
264 1485 342 1545 malo
365 1485 453 1563 [illa],
477 1500 545 1546 cum
573 1484 774 1558 discesseris,
796 1485 898 1545 diceet
927 1501 1007 1560 „ego
1026 1486 1119 1546 istum

143 1569 263 1630 beatum
278 1568 431 1628 hominem
445 1568 589 1644 putabam
605 1576 635 1629 et
648 1567 809 1630 eruditum.
837 1583 995 1629 erexeram
1012 1585 1119 1630 aures:

144 1653 306 1714 destitutus
328 1669 405 1714 sum.
441 1653 513 1712 nihil
537 1651 614 1725 vidi,
636 1651 709 1713 nihil
726 1649 844 1726 audivi,
867 1654 951 1727 quod
972 1653 1118 1728 concupi-

145 1751 277 1810 scerem,
299 1736 339 1796 ad
358 1736 441 1812 quod
462 1742 660 1797 reverterer.“
694 1734 727 1796 Si
741 1736 800 1798 hoe
816 1736 927 1810 sentis,
950 1736 976 1797 si
994 1737 1055 1797 hoc
1075 1738 1118 1796 lo-

145 1820 263 1896 quern,
285 1820 400 1896 aliquid
421 1821 592 1897 proiectum
613 1827 670 1881 est.
704 1819 784 1880 llalo
805 1819 950 1894 ignosces
972 1823 1034 1881 otio
1050 1836 1120 1880 meo

106 1919 236 1980 roquam
258 1903 408 1964 invideas.
450 1902 585 1979 „0tium‚
606 1904 724 1979 inquis,
756 1903 890 1977 Seneca,
921 1905 1119 1965 commendas

143 1988 237 2047 mihi?
264 1987 303 2047 nd
322 1987 489 2064 Epicureas
510 2004 606 2049 voces
623 1986 805 2048 delaberis.“
842 1985 941 2048 Otium
963 1989 1016 2048 tibi
1038 2005 1118 2051 oom-

144 2071 270 2144 mendo,
291 2072 319 2132 in
336 2088 397 2146 quo
412 2070 527 2131 maiora
542 2087 617 2147 agas
635 2079 665 2132 et
679 2071 852 2147 pulchriora
868 2087 959 2147 quam
977 2088 1057 2148 quae
1072 2087 1118 2131 re·

144 2153 271 2230 liquisti:
295 2155 418 2228 pulsare
432 2155 583 2232 superbas
599 2153 804 2230 potentiorum
818 2156 917 2231 lores,
934 2156 1119 2230 digererem

144 2237 261 2298 literam
282 2253 374 2298 senes
397 2239 506 2312 orbos,
531 2240 690 2315 plurimum
712 2239 744 2298 in
765 2241 833 2301 loro
855 2254 951 2314 posse
966 2239 1119 2302 invidiose

145 2320 280 2396 potentia
302 2337 340 2381 ae
357 2321 460 2383 brevis
480 2329 542 2397 est,
565 2331 608 2395 et,
631 2323 658 2382 si
678 2338 786 2384 verum
805 2323 964 2397 aestimes,
981 2323 1119 2384 sordida.

107 2415 134 2468 tt
144 2406 195 2466 ille
210 2420 258 2465 me
272 2406 370 2481 gratia
384 2406 498 2467 lorensi
513 2407 605 2481 longe
620 2407 795 2481 antecedet,
816 2405 867 2467 ille
882 2406 1045 2483 stipendiis
1064 2407 1118 2468 mi·

144 2489 281 2551 litaribus
309 2496 340 2551 et
367 2490 505 2565 quaesita
536 2505 593 2565 per
616 2490 675 2551 hoc
706 2490 866 2566 dignitater
898 2491 949 2551 ille
976 2492 1118 2552 clientum

143 2574 246 2634 turba=
272 2581 320 2636 est
338 2575 413 2634 tanti
437 2572 476 2635 ab
499 2575 640 2636 omnibus
663 2572 760 2648 vinci,
788 2575 860 2635 dum
883 2591 901 2635 a
926 2591 975 2636 me
995 2575 1118 2636 lortuna

143 2657 302 2733 vincatur,
319 2658 368 2719 cui
388 2659 418 2717 in
437 2658 527 2718 turba
542 2673 597 2733 par
612 2674 683 2719 esse
698 2675 760 2719 non
776 2665 919 2734 possum!
942 2661 1012 2735 plus
1028 2659 1120 2720 habet

105 2740 266 2816 ragratlae.
300 2742 421 2802 Utinam
437 2740 560 2816 quidem
574 2741 634 2803 hoe
646 2742 837 2818 propositum
854 2743 942 2818 sequi
957 2743 1030 2805 olim
1045 2743 1119 2804 luis-

145 2831 192 2884 set
214 2824 332 2885 animus
352 2823 419 2883 tibit
441 2824 553 2885 utinam
575 2826 614 2885 de
635 2826 696 2886 vita
715 2826 806 2888 beate
825 2828 932 2888 nonin
949 2837 1119 2902 conspeetu

144 2905 250 2968 mortis
265 2913 442 2982 ageremus!
459 2908 515 2967 sed
531 2925 610 2970 nuuc
626 2926 752 2987 quoque
766 2926 826 2971 non
839 2927 1002 2973 moremur.
1026 2912 1120 2972 multa

145 2991 239 3065 enim,
262 3005 342 3065 quae
360 3005 552 3065 supervacua
569 3008 640 3054 esse
661 3002 692 3054 et
704 2993 826 3054 inimica
846 2995 991 3057 credituri
1005 2995 1118 3055 luimus

107 3073 267 3145 teretioni,
289 3089 370 3134 nunc
392 3074 597 3149 experientiae
619 3075 782 3138 credimus.
820 3077 908 3152 Quod
936 3081 1039 3140 lacere
1068 3095 1117 3139 so-

143 3160 219 3231 lent,
243 3157 294 3232 qui
313 3158 413 3218 serius
429 3159 567 3221 exierunt
586 3168 616 3222 et
636 3162 740 3223 volunt
761 3168 881 3238 tempus
902 3163 1057 3223 celeritate
1071 3179 1117 3222 re·

144 3256 263 3316 parare,
279 3242 379 3302 calcar
393 3241 557 3304 addamus!
579 3243 657 3305 haec
672 3253 757 3306 aetas
773 3246 886 3320 optime
901 3246 973 3307 lacit
986 3247 1026 3307 ad
1040 3247 1118 3307 haec

144 3325 259 3387 studia:
281 3326 340 3387 iam
364 3327 566 3403 despumavit.
602 3326 662 3389 iam
687 3330 760 3390 vitia
781 3330 879 3404 primo
902 3332 1025 3391 fervore
1043 3331 1116 3394 adu·

144 3407 310 3470 lescentiae
324 3409 470 3472 indomita
485 3411 626 3472 lassavit=
645 3429 705 3474 non
717 3415 843 3474 multum
860 3422 1002 3490 superest
1017 3420 1051 3474 ut
1064 3429 1116 3474 ex-

81 3491 273 3566 restinguet.
306 3494 369 3569 „Et
384 3495 528 3575 quando,
552 3495 675 3576 inquis,
698 3497 754 3560 tibi
767 3497 907 3574 proderit
915 3496 1115 3572 istud,quod
