<?xml version="1.0" encoding="UTF-8"?>
<!DOCTYPE html PUBLIC "-//W3C//DTD XHTML 1.0 Transitional//EN"
    "http://www.w3.org/TR/xhtml1/DTD/xhtml1-transitional.dtd">
<html xmlns="http://www.w3.org/1999/xhtml" xml:lang="en" lang="en">
 <head>
  <title>
</title>
<meta http-equiv="Content-Type" content="text/html;charset=utf-8" />
  <meta name='ocr-system' content='tesseract 3.04.00' />
  <meta name='ocr-capabilities' content='ocr_page ocr_carea ocr_par ocr_line ocrx_word'/>
</head>
<body>
  <div class='ocr_page' id='page_1' title='image "./lannaeisenecaeo06senegoog_0402.png"; bbox 0 0 2422 3862; ppageno 0'>
   <div class='ocr_carea' id='block_1_1' title="bbox 116 245 1036 324">
    <p class='ocr_par' dir='ltr' id='par_1_1' title="bbox 116 245 1036 324">
     <span class='ocr_line' id='line_1_1' title="bbox 116 245 1036 324; baseline 0.009 -18"><span class='ocrx_word' id='word_1_1' title='bbox 116 246 286 308; x_wconf 83' lang='lat' dir='ltr'>EPISTUL.</span> <span class='ocrx_word' id='word_1_2' title='bbox 299 245 392 307; x_wconf 89' lang='lat' dir='ltr'>MOR.</span> <span class='ocrx_word' id='word_1_3' title='bbox 415 247 488 306; x_wconf 90' lang='lat' dir='ltr'>LIB.</span> <span class='ocrx_word' id='word_1_4' title='bbox 501 247 580 307; x_wconf 88' lang='lat' dir='ltr'><strong>XIX.</strong></span> <span class='ocrx_word' id='word_1_5' title='bbox 600 247 656 307; x_wconf 83' lang='grc' dir='ltr'>ΕΡ.</span> <span class='ocrx_word' id='word_1_6' title='bbox 668 256 754 310; x_wconf 76' lang='grc' dir='ltr'>Η.</span> <span class='ocrx_word' id='word_1_7' title='bbox 769 257 832 324; x_wconf 70' lang='lat' dir='ltr'>(lli</span> <span class='ocrx_word' id='word_1_8' title='bbox 839 254 954 322; x_wconf 83' lang='lat' dir='ltr'>-1ta.)</span> <span class='ocrx_word' id='word_1_9' title='bbox 974 248 1036 315; x_wconf 76' lang='lat' dir='ltr'>tol</span> 
     </span>
    </p>
   </div>
   <div class='ocr_carea' id='block_1_2' title="bbox 55 398 1091 3589">
    <p class='ocr_par' dir='ltr' id='par_1_2' title="bbox 55 398 1091 3589">
     <span class='ocr_line' id='line_1_2' title="bbox 59 398 1034 475; baseline 0.005 -15"><span class='ocrx_word' id='word_1_10' title='bbox 59 400 267 475; x_wconf 91' lang='lat' dir='ltr'>prudentia</span> <span class='ocrx_word' id='word_1_11' title='bbox 288 406 527 474; x_wconf 78' lang='lat' dir='ltr'>ceteraeque</span> <span class='ocrx_word' id='word_1_12' title='bbox 550 399 718 459; x_wconf 85' lang='lat' dir='ltr'>virtutes</span> <span class='ocrx_word' id='word_1_13' title='bbox 739 398 924 461; x_wconf 89' lang='lat' dir='ltr'>animalia</span> <span class='ocrx_word' id='word_1_14' title='bbox 948 404 1034 465; x_wconf 86' lang='lat' dir='ltr'>sint</span> 
     </span>
     <span class='ocr_line' id='line_1_3' title="bbox 56 481 1036 556; baseline 0.003 -12"><span class='ocrx_word' id='word_1_15' title='bbox 56 485 122 544; x_wconf 91' lang='lat' dir='ltr'>Hac</span> <span class='ocrx_word' id='word_1_16' title='bbox 143 482 307 543; x_wconf 79' lang='lat' dir='ltr'>subtilitate</span> <span class='ocrx_word' id='word_1_17' title='bbox 327 481 502 556; x_wconf 76' lang='lat' dir='ltr'>effecimuS‚</span> <span class='ocrx_word' id='word_1_18' title='bbox 523 483 812 556; x_wconf 86' lang='lat' dir='ltr'>Lucili-carissime,</span> <span class='ocrx_word' id='word_1_19' title='bbox 838 491 871 544; x_wconf 91' lang='lat' dir='ltr'>ut</span> <span class='ocrx_word' id='word_1_20' title='bbox 890 500 1036 547; x_wconf 87' lang='lat' dir='ltr'>exercere</span> 
     </span>
     <span class='ocr_line' id='line_1_4' title="bbox 56 566 1036 642; baseline 0.005 -15"><span class='ocrx_word' id='word_1_21' title='bbox 56 567 213 642; x_wconf 83' lang='lat' dir='ltr'>ingenium</span> <span class='ocrx_word' id='word_1_22' title='bbox 229 568 307 626; x_wconf 93' lang='lat' dir='ltr'>inter</span> <span class='ocrx_word' id='word_1_23' title='bbox 328 567 418 626; x_wconf 89' lang='lat' dir='ltr'>inrita</span> <span class='ocrx_word' id='word_1_24' title='bbox 439 566 612 627; x_wconf 78' lang='lat' dir='ltr'>videremur</span> <span class='ocrx_word' id='word_1_25' title='bbox 632 574 663 627; x_wconf 92' lang='lat' dir='ltr'>et</span> <span class='ocrx_word' id='word_1_26' title='bbox 682 567 941 642; x_wconf 79' lang='lat' dir='ltr'>disputationibus</span> <span class='ocrx_word' id='word_1_27' title='bbox 962 570 1036 632; x_wconf 90' lang='lat' dir='ltr'>nihil</span> 
     </span>
     <span class='ocr_line' id='line_1_5' title="bbox 56 650 1036 730; baseline 0.004 -19"><span class='ocrx_word' id='word_1_28' title='bbox 56 652 224 728; x_wconf 79' lang='lat' dir='ltr'>profuturis</span> <span class='ocrx_word' id='word_1_29' title='bbox 242 652 335 711; x_wconf 90' lang='lat' dir='ltr'>otium</span> <span class='ocrx_word' id='word_1_30' title='bbox 350 657 457 710; x_wconf 85' lang='lat' dir='ltr'>terere.</span> <span class='ocrx_word' id='word_1_31' title='bbox 489 650 620 724; x_wconf 88' lang='lat' dir='ltr'>Faciam,</span> <span class='ocrx_word' id='word_1_32' title='bbox 636 652 720 725; x_wconf 91' lang='lat' dir='ltr'>quod</span> <span class='ocrx_word' id='word_1_33' title='bbox 732 652 901 728; x_wconf 77' lang='lat' dir='ltr'>desideraS,</span> <span class='ocrx_word' id='word_1_34' title='bbox 917 655 1036 730; x_wconf 83' lang='lat' dir='ltr'>etquid</span> 
     </span>
     <span class='ocr_line' id='line_1_6' title="bbox 56 735 1036 809; baseline 0.003 -13"><span class='ocrx_word' id='word_1_35' title='bbox 56 737 170 798; x_wconf 91' lang='lat' dir='ltr'>nostris</span> <span class='ocrx_word' id='word_1_36' title='bbox 187 736 340 807; x_wconf 87' lang='lat' dir='ltr'>videatur,</span> <span class='ocrx_word' id='word_1_37' title='bbox 356 750 518 809; x_wconf 87' lang='lat' dir='ltr'>exponam.</span> <span class='ocrx_word' id='word_1_38' title='bbox 541 736 597 796; x_wconf 90' lang='lat' dir='ltr'>sed</span> <span class='ocrx_word' id='word_1_39' title='bbox 613 750 662 794; x_wconf 83' lang='lat' dir='ltr'>ine</span> <span class='ocrx_word' id='word_1_40' title='bbox 675 735 706 795; x_wconf 92' lang='lat' dir='ltr'>in</span> <span class='ocrx_word' id='word_1_41' title='bbox 720 735 780 796; x_wconf 90' lang='lat' dir='ltr'>alia</span> <span class='ocrx_word' id='word_1_42' title='bbox 795 750 867 797; x_wconf 86' lang='lat' dir='ltr'>esse</span> <span class='ocrx_word' id='word_1_43' title='bbox 885 739 1036 800; x_wconf 87' lang='lat' dir='ltr'>sententia</span> 
     </span>
     <span class='ocr_line' id='line_1_7' title="bbox 56 819 1036 897; baseline 0.004 -18"><span class='ocrx_word' id='word_1_44' title='bbox 56 820 213 895; x_wconf 77' lang='lat' dir='ltr'>profiteor.</span> <span class='ocrx_word' id='word_1_45' title='bbox 230 828 304 894; x_wconf 94' lang='lat' dir='ltr'>puto</span> <span class='ocrx_word' id='word_1_46' title='bbox 318 819 468 894; x_wconf 84' lang='lat' dir='ltr'>quaedam</span> <span class='ocrx_word' id='word_1_47' title='bbox 480 835 561 891; x_wconf 86' lang='lat' dir='ltr'>esse,</span> <span class='ocrx_word' id='word_1_48' title='bbox 575 835 654 895; x_wconf 89' lang='lat' dir='ltr'>quae</span> <span class='ocrx_word' id='word_1_49' title='bbox 667 819 797 880; x_wconf 84' lang='lat' dir='ltr'>deceant</span> <span class='ocrx_word' id='word_1_50' title='bbox 808 820 1036 897; x_wconf 84' lang='lat' dir='ltr'>phaecasiatum</span> 
     </span>
     <span class='ocr_line' id='line_1_8' title="bbox 55 901 1034 980; baseline 0.003 -17"><span class='ocrx_word' id='word_1_51' title='bbox 55 904 293 980; x_wconf 79' lang='lat' dir='ltr'>palliolumque:</span> <span class='ocrx_word' id='word_1_52' title='bbox 310 918 389 978; x_wconf 92' lang='lat' dir='ltr'>quae</span> <span class='ocrx_word' id='word_1_53' title='bbox 401 901 556 978; x_wconf 86' lang='lat' dir='ltr'>sintergo,</span> <span class='ocrx_word' id='word_1_54' title='bbox 574 919 654 979; x_wconf 88' lang='lat' dir='ltr'>quae</span> <span class='ocrx_word' id='word_1_55' title='bbox 665 903 808 980; x_wconf 88' lang='lat' dir='ltr'>antiquos</span> <span class='ocrx_word' id='word_1_56' title='bbox 820 906 978 980; x_wconf 73' lang='lat' dir='ltr'>moverint</span> <span class='ocrx_word' id='word_1_57' title='bbox 990 907 1034 966; x_wconf 90' lang='lat' dir='ltr'>di-</span> 
     </span>
     <span class='ocr_line' id='line_1_9' title="bbox 57 986 1064 1063; baseline -0.003 -16"><span class='ocrx_word' id='word_1_58' title='bbox 57 1004 133 1047; x_wconf 90' lang='lat' dir='ltr'>cam.</span> <span class='ocrx_word' id='word_1_59' title='bbox 167 986 310 1047; x_wconf 83' lang='lat' dir='ltr'>Animum</span> <span class='ocrx_word' id='word_1_60' title='bbox 325 993 446 1046; x_wconf 87' lang='lat' dir='ltr'>constat</span> <span class='ocrx_word' id='word_1_61' title='bbox 462 986 572 1046; x_wconf 91' lang='lat' dir='ltr'>animal</span> <span class='ocrx_word' id='word_1_62' title='bbox 587 1003 676 1059; x_wconf 90' lang='lat' dir='ltr'>esse,</span> <span class='ocrx_word' id='word_1_63' title='bbox 691 1002 760 1048; x_wconf 91' lang='lat' dir='ltr'>cum</span> <span class='ocrx_word' id='word_1_64' title='bbox 775 989 844 1063; x_wconf 88' lang='lat' dir='ltr'>ipse</span> <span class='ocrx_word' id='word_1_65' title='bbox 858 988 984 1062; x_wconf 84' lang='lat' dir='ltr'>alliciat,</span> <span class='ocrx_word' id='word_1_66' title='bbox 1001 991 1064 1050; x_wconf 72' lang='lat' dir='ltr'>ult</span> 
     </span>
     <span class='ocr_line' id='line_1_10' title="bbox 57 1070 1035 1147; baseline 0.003 -16"><span class='ocrx_word' id='word_1_67' title='bbox 57 1073 153 1131; x_wconf 90' lang='lat' dir='ltr'>simus</span> <span class='ocrx_word' id='word_1_68' title='bbox 167 1071 322 1142; x_wconf 88' lang='lat' dir='ltr'>animalia,</span> <span class='ocrx_word' id='word_1_69' title='bbox 341 1071 392 1147; x_wconf 87' lang='lat' dir='ltr'>[et]</span> <span class='ocrx_word' id='word_1_70' title='bbox 408 1086 476 1129; x_wconf 92' lang='lat' dir='ltr'>cum</span> <span class='ocrx_word' id='word_1_71' title='bbox 493 1071 532 1129; x_wconf 92' lang='lat' dir='ltr'>ab</span> <span class='ocrx_word' id='word_1_72' title='bbox 547 1070 598 1130; x_wconf 91' lang='lat' dir='ltr'>illo</span> <span class='ocrx_word' id='word_1_73' title='bbox 613 1070 755 1130; x_wconf 90' lang='lat' dir='ltr'>animalia</span> <span class='ocrx_word' id='word_1_74' title='bbox 774 1087 884 1132; x_wconf 90' lang='lat' dir='ltr'>nomen</span> <span class='ocrx_word' id='word_1_75' title='bbox 901 1072 961 1133; x_wconf 90' lang='lat' dir='ltr'>boc</span> <span class='ocrx_word' id='word_1_76' title='bbox 976 1082 1035 1135; x_wconf 90' lang='lat' dir='ltr'>tra-</span> 
     </span>
     <span class='ocr_line' id='line_1_11' title="bbox 55 1153 1036 1230; baseline 0.001 -15"><span class='ocrx_word' id='word_1_77' title='bbox 55 1157 165 1215; x_wconf 85' lang='lat' dir='ltr'>xerint.</span> <span class='ocrx_word' id='word_1_78' title='bbox 184 1156 279 1215; x_wconf 91' lang='lat' dir='ltr'>virtus</span> <span class='ocrx_word' id='word_1_79' title='bbox 291 1161 391 1214; x_wconf 87' lang='lat' dir='ltr'>auteur</span> <span class='ocrx_word' id='word_1_80' title='bbox 407 1153 479 1213; x_wconf 92' lang='lat' dir='ltr'>nihil</span> <span class='ocrx_word' id='word_1_81' title='bbox 494 1153 576 1213; x_wconf 89' lang='lat' dir='ltr'>aliud</span> <span class='ocrx_word' id='word_1_82' title='bbox 590 1161 637 1213; x_wconf 91' lang='lat' dir='ltr'>est</span> <span class='ocrx_word' id='word_1_83' title='bbox 651 1170 742 1230; x_wconf 88' lang='lat' dir='ltr'>quam</span> <span class='ocrx_word' id='word_1_84' title='bbox 754 1155 874 1217; x_wconf 90' lang='lat' dir='ltr'>animus</span> <span class='ocrx_word' id='word_1_85' title='bbox 889 1157 1036 1230; x_wconf 86' lang='lat' dir='ltr'>quodam·</span> 
     </span>
     <span class='ocr_line' id='line_1_12' title="bbox 56 1238 1038 1316; baseline 0 -17"><span class='ocrx_word' id='word_1_86' title='bbox 56 1239 149 1299; x_wconf 90' lang='lat' dir='ltr'>modo</span> <span class='ocrx_word' id='word_1_87' title='bbox 179 1254 214 1298; x_wconf 86' lang='lat' dir='ltr'>se</span> <span class='ocrx_word' id='word_1_88' title='bbox 238 1238 372 1298; x_wconf 80' lang='lat' dir='ltr'>habens:</span> <span class='ocrx_word' id='word_1_89' title='bbox 397 1252 471 1312; x_wconf 86' lang='lat' dir='ltr'>ergo</span> <span class='ocrx_word' id='word_1_90' title='bbox 487 1238 597 1297; x_wconf 89' lang='lat' dir='ltr'>animal</span> <span class='ocrx_word' id='word_1_91' title='bbox 619 1245 675 1298; x_wconf 90' lang='lat' dir='ltr'>est.</span> <span class='ocrx_word' id='word_1_92' title='bbox 712 1238 830 1298; x_wconf 88' lang='lat' dir='ltr'>Deinde</span> <span class='ocrx_word' id='word_1_93' title='bbox 855 1241 950 1301; x_wconf 90' lang='lat' dir='ltr'>virtus</span> <span class='ocrx_word' id='word_1_94' title='bbox 975 1242 1038 1316; x_wconf 89' lang='lat' dir='ltr'>agit</span> 
     </span>
     <span class='ocr_line' id='line_1_13' title="bbox 58 1321 1036 1399; baseline 0 -15"><span class='ocrx_word' id='word_1_95' title='bbox 58 1322 183 1399; x_wconf 90' lang='lat' dir='ltr'>aliquid.</span> <span class='ocrx_word' id='word_1_96' title='bbox 206 1323 255 1398; x_wconf 89' lang='lat' dir='ltr'>agi</span> <span class='ocrx_word' id='word_1_97' title='bbox 276 1330 376 1383; x_wconf 87' lang='lat' dir='ltr'>autem</span> <span class='ocrx_word' id='word_1_98' title='bbox 398 1321 471 1380; x_wconf 86' lang='lat' dir='ltr'>nilril</span> <span class='ocrx_word' id='word_1_99' title='bbox 497 1322 564 1381; x_wconf 91' lang='lat' dir='ltr'>sine</span> <span class='ocrx_word' id='word_1_100' title='bbox 585 1322 689 1398; x_wconf 90' lang='lat' dir='ltr'>inpetu</span> <span class='ocrx_word' id='word_1_101' title='bbox 711 1330 822 1396; x_wconf 85' lang='lat' dir='ltr'>potest.</span> <span class='ocrx_word' id='word_1_102' title='bbox 851 1324 879 1383; x_wconf 92' lang='lat' dir='ltr'>si</span> <span class='ocrx_word' id='word_1_103' title='bbox 900 1324 1036 1399; x_wconf 88' lang='lat' dir='ltr'>inpetum</span> 
     </span>
     <span class='ocr_line' id='line_1_14' title="bbox 56 1403 1065 1482; baseline -0.007 -15"><span class='ocrx_word' id='word_1_104' title='bbox 56 1408 163 1481; x_wconf 84' lang='lat' dir='ltr'>habet,</span> <span class='ocrx_word' id='word_1_105' title='bbox 187 1408 239 1482; x_wconf 90' lang='lat' dir='ltr'>qui</span> <span class='ocrx_word' id='word_1_106' title='bbox 253 1407 326 1467; x_wconf 92' lang='lat' dir='ltr'>nulli</span> <span class='ocrx_word' id='word_1_107' title='bbox 341 1413 389 1466; x_wconf 89' lang='lat' dir='ltr'>est</span> <span class='ocrx_word' id='word_1_108' title='bbox 404 1403 462 1464; x_wconf 89' lang='lat' dir='ltr'>nisi</span> <span class='ocrx_word' id='word_1_109' title='bbox 479 1405 615 1476; x_wconf 88' lang='lat' dir='ltr'>animali,</span> <span class='ocrx_word' id='word_1_110' title='bbox 637 1406 746 1465; x_wconf 88' lang='lat' dir='ltr'>animal</span> <span class='ocrx_word' id='word_1_111' title='bbox 762 1414 819 1466; x_wconf 92' lang='lat' dir='ltr'>est.</span> <span class='ocrx_word' id='word_1_112' title='bbox 856 1404 910 1479; x_wconf 80' lang='lat' dir='ltr'>„Si</span> <span class='ocrx_word' id='word_1_113' title='bbox 925 1405 1065 1468; x_wconf 67' lang='lat' dir='ltr'>animala</span> 
     </span>
     <span class='ocr_line' id='line_1_15' title="bbox 56 1489 1038 1566; baseline -0.002 -14"><span class='ocrx_word' id='word_1_114' title='bbox 56 1499 119 1562; x_wconf 91' lang='lat' dir='ltr'>est,</span> <span class='ocrx_word' id='word_1_115' title='bbox 135 1490 247 1566; x_wconf 85' lang='lat' dir='ltr'>inquit,</span> <span class='ocrx_word' id='word_1_116' title='bbox 270 1490 381 1562; x_wconf 88' lang='lat' dir='ltr'>virtus,</span> <span class='ocrx_word' id='word_1_117' title='bbox 403 1489 495 1550; x_wconf 86' lang='lat' dir='ltr'>habet</span> <span class='ocrx_word' id='word_1_118' title='bbox 508 1490 577 1564; x_wconf 90' lang='lat' dir='ltr'>ipsa</span> <span class='ocrx_word' id='word_1_119' title='bbox 593 1491 764 1549; x_wconf 87' lang='lat' dir='ltr'>virtutem.“</span> <span class='ocrx_word' id='word_1_120' title='bbox 801 1489 911 1563; x_wconf 82' lang='lat' dir='ltr'>Quidni</span> <span class='ocrx_word' id='word_1_121' title='bbox 926 1490 1038 1550; x_wconf 88' lang='lat' dir='ltr'>habeat</span> 
     </span>
     <span class='ocr_line' id='line_1_16' title="bbox 57 1573 1036 1650; baseline -0.001 -16"><span class='ocrx_word' id='word_1_122' title='bbox 57 1591 92 1634; x_wconf 93' lang='lat' dir='ltr'>se</span> <span class='ocrx_word' id='word_1_123' title='bbox 108 1576 229 1650; x_wconf 74' lang='lat' dir='ltr'>ipsam?</span> <span class='ocrx_word' id='word_1_124' title='bbox 243 1574 399 1649; x_wconf 89' lang='lat' dir='ltr'>quomodo</span> <span class='ocrx_word' id='word_1_125' title='bbox 410 1574 535 1648; x_wconf 91' lang='lat' dir='ltr'>sapiens</span> <span class='ocrx_word' id='word_1_126' title='bbox 548 1574 649 1633; x_wconf 89' lang='lat' dir='ltr'>omnia</span> <span class='ocrx_word' id='word_1_127' title='bbox 664 1588 720 1648; x_wconf 88' lang='lat' dir='ltr'>per</span> <span class='ocrx_word' id='word_1_128' title='bbox 735 1573 872 1633; x_wconf 89' lang='lat' dir='ltr'>virtutem</span> <span class='ocrx_word' id='word_1_129' title='bbox 888 1575 974 1648; x_wconf 81' lang='lat' dir='ltr'>gerit,</span> <span class='ocrx_word' id='word_1_130' title='bbox 991 1575 1036 1633; x_wconf 86' lang='lat' dir='ltr'>sie</span> 
     </span>
     <span class='ocr_line' id='line_1_17' title="bbox 56 1656 1037 1733; baseline 0.002 -17"><span class='ocrx_word' id='word_1_131' title='bbox 56 1660 154 1720; x_wconf 91' lang='lat' dir='ltr'>virtus</span> <span class='ocrx_word' id='word_1_132' title='bbox 171 1675 226 1733; x_wconf 89' lang='lat' dir='ltr'>per</span> <span class='ocrx_word' id='word_1_133' title='bbox 240 1674 284 1719; x_wconf 88' lang='lat' dir='ltr'>se.</span> <span class='ocrx_word' id='word_1_134' title='bbox 305 1657 416 1732; x_wconf 68' lang='lat' dir='ltr'>„Ergo</span> <span class='ocrx_word' id='word_1_135' title='bbox 435 1656 539 1732; x_wconf 90' lang='lat' dir='ltr'>inquit,</span> <span class='ocrx_word' id='word_1_136' title='bbox 555 1665 586 1717; x_wconf 89' lang='lat' dir='ltr'>et</span> <span class='ocrx_word' id='word_1_137' title='bbox 599 1672 706 1717; x_wconf 92' lang='lat' dir='ltr'>omnes</span> <span class='ocrx_word' id='word_1_138' title='bbox 717 1663 798 1717; x_wconf 88' lang='lat' dir='ltr'>artes</span> <span class='ocrx_word' id='word_1_139' title='bbox 811 1658 952 1716; x_wconf 88' lang='lat' dir='ltr'>animalia</span> <span class='ocrx_word' id='word_1_140' title='bbox 966 1665 1037 1718; x_wconf 88' lang='lat' dir='ltr'>sunt</span> 
     </span>
     <span class='ocr_line' id='line_1_18' title="bbox 56 1742 1036 1818; baseline -0.002 -16"><span class='ocrx_word' id='word_1_141' title='bbox 56 1742 220 1817; x_wconf 85' lang='lat' dir='ltr'>alumnia,</span> <span class='ocrx_word' id='word_1_142' title='bbox 242 1757 322 1818; x_wconf 89' lang='lat' dir='ltr'>quae</span> <span class='ocrx_word' id='word_1_143' title='bbox 337 1742 506 1816; x_wconf 86' lang='lat' dir='ltr'>cogitamus</span> <span class='ocrx_word' id='word_1_144' title='bbox 522 1757 663 1817; x_wconf 89' lang='lat' dir='ltr'>quaeque</span> <span class='ocrx_word' id='word_1_145' title='bbox 685 1748 785 1800; x_wconf 89' lang='lat' dir='ltr'>mente</span> <span class='ocrx_word' id='word_1_146' title='bbox 806 1742 1036 1817; x_wconf 80' lang='lat' dir='ltr'>conplectimun</span> 
     </span>
     <span class='ocr_line' id='line_1_19' title="bbox 58 1822 1035 1901; baseline 0 -16"><span class='ocrx_word' id='word_1_147' title='bbox 58 1827 213 1901; x_wconf 90' lang='lat' dir='ltr'>sequitur,</span> <span class='ocrx_word' id='word_1_148' title='bbox 231 1833 263 1885; x_wconf 93' lang='lat' dir='ltr'>ut</span> <span class='ocrx_word' id='word_1_149' title='bbox 283 1827 470 1887; x_wconf 89' lang='lat' dir='ltr'>multamilia</span> <span class='ocrx_word' id='word_1_150' title='bbox 485 1825 656 1885; x_wconf 86' lang='lat' dir='ltr'>animalium</span> <span class='ocrx_word' id='word_1_151' title='bbox 676 1824 812 1884; x_wconf 89' lang='lat' dir='ltr'>habitent</span> <span class='ocrx_word' id='word_1_152' title='bbox 825 1822 856 1884; x_wconf 92' lang='lat' dir='ltr'>in</span> <span class='ocrx_word' id='word_1_153' title='bbox 874 1825 922 1885; x_wconf 92' lang='lat' dir='ltr'>his</span> <span class='ocrx_word' id='word_1_154' title='bbox 941 1840 1035 1901; x_wconf 90' lang='lat' dir='ltr'>angu-</span> 
     </span>
     <span class='ocr_line' id='line_1_20' title="bbox 58 1905 1036 1985; baseline 0.003 -18"><span class='ocrx_word' id='word_1_155' title='bbox 58 1910 125 1968; x_wconf 89' lang='lat' dir='ltr'>stiis</span> <span class='ocrx_word' id='word_1_156' title='bbox 142 1910 274 1983; x_wconf 91' lang='lat' dir='ltr'>pectoris</span> <span class='ocrx_word' id='word_1_157' title='bbox 296 1918 325 1970; x_wconf 92' lang='lat' dir='ltr'>et</span> <span class='ocrx_word' id='word_1_158' title='bbox 346 1910 457 1985; x_wconf 83' lang='lat' dir='ltr'>singuli</span> <span class='ocrx_word' id='word_1_159' title='bbox 477 1911 571 1969; x_wconf 89' lang='lat' dir='ltr'>multa</span> <span class='ocrx_word' id='word_1_160' title='bbox 592 1905 689 1970; x_wconf 88' lang='lat' dir='ltr'>simus</span> <span class='ocrx_word' id='word_1_161' title='bbox 711 1907 853 1969; x_wconf 89' lang='lat' dir='ltr'>animalia</span> <span class='ocrx_word' id='word_1_162' title='bbox 872 1906 1036 1970; x_wconf 81' lang='lat' dir='ltr'>uut&#39;multa</span> 
     </span>
     <span class='ocr_line' id='line_1_21' title="bbox 56 1993 1036 2068; baseline 0.002 -17"><span class='ocrx_word' id='word_1_163' title='bbox 56 1993 225 2053; x_wconf 87' lang='lat' dir='ltr'>habeamus</span> <span class='ocrx_word' id='word_1_164' title='bbox 248 1994 416 2054; x_wconf 84' lang='lat' dir='ltr'>animalia.“</span> <span class='ocrx_word' id='word_1_165' title='bbox 455 1994 597 2068; x_wconf 82' lang='lat' dir='ltr'>Quaeris,</span> <span class='ocrx_word' id='word_1_166' title='bbox 622 1993 696 2067; x_wconf 91' lang='lat' dir='ltr'>quid</span> <span class='ocrx_word' id='word_1_167' title='bbox 716 1993 868 2053; x_wconf 86' lang='lat' dir='ltr'>adversus</span> <span class='ocrx_word' id='word_1_168' title='bbox 889 1993 968 2053; x_wconf 90' lang='lat' dir='ltr'>istuc</span> <span class='ocrx_word' id='word_1_169' title='bbox 988 2009 1036 2053; x_wconf 90' lang='lat' dir='ltr'>re·</span> 
     </span>
     <span class='ocr_line' id='line_1_22' title="bbox 58 2077 1037 2154; baseline 0.002 -18"><span class='ocrx_word' id='word_1_170' title='bbox 58 2078 268 2151; x_wconf 79' lang='lat' dir='ltr'>spondeaturt</span> <span class='ocrx_word' id='word_1_171' title='bbox 293 2094 497 2154; x_wconf 88' lang='lat' dir='ltr'>unaquaeque</span> <span class='ocrx_word' id='word_1_172' title='bbox 519 2078 640 2139; x_wconf 86' lang='lat' dir='ltr'>existis</span> <span class='ocrx_word' id='word_1_173' title='bbox 655 2094 705 2138; x_wconf 88' lang='lat' dir='ltr'>res</span> <span class='ocrx_word' id='word_1_174' title='bbox 722 2077 832 2137; x_wconf 88' lang='lat' dir='ltr'>animal</span> <span class='ocrx_word' id='word_1_175' title='bbox 847 2078 918 2136; x_wconf 83' lang='lat' dir='ltr'>erit:</span> <span class='ocrx_word' id='word_1_176' title='bbox 943 2079 1037 2138; x_wconf 90' lang='lat' dir='ltr'>multa</span> 
     </span>
     <span class='ocr_line' id='line_1_23' title="bbox 58 2160 1035 2245; baseline 0.002 -25"><span class='ocrx_word' id='word_1_177' title='bbox 58 2162 199 2223; x_wconf 90' lang='lat' dir='ltr'>animalia</span> <span class='ocrx_word' id='word_1_178' title='bbox 213 2178 274 2222; x_wconf 92' lang='lat' dir='ltr'>non</span> <span class='ocrx_word' id='word_1_179' title='bbox 293 2172 389 2223; x_wconf 87' lang='lat' dir='ltr'>erunt.</span> <span class='ocrx_word' id='word_1_180' title='bbox 418 2169 534 2239; x_wconf 79' lang='lat' dir='ltr'>queret</span> <span class='ocrx_word' id='word_1_181' title='bbox 562 2164 675 2232; x_wconf 88' lang='lat' dir='ltr'>dicam,</span> <span class='ocrx_word' id='word_1_182' title='bbox 694 2160 721 2222; x_wconf 94' lang='lat' dir='ltr'>si</span> <span class='ocrx_word' id='word_1_183' title='bbox 733 2161 804 2221; x_wconf 91' lang='lat' dir='ltr'>mihi</span> <span class='ocrx_word' id='word_1_184' title='bbox 820 2162 1035 2245; x_wconf 83' lang='lat' dir='ltr'>adcommoda·</span> 
     </span>
     <span class='ocr_line' id='line_1_24' title="bbox 57 2245 1065 2321; baseline 0.002 -19"><span class='ocrx_word' id='word_1_185' title='bbox 57 2247 140 2305; x_wconf 88' lang='lat' dir='ltr'>veris</span> <span class='ocrx_word' id='word_1_186' title='bbox 158 2246 351 2307; x_wconf 84' lang='lat' dir='ltr'>subtilitatem</span> <span class='ocrx_word' id='word_1_187' title='bbox 367 2254 398 2307; x_wconf 91' lang='lat' dir='ltr'>et</span> <span class='ocrx_word' id='word_1_188' title='bbox 411 2249 606 2308; x_wconf 90' lang='lat' dir='ltr'>intentionem</span> <span class='ocrx_word' id='word_1_189' title='bbox 624 2255 716 2307; x_wconf 91' lang='lat' dir='ltr'>tuam.</span> <span class='ocrx_word' id='word_1_190' title='bbox 753 2245 880 2321; x_wconf 88' lang='lat' dir='ltr'>Singula</span> <span class='ocrx_word' id='word_1_191' title='bbox 895 2245 1065 2306; x_wconf 75' lang='lat' dir='ltr'>animaliat</span> 
     </span>
     <span class='ocr_line' id='line_1_25' title="bbox 57 2329 1035 2402; baseline 0 -14"><span class='ocrx_word' id='word_1_192' title='bbox 57 2329 194 2402; x_wconf 88' lang='lat' dir='ltr'>singulas</span> <span class='ocrx_word' id='word_1_193' title='bbox 208 2329 321 2390; x_wconf 89' lang='lat' dir='ltr'>habere</span> <span class='ocrx_word' id='word_1_194' title='bbox 339 2330 451 2390; x_wconf 91' lang='lat' dir='ltr'>debent</span> <span class='ocrx_word' id='word_1_195' title='bbox 462 2332 659 2392; x_wconf 89' lang='lat' dir='ltr'>substantias.</span> <span class='ocrx_word' id='word_1_196' title='bbox 675 2331 734 2391; x_wconf 93' lang='lat' dir='ltr'>ista</span> <span class='ocrx_word' id='word_1_197' title='bbox 747 2331 848 2390; x_wconf 88' lang='lat' dir='ltr'>omnia</span> <span class='ocrx_word' id='word_1_198' title='bbox 862 2348 956 2391; x_wconf 89' lang='lat' dir='ltr'>unum</span> <span class='ocrx_word' id='word_1_199' title='bbox 971 2329 1035 2389; x_wconf 91' lang='lat' dir='ltr'>ani-</span> 
     </span>
     <span class='ocr_line' id='line_1_26' title="bbox 57 2412 1036 2489; baseline 0.001 -20"><span class='ocrx_word' id='word_1_200' title='bbox 57 2429 140 2472; x_wconf 88' lang='lat' dir='ltr'>mum</span> <span class='ocrx_word' id='word_1_201' title='bbox 156 2412 276 2472; x_wconf 87' lang='lat' dir='ltr'>habent.</span> <span class='ocrx_word' id='word_1_202' title='bbox 293 2412 396 2487; x_wconf 90' lang='lat' dir='ltr'>itaque</span> <span class='ocrx_word' id='word_1_203' title='bbox 410 2414 531 2488; x_wconf 88' lang='lat' dir='ltr'>singula</span> <span class='ocrx_word' id='word_1_204' title='bbox 545 2431 617 2475; x_wconf 87' lang='lat' dir='ltr'>esse</span> <span class='ocrx_word' id='word_1_205' title='bbox 630 2423 769 2489; x_wconf 83' lang='lat' dir='ltr'>possunt,</span> <span class='ocrx_word' id='word_1_206' title='bbox 786 2414 878 2474; x_wconf 91' lang='lat' dir='ltr'>multa</span> <span class='ocrx_word' id='word_1_207' title='bbox 890 2427 1036 2473; x_wconf 88' lang='lat' dir='ltr'>essenon</span> 
     </span>
     <span class='ocr_line' id='line_1_27' title="bbox 59 2495 1036 2569; baseline 0.002 -17"><span class='ocrx_word' id='word_1_208' title='bbox 59 2503 199 2569; x_wconf 90' lang='lat' dir='ltr'>possunt.</span> <span class='ocrx_word' id='word_1_209' title='bbox 234 2495 299 2569; x_wconf 87' lang='lat' dir='ltr'>Ego</span> <span class='ocrx_word' id='word_1_210' title='bbox 322 2505 352 2555; x_wconf 90' lang='lat' dir='ltr'>et</span> <span class='ocrx_word' id='word_1_211' title='bbox 372 2497 482 2555; x_wconf 90' lang='lat' dir='ltr'>animal</span> <span class='ocrx_word' id='word_1_212' title='bbox 503 2515 570 2557; x_wconf 87' lang='lat' dir='ltr'>surn</span> <span class='ocrx_word' id='word_1_213' title='bbox 587 2502 617 2556; x_wconf 89' lang='lat' dir='ltr'>et</span> <span class='ocrx_word' id='word_1_214' title='bbox 630 2497 738 2568; x_wconf 89' lang='lat' dir='ltr'>homo,</span> <span class='ocrx_word' id='word_1_215' title='bbox 760 2514 820 2556; x_wconf 94' lang='lat' dir='ltr'>non</span> <span class='ocrx_word' id='word_1_216' title='bbox 840 2504 939 2556; x_wconf 90' lang='lat' dir='ltr'>tarnen</span> <span class='ocrx_word' id='word_1_217' title='bbox 956 2495 1036 2555; x_wconf 90' lang='lat' dir='ltr'>duos</span> 
     </span>
     <span class='ocr_line' id='line_1_28' title="bbox 58 2578 1035 2655; baseline 0 -17"><span class='ocrx_word' id='word_1_218' title='bbox 58 2594 130 2639; x_wconf 87' lang='lat' dir='ltr'>esse</span> <span class='ocrx_word' id='word_1_219' title='bbox 151 2579 247 2638; x_wconf 89' lang='lat' dir='ltr'>dices.</span> <span class='ocrx_word' id='word_1_220' title='bbox 277 2586 392 2653; x_wconf 79' lang='lat' dir='ltr'>quaret</span> <span class='ocrx_word' id='word_1_221' title='bbox 422 2581 493 2654; x_wconf 92' lang='lat' dir='ltr'>quia</span> <span class='ocrx_word' id='word_1_222' title='bbox 513 2581 645 2655; x_wconf 89' lang='lat' dir='ltr'>separati</span> <span class='ocrx_word' id='word_1_223' title='bbox 665 2580 778 2638; x_wconf 91' lang='lat' dir='ltr'>debent</span> <span class='ocrx_word' id='word_1_224' title='bbox 792 2594 878 2638; x_wconf 81' lang='lat' dir='ltr'>esse:</span> <span class='ocrx_word' id='word_1_225' title='bbox 901 2579 942 2637; x_wconf 89' lang='lat' dir='ltr'>ita</span> <span class='ocrx_word' id='word_1_226' title='bbox 955 2578 1035 2651; x_wconf 88' lang='lat' dir='ltr'>dico,</span> 
     </span>
     <span class='ocr_line' id='line_1_29' title="bbox 58 2660 1036 2737; baseline -0.001 -15"><span class='ocrx_word' id='word_1_227' title='bbox 58 2665 133 2723; x_wconf 91' lang='lat' dir='ltr'>alter</span> <span class='ocrx_word' id='word_1_228' title='bbox 152 2663 190 2722; x_wconf 86' lang='lat' dir='ltr'>ab</span> <span class='ocrx_word' id='word_1_229' title='bbox 203 2664 298 2722; x_wconf 88' lang='lat' dir='ltr'>altero</span> <span class='ocrx_word' id='word_1_230' title='bbox 317 2663 409 2723; x_wconf 90' lang='lat' dir='ltr'>debet</span> <span class='ocrx_word' id='word_1_231' title='bbox 422 2678 493 2722; x_wconf 87' lang='lat' dir='ltr'>esse</span> <span class='ocrx_word' id='word_1_232' title='bbox 505 2660 656 2735; x_wconf 90' lang='lat' dir='ltr'>diductus,</span> <span class='ocrx_word' id='word_1_233' title='bbox 671 2669 705 2723; x_wconf 91' lang='lat' dir='ltr'>ut</span> <span class='ocrx_word' id='word_1_234' title='bbox 718 2661 780 2720; x_wconf 93' lang='lat' dir='ltr'>duo</span> <span class='ocrx_word' id='word_1_235' title='bbox 794 2662 863 2722; x_wconf 89' lang='lat' dir='ltr'>sint.</span> <span class='ocrx_word' id='word_1_236' title='bbox 886 2661 1036 2737; x_wconf 82' lang='lat' dir='ltr'>Quicquid</span> 
     </span>
     <span class='ocr_line' id='line_1_30' title="bbox 56 2745 1036 2822; baseline -0.002 -16"><span class='ocrx_word' id='word_1_237' title='bbox 56 2747 88 2806; x_wconf 92' lang='lat' dir='ltr'>in</span> <span class='ocrx_word' id='word_1_238' title='bbox 99 2763 162 2807; x_wconf 92' lang='lat' dir='ltr'>uno</span> <span class='ocrx_word' id='word_1_239' title='bbox 175 2747 333 2822; x_wconf 86' lang='lat' dir='ltr'>multiplex</span> <span class='ocrx_word' id='word_1_240' title='bbox 343 2754 398 2822; x_wconf 88' lang='lat' dir='ltr'>est,</span> <span class='ocrx_word' id='word_1_241' title='bbox 407 2746 465 2808; x_wconf 89' lang='lat' dir='ltr'>sub</span> <span class='ocrx_word' id='word_1_242' title='bbox 476 2763 567 2807; x_wconf 91' lang='lat' dir='ltr'>unam</span> <span class='ocrx_word' id='word_1_243' title='bbox 580 2753 716 2806; x_wconf 89' lang='lat' dir='ltr'>naturam</span> <span class='ocrx_word' id='word_1_244' title='bbox 727 2746 817 2805; x_wconf 87' lang='lat' dir='ltr'>cadit.</span> <span class='ocrx_word' id='word_1_245' title='bbox 828 2745 932 2821; x_wconf 87' lang='lat' dir='ltr'>itaque</span> <span class='ocrx_word' id='word_1_246' title='bbox 942 2761 1036 2806; x_wconf 90' lang='lat' dir='ltr'>uuum</span> 
     </span>
     <span class='ocr_line' id='line_1_31' title="bbox 57 2829 1065 2904; baseline 0.002 -14"><span class='ocrx_word' id='word_1_247' title='bbox 57 2839 114 2891; x_wconf 89' lang='lat' dir='ltr'>est.</span> <span class='ocrx_word' id='word_1_248' title='bbox 150 2832 187 2893; x_wconf 78' lang='lat' dir='ltr'>tlt</span> <span class='ocrx_word' id='word_1_249' title='bbox 201 2832 320 2892; x_wconf 89' lang='lat' dir='ltr'>animus</span> <span class='ocrx_word' id='word_1_250' title='bbox 336 2847 422 2893; x_wconf 90' lang='lat' dir='ltr'>meus</span> <span class='ocrx_word' id='word_1_251' title='bbox 437 2830 548 2891; x_wconf 87' lang='lat' dir='ltr'>animal</span> <span class='ocrx_word' id='word_1_252' title='bbox 563 2838 612 2892; x_wconf 91' lang='lat' dir='ltr'>est</span> <span class='ocrx_word' id='word_1_253' title='bbox 626 2837 656 2890; x_wconf 88' lang='lat' dir='ltr'>ct</span> <span class='ocrx_word' id='word_1_254' title='bbox 670 2845 728 2904; x_wconf 90' lang='lat' dir='ltr'>ego</span> <span class='ocrx_word' id='word_1_255' title='bbox 741 2829 853 2890; x_wconf 89' lang='lat' dir='ltr'>animal</span> <span class='ocrx_word' id='word_1_256' title='bbox 868 2845 951 2890; x_wconf 87' lang='lat' dir='ltr'>sum=</span> <span class='ocrx_word' id='word_1_257' title='bbox 974 2831 1065 2891; x_wconf 73' lang='lat' dir='ltr'>duob</span> 
     </span>
     <span class='ocr_line' id='line_1_32' title="bbox 57 2915 1036 2991; baseline 0 -18"><span class='ocrx_word' id='word_1_258' title='bbox 57 2923 239 2976; x_wconf 90' lang='lat' dir='ltr'>tamennon</span> <span class='ocrx_word' id='word_1_259' title='bbox 262 2931 377 2977; x_wconf 88' lang='lat' dir='ltr'>sumus.</span> <span class='ocrx_word' id='word_1_260' title='bbox 416 2922 532 2991; x_wconf 80' lang='lat' dir='ltr'>quaret</span> <span class='ocrx_word' id='word_1_261' title='bbox 569 2915 641 2990; x_wconf 87' lang='lat' dir='ltr'>quia</span> <span class='ocrx_word' id='word_1_262' title='bbox 660 2915 779 2976; x_wconf 89' lang='lat' dir='ltr'>animus</span> <span class='ocrx_word' id='word_1_263' title='bbox 801 2915 861 2974; x_wconf 89' lang='lat' dir='ltr'>mei</span> <span class='ocrx_word' id='word_1_264' title='bbox 883 2930 955 2991; x_wconf 90' lang='lat' dir='ltr'>pars</span> <span class='ocrx_word' id='word_1_265' title='bbox 979 2923 1036 2975; x_wconf 91' lang='lat' dir='ltr'>est.</span> 
     </span>
     <span class='ocr_line' id='line_1_33' title="bbox 56 2997 1037 3076; baseline -0.001 -18"><span class='ocrx_word' id='word_1_266' title='bbox 56 3001 140 3059; x_wconf 88' lang='lat' dir='ltr'>Tunc</span> <span class='ocrx_word' id='word_1_267' title='bbox 160 2999 275 3076; x_wconf 92' lang='lat' dir='ltr'>aliquid</span> <span class='ocrx_word' id='word_1_268' title='bbox 296 3016 402 3075; x_wconf 90' lang='lat' dir='ltr'>perse</span> <span class='ocrx_word' id='word_1_269' title='bbox 417 3000 638 3073; x_wconf 86' lang='lat' dir='ltr'>numerabitur,</span> <span class='ocrx_word' id='word_1_270' title='bbox 654 3015 722 3059; x_wconf 90' lang='lat' dir='ltr'>curn</span> <span class='ocrx_word' id='word_1_271' title='bbox 736 3014 793 3074; x_wconf 89' lang='lat' dir='ltr'>per</span> <span class='ocrx_word' id='word_1_272' title='bbox 807 3015 843 3059; x_wconf 90' lang='lat' dir='ltr'>se</span> <span class='ocrx_word' id='word_1_273' title='bbox 856 2997 963 3060; x_wconf 76' lang='lat' dir='ltr'>stabit:</span> <span class='ocrx_word' id='word_1_274' title='bbox 984 2998 1037 3059; x_wconf 90' lang='lat' dir='ltr'>ubi</span> 
     </span>
     <span class='ocr_line' id='line_1_34' title="bbox 58 3082 1035 3159; baseline -0.002 -18"><span class='ocrx_word' id='word_1_275' title='bbox 58 3099 131 3143; x_wconf 85' lang='lat' dir='ltr'>vero</span> <span class='ocrx_word' id='word_1_276' title='bbox 160 3086 284 3146; x_wconf 89' lang='lat' dir='ltr'>alterius</span> <span class='ocrx_word' id='word_1_277' title='bbox 310 3085 478 3145; x_wconf 87' lang='lat' dir='ltr'>membrum</span> <span class='ocrx_word' id='word_1_278' title='bbox 503 3085 574 3158; x_wconf 84' lang='lat' dir='ltr'>erit,</span> <span class='ocrx_word' id='word_1_279' title='bbox 604 3100 665 3145; x_wconf 93' lang='lat' dir='ltr'>non</span> <span class='ocrx_word' id='word_1_280' title='bbox 693 3084 805 3159; x_wconf 90' lang='lat' dir='ltr'>poterit</span> <span class='ocrx_word' id='word_1_281' title='bbox 824 3083 921 3144; x_wconf 90' lang='lat' dir='ltr'>videri</span> <span class='ocrx_word' id='word_1_282' title='bbox 943 3082 1035 3143; x_wconf 91' lang='lat' dir='ltr'>aliud.</span> 
     </span>
     <span class='ocr_line' id='line_1_35' title="bbox 58 3169 1037 3244; baseline 0 -19"><span class='ocrx_word' id='word_1_283' title='bbox 58 3177 174 3242; x_wconf 81' lang='lat' dir='ltr'>queret</span> <span class='ocrx_word' id='word_1_284' title='bbox 195 3169 309 3230; x_wconf 81' lang='lat' dir='ltr'>dicam:</span> <span class='ocrx_word' id='word_1_285' title='bbox 326 3169 399 3244; x_wconf 91' lang='lat' dir='ltr'>quia</span> <span class='ocrx_word' id='word_1_286' title='bbox 417 3169 502 3244; x_wconf 90' lang='lat' dir='ltr'>quod</span> <span class='ocrx_word' id='word_1_287' title='bbox 516 3169 600 3229; x_wconf 89' lang='lat' dir='ltr'>aliud</span> <span class='ocrx_word' id='word_1_288' title='bbox 611 3174 668 3241; x_wconf 82' lang='lat' dir='ltr'>est,</span> <span class='ocrx_word' id='word_1_289' title='bbox 682 3183 770 3229; x_wconf 89' lang='lat' dir='ltr'>suurn</span> <span class='ocrx_word' id='word_1_290' title='bbox 786 3174 906 3243; x_wconf 89' lang='lat' dir='ltr'>oportet</span> <span class='ocrx_word' id='word_1_291' title='bbox 921 3182 993 3227; x_wconf 87' lang='lat' dir='ltr'>csse</span> <span class='ocrx_word' id='word_1_292' title='bbox 1007 3173 1037 3226; x_wconf 95' lang='lat' dir='ltr'>et</span> 
     </span>
     <span class='ocr_line' id='line_1_36' title="bbox 57 3250 1091 3326; baseline 0.001 -18"><span class='ocrx_word' id='word_1_293' title='bbox 57 3252 214 3326; x_wconf 88' lang='lat' dir='ltr'>proprium</span> <span class='ocrx_word' id='word_1_294' title='bbox 229 3261 260 3313; x_wconf 88' lang='lat' dir='ltr'>et</span> <span class='ocrx_word' id='word_1_295' title='bbox 272 3260 367 3314; x_wconf 89' lang='lat' dir='ltr'>toturn</span> <span class='ocrx_word' id='word_1_296' title='bbox 382 3261 411 3313; x_wconf 88' lang='lat' dir='ltr'>et</span> <span class='ocrx_word' id='word_1_297' title='bbox 425 3253 503 3313; x_wconf 89' lang='lat' dir='ltr'>intra</span> <span class='ocrx_word' id='word_1_298' title='bbox 516 3267 551 3313; x_wconf 90' lang='lat' dir='ltr'>se</span> <span class='ocrx_word' id='word_1_299' title='bbox 565 3252 748 3313; x_wconf 91' lang='lat' dir='ltr'>absolutum.</span> <span class='ocrx_word' id='word_1_300' title='bbox 770 3252 836 3326; x_wconf 84' lang='lat' dir='ltr'>Ego</span> <span class='ocrx_word' id='word_1_301' title='bbox 849 3251 878 3311; x_wconf 86' lang='lat' dir='ltr'>in</span> <span class='ocrx_word' id='word_1_302' title='bbox 891 3250 951 3311; x_wconf 87' lang='lat' dir='ltr'>alia</span> <span class='ocrx_word' id='word_1_303' title='bbox 964 3254 1064 3310; x_wconf 80' lang='lat' dir='ltr'>essed</span> <span class='ocrx_word' id='word_1_304' title='bbox 1089 3269 1091 3273; x_wconf 93' lang='lat'>·</span> 
     </span>
     <span class='ocr_line' id='line_1_37' title="bbox 58 3334 1036 3412; baseline 0.002 -21"><span class='ocrx_word' id='word_1_305' title='bbox 58 3349 106 3392; x_wconf 90' lang='lat' dir='ltr'>me</span> <span class='ocrx_word' id='word_1_306' title='bbox 128 3337 276 3397; x_wconf 88' lang='lat' dir='ltr'>sententia</span> <span class='ocrx_word' id='word_1_307' title='bbox 299 3337 458 3412; x_wconf 82' lang='lat' dir='ltr'>protessus</span> <span class='ocrx_word' id='word_1_308' title='bbox 481 3353 559 3398; x_wconf 87' lang='lat' dir='ltr'>sum.</span> <span class='ocrx_word' id='word_1_309' title='bbox 588 3353 648 3397; x_wconf 90' lang='lat' dir='ltr'>non</span> <span class='ocrx_word' id='word_1_310' title='bbox 672 3336 753 3397; x_wconf 91' lang='lat' dir='ltr'>enim</span> <span class='ocrx_word' id='word_1_311' title='bbox 770 3341 885 3396; x_wconf 89' lang='lat' dir='ltr'>tantum</span> <span class='ocrx_word' id='word_1_312' title='bbox 906 3334 1036 3395; x_wconf 89' lang='lat' dir='ltr'>virtutes</span> 
     </span>
     <span class='ocr_line' id='line_1_38' title="bbox 57 3415 1035 3499; baseline -0.004 -22"><span class='ocrx_word' id='word_1_313' title='bbox 57 3418 199 3480; x_wconf 87' lang='lat' dir='ltr'>animalia</span> <span class='ocrx_word' id='word_1_314' title='bbox 213 3429 310 3496; x_wconf 82' lang='lat' dir='ltr'>erunt,</span> <span class='ocrx_word' id='word_1_315' title='bbox 326 3421 352 3482; x_wconf 87' lang='lat' dir='ltr'>si</span> <span class='ocrx_word' id='word_1_316' title='bbox 364 3421 424 3483; x_wconf 85' lang='lat' dir='ltr'>lroc</span> <span class='ocrx_word' id='word_1_317' title='bbox 437 3421 592 3499; x_wconf 90' lang='lat' dir='ltr'>recipitur,</span> <span class='ocrx_word' id='word_1_318' title='bbox 608 3421 665 3482; x_wconf 88' lang='lat' dir='ltr'>sed</span> <span class='ocrx_word' id='word_1_319' title='bbox 677 3419 820 3497; x_wconf 86' lang='lat' dir='ltr'>obposita</span> <span class='ocrx_word' id='word_1_320' title='bbox 836 3433 962 3494; x_wconf 89' lang='lat' dir='ltr'>quoque</span> <span class='ocrx_word' id='word_1_321' title='bbox 976 3415 1035 3475; x_wconf 87' lang='lat' dir='ltr'>illis</span> 
     </span>
     <span class='ocr_line' id='line_1_39' title="bbox 56 3498 1036 3589; baseline 0 -29"><span class='ocrx_word' id='word_1_322' title='bbox 56 3499 131 3562; x_wconf 91' lang='lat' dir='ltr'>vitia</span> <span class='ocrx_word' id='word_1_323' title='bbox 148 3508 178 3589; x_wconf 82' lang='lat' dir='ltr'>et</span> <span class='ocrx_word' id='word_1_324' title='bbox 197 3504 351 3580; x_wconf 85' lang='lat' dir='ltr'>adtectus,</span> <span class='ocrx_word' id='word_1_325' title='bbox 372 3512 527 3583; x_wconf 86' lang='lat' dir='ltr'>tamquam</span> <span class='ocrx_word' id='word_1_326' title='bbox 546 3506 607 3582; x_wconf 88' lang='lat' dir='ltr'>ira,</span> <span class='ocrx_word' id='word_1_327' title='bbox 625 3505 731 3582; x_wconf 88' lang='lat' dir='ltr'>timor,</span> <span class='ocrx_word' id='word_1_328' title='bbox 750 3504 867 3577; x_wconf 83' lang='lat' dir='ltr'>luctus,</span> <span class='ocrx_word' id='word_1_329' title='bbox 888 3498 1036 3577; x_wconf 85' lang='lat' dir='ltr'>suspicio.</span> 
     </span>
    </p>
   </div>
   <div class='ocr_carea' id='block_1_3' title="bbox 0 0 1219 3862">
    <p class='ocr_par' dir='ltr' id='par_1_3' title="bbox 0 0 1219 3862">
     <span class='ocr_line' id='line_1_40' title="bbox 0 0 1219 3862; baseline 0 0"><span class='ocrx_word' id='word_1_330' title='bbox 0 0 1219 3862; x_wconf 95' lang='lat' dir='ltr'> </span> 
     </span>
    </p>
   </div>
  </div>
 </body>
</html>
