2422 3862
174 251 238 317 aar
464 253 498 311 L.
519 251 668 312 anunm
690 208 866 311 seusana

174 407 283 481 echini,
299 405 455 484 spondyli,
471 402 555 465 mulli
569 402 738 481 perturbati
750 402 952 479 concoctique
964 410 1158 479 ponanturr‘

131 503 234 559 aenon
260 499 344 552 esset
367 490 525 550 confusior
550 489 736 549 vomentium
764 487 862 549 cibus.
913 488 1074 561 Quomodo
1100 492 1160 550 ista

173 576 324 652 perplexa
337 581 424 648 sunt,
445 574 491 635 sic
506 588 546 632 ex
560 571 627 634 istis
643 589 705 635 aon
721 573 893 648 singulares
911 573 1011 634 morbi
1025 589 1158 634 nascun-

173 669 235 732 tur,
258 660 316 720 sed
336 658 583 734 inexplicabiles,
613 657 742 730 diversi,
768 657 985 730 multiformes,
1007 658 1158 719 adversus

175 761 255 820 quos
271 751 301 803 el
314 744 466 804 medicina
479 757 600 802 armam
614 757 649 802 se
663 742 767 817 eoepit
780 742 880 802 multis
892 741 1068 818 generibus,
1083 744 1159 804 mul-

174 831 212 890 tis
228 826 506 888 observationibus.
550 827 634 888 Idem
651 827 703 887 tibi
724 827 763 886 de
778 825 1160 903 philosophiad1002‘luit

175 913 352 988 aliquando.
363 910 532 987 simplicior
551 913 629 972 inter
649 912 768 973 minora
780 919 945 989 peccantes
961 920 992 972 el
1006 912 1066 971 levi
1083 927 1158 988 quo·

175 1011 235 1072 que
250 1012 324 1057 cura
339 995 569 1056 remediabilesz
592 996 744 1056 adversus
758 1003 871 1056 tantam
888 1011 1007 1056 morum
1023 996 1159 1057 eversio·

174 1096 243 1139 nem
259 1080 362 1140 omnia
379 1081 520 1142 conanda
537 1089 616 1141 sunt.
639 1088 670 1140 el
683 1080 798 1141 utinam
814 1081 859 1140 sic
875 1081 1010 1154 denique
1022 1081 1089 1142 lues
1101 1082 1161 1142 ista

131 1165 357 1226 advindicetur!
403 1166 468 1225 Non
491 1165 632 1240 privatim
653 1167 768 1238 solum,
797 1165 855 1226 sed
875 1166 999 1241 publice
1021 1166 1159 1226 lurlmus.

174 1247 339 1311 homicidia
354 1249 571 1325 conpescimus
592 1257 623 1310 et
639 1249 778 1325 singulas
795 1250 923 1310 caedes:
948 1250 1023 1325 quid
1036 1250 1116 1311 bella
1130 1258 1161 1310 et

175 1334 346 1394 occisarum
361 1334 496 1410 gentium
514 1334 681 1409 gloriosum
702 1337 828 1396 scelus?
855 1350 915 1394 non
936 1334 1078 1408 avaritia,
1098 1351 1158 1394 non

174 1416 339 1478 erudelitas
354 1419 479 1481 modum
496 1420 588 1479 novit.
614 1426 644 1480 et
665 1419 725 1480 ista
738 1419 887 1494 quamdiu
905 1419 1005 1479 iurtinr
1021 1426 1051 1480 et
1065 1436 1083 1479 a
1098 1421 1160 1480 sin·

174 1500 254 1577 gulis
275 1501 363 1578 fiunt,
383 1505 486 1565 minus
508 1504 601 1565 noxia
619 1504 784 1579 minusque
805 1511 981 1564 monstrosa
1005 1509 1092 1564 sunt:
1120 1520 1161 1564 ex

175 1589 451 1651 senatusconsultis
485 1589 648 1665 plebisque
682 1587 767 1650 scitis
798 1604 893 1649 saeva
920 1595 1101 1649 exercentur
1131 1598 1161 1649 et

131 1673 164 1726 31
176 1672 298 1748 publice
323 1671 464 1734 iubentur
484 1675 576 1734 vetita
601 1673 751 1749 privatim.
786 1689 865 1748 quae
893 1674 969 1732 clam
992 1673 1161 1732 commissa

175 1757 275 1830 capite
295 1759 466 1831 lucrentur,
489 1757 560 1832 quia
586 1758 723 1833 paludati
738 1759 855 1831 iecere,
877 1757 1045 1817 laudamus.
1090 1757 1159 1818 Non

174 1840 269 1915 pudet
284 1841 441 1917 homines,
463 1842 654 1904 mitissimum
668 1859 781 1918 genus,
797 1842 934 1917 gaudere
949 1839 1098 1916 sanguine
1116 1845 1160 1902 al-

174 1932 261 1987 terno
278 1935 308 1987 et
318 1927 399 1987 bella
409 1942 516 2002 gerere
528 1928 727 2002 gerendaque
739 1928 843 1988 liberis
854 1925 984 2000 tradere,
1001 1941 1069 1985 cum
1082 1927 1161 1986 inter

131 2009 209 2069 illae
224 2011 314 2070 etiam
332 2012 423 2072 mutis
438 2026 474 2071 ao
490 2013 563 2071 ieris
581 2028 644 2086 pax
658 2011 706 2072 sit.
749 2013 911 2072 Adversus
927 2018 988 2071 tam
1003 2017 1159 2085 potentem

175 2095 413 2171 explicitumque
433 2097 493 2154 late
518 2098 651 2158 furorem
673 2096 838 2171 operosior
858 2094 1057 2172 philosophia
1080 2096 1159 2155 lacta

174 2184 222 2236 est
236 2185 267 2236 el
280 2186 396 2240 tantum
411 2179 469 2239 sibi
484 2181 592 2240 virium
608 2182 754 2257 sumpsit,
772 2189 917 2258 quantum
931 2180 987 2251 iis,
1006 2181 1159 2240 adversus

175 2275 256 2334 quae
272 2262 451 2336 parabatur,
475 2273 660 2325 accesserat.
702 2264 888 2341 Expeditum
910 2272 976 2324 erat
995 2262 1160 2340 obiurgare

173 2344 367 2421 indulgentes
389 2362 474 2407 mero
500 2356 530 2409 et
554 2356 692 2424 petentes
718 2348 926 2411 delicatiorem
953 2348 1064 2409 cibum.
1097 2365 1158 2408 non

173 2435 239 2490 erat
253 2431 372 2493 animus
387 2432 427 2491 ad
444 2433 645 2508 lrugalitatem
659 2450 770 2510 magna
783 2435 814 2493 vi
829 2434 1041 2507 reducendus,
1065 2449 1083 2492 a
1099 2450 1158 2509 qua

173 2516 308 2589 paullum
326 2515 529 2578 discesserat:

131 2599 165 2655 33
235 2619 316 2664 noar
328 2603 465 2664 monibus
478 2604 597 2679 rapidis
610 2620 685 2681 opus
697 2611 748 2679 ert,
770 2621 850 2666 ncnc
864 2610 929 2665 urle
942 2607 1097 2679 mcclstro.

173 2686 315 2761 voluptas
330 2703 369 2746 ex
385 2685 467 2749 omni
482 2687 647 2763 quaeritur.
663 2690 777 2749 nullum
789 2689 867 2748 intra
878 2705 914 2748 se
926 2696 1028 2748 manet
1038 2686 1159 2748 vitiumr

173 2767 203 2825 in
220 2771 375 2829 avaritiam
389 2770 512 2831 luxuria
527 2787 677 2847 praeceps
692 2780 749 2833 est.
772 2772 894 2834 honesti
911 2772 1025 2834 oblivio
1038 2773 1159 2833 invasit.

174 2848 247 2909 nihil
262 2859 350 2927 turpe
367 2861 423 2927 est,
440 2855 526 2915 cuius
541 2859 642 2932 placet
656 2858 794 2932 pretium.
816 2858 919 2930 homo,
936 2873 1026 2918 sacra
1041 2874 1091 2917 res
1104 2858 1158 2917 ho-

173 2934 260 3009 mini,
281 2936 340 2993 iam
362 2952 419 3011 per
439 2939 540 3000 lusum
561 2958 597 3002 ac
614 2941 715 3003 iocum
731 2941 881 3004 occiditur
896 2950 926 3002 el
940 2958 1029 3019 quem
1045 2943 1160 3003 erudiri

173 3017 213 3075 ad
235 3016 395 3080 inserenda
416 3024 659 3101 accipiendaque
679 3029 807 3088 volnera
829 3028 916 3087 neias
938 3037 1018 3101 erat,
1046 3028 1073 3088 is
1100 3029 1159 3087 iam

172 3100 275 3197 nudus
297 3104 485 3183 inermisque
507 3111 685 3184 producitur
705 3114 843 3188 satisque
865 3113 1033 3188 spectaculi
1051 3128 1089 3172 ex
1104 3113 1158 3173 ho-

129 3191 252 3246 ddmrne
268 3205 350 3250 mors
366 3198 422 3251 est.
467 3195 506 3252 In
527 3194 597 3254 hac
617 3211 710 3271 ergo
728 3214 869 3257 morum
891 3199 1159 3272 perversitate

173 3269 365 3334 desideratur
382 3277 473 3337 solito
489 3278 700 3340 vehementius
715 3282 846 3357 aliquid,
871 3283 955 3357 quod
978 3284 1058 3342 mala
1073 3282 1158 3342 inve·

171 3363 268 3417 lerata
283 3358 440 3421 discutiat:
464 3363 639 3424 decretis
656 3367 846 3439 agendum
863 3374 931 3440 est,
947 3376 980 3428 ut
994 3368 1159 3427 revellatur

159 3441 291 3514 ,venitus
305 3444 456 3508 salsorum
473 3454 599 3526 recepta
615 3451 789 3526 persuasio.
809 3451 871 3510 his
886 3452 921 3511 si
935 3449 1159 3511 adiunxeri-

146 3539 234 3587 mus
243 3541 490 3614 praecepta,
509 3533 1173 3608 consolationes,adhortationes,
