2422 3862
238 251 409 312 aristot.
426 251 521 313 olon.
540 253 613 313 Ltn.
627 242 721 313 xvii.
737 253 795 315 ΕΡ.
810 265 836 317 a
855 263 945 332 (ror.)
1014 256 1077 322 3³5

98 405 174 466 rium
193 402 305 465 bonum
320 410 383 476 εει,
401 403 486 478 quod
500 406 576 479 grati
592 414 678 479 srmt,
692 405 748 466 sed
763 412 793 464 et
807 421 918 467 meum.
940 406 981 469 ita
997 409 1078 470 enirn

99 488 199 550 animo
214 486 395 562 conpositus
409 503 493 560 sum,
509 495 543 547 ut
556 489 682 549 aliorum
697 488 811 549 bonum
826 505 924 550 meum
936 488 1077 566 iudicem,

97 572 201 646 utique
216 577 337 644 eorum,
353 571 465 645 quibus
481 570 549 646 ipse
566 587 635 633 sum
648 571 721 633 boni
736 587 839 633 causa.
858 581 907 634 est
920 573 1003 635 istud
1014 575 1121 636 lau-19

97 653 234 717 dantium
247 653 377 726 honum,
399 654 510 715 virtute
526 656 605 715 enim
620 656 750 729 geritur:
786 657 885 716 omnis
901 664 1000 718 autern
1015 657 1075 719 vir-

96 738 168 801 tutis
189 738 269 799 actio
282 737 397 798 honum
412 746 468 798 εει.
496 738 555 798 hoc
570 740 748 814 contingere
761 737 822 798 illis
837 756 899 800 non
915 739 1076 815 potuisset,

97 823 157 883 nisi
172 837 230 896 ego
246 822 314 881 talis
331 837 443 882 essem.
463 821 570 896 ltaque
584 823 744 897 utriusque
759 821 874 882 bonum
889 831 952 898 est,
969 823 1075 886 merito

96 905 229 981 laudari,
249 913 310 965 tam
330 905 521 965 mehercules
536 923 628 980 quam
649 906 728 966 bene
744 905 898 967 iudicasse
914 906 1076 980 iudicantis

95 991 210 1050 bonurn
224 996 272 1050 cst
286 988 407 1062 eteius,
424 989 593 1050 secundum
609 1005 699 1065 quem
716 988 879 1050 iudicatum
894 998 966 1051 est,
986 991 1076 1050 Num-

97 1074 170 1149 quid
194 1073 331 1143 dubitas,
354 1073 427 1146 quin
446 1071 559 1132 iustitia
572 1081 603 1133 et
618 1070 760 1132 habentis
774 1073 888 1133 bonum
903 1074 942 1133 sit
955 1081 986 1136 ct
999 1075 1075 1147 eius,

96 1157 145 1218 cui
167 1155 302 1216 debiturn
322 1156 434 1217 solvit?
460 1163 624 1218 merentem
645 1156 770 1216 laudare
791 1156 904 1218 iustitia
918 1164 980 1217 est:
1001 1174 1075 1232 ergo

95 1242 256 1315 utriusque
270 1241 384 1300 bonum
399 1245 455 1299 est.

149 1321 1117 1403 Cavillatoribusistisabundare-sponderimusdo

96 1408 153 1470 sed
176 1424 236 1469 non
258 1408 349 1467 debet
366 1406 426 1468 hoc
447 1406 536 1466 nobis
558 1422 629 1466 esse
645 1407 835 1481 propositum
856 1415 963 1482 arguta
978 1409 1075 1468 disse-

95 1509 163 1552 rere
182 1499 212 1552 et
232 1489 468 1566 philosophiam
481 1491 511 1548 in
534 1488 591 1549 has
611 1491 768 1563 angustias
788 1506 828 1550 ex
848 1507 905 1550 sua
919 1492 1075 1550 maiestate

95 1576 269 1637 detrahere:
293 1582 404 1648 quanto
425 1573 521 1634 satius
537 1578 585 1633 est
598 1571 643 1632 ire
659 1581 763 1647 aperta
778 1571 827 1632 via
841 1581 871 1633 et
884 1580 968 1634 recta
985 1590 1075 1647 quam

96 1659 154 1719 sihi
174 1660 275 1733 ipsum
296 1658 396 1718 ilexus
416 1656 598 1732 disponere,
616 1672 702 1730 ,quos
722 1672 790 1716 eum
812 1671 923 1731 magne
936 1657 1075 1718 molestia

95 1743 210 1803 debeas
221 1744 379 1816 relegeret
398 1756 499 1816 neque
514 1741 594 1801 enim
610 1739 773 1814 quicquam
787 1740 867 1800 aliud
880 1740 957 1800 istae
969 1740 1074 1814 dispu-

95 1826 225 1884 tationes
240 1834 312 1886 sunt
326 1842 416 1900 quam
432 1825 509 1884 inter
525 1839 560 1884 se
576 1824 672 1899 perite
688 1823 871 1898 captantium
885 1825 983 1883 lusus.
1008 1824 1114 1888 Dicat

96 1906 1072 1983 potius,quamnaturalesitininmensummentem

95 2007 199 2051 suam
228 1992 447 2053 extendere.
485 2006 619 2065 magua
648 1998 684 2050 et
711 2005 904 2065 generosa
928 2006 990 2050 res
1016 1997 1074 2050 est

95 2075 281 2136 humanus
305 2077 472 2136 animus:
505 2076 635 2136 nullos
660 2073 737 2133 sibi
762 2074 852 2149 poni
874 2073 950 2134 nisi
973 2089 1073 2134 com·

94 2175 226 2231 munes
247 2167 284 2219 et
303 2176 384 2221 cum
399 2160 470 2220 deo
491 2159 676 2219 terminos
697 2159 852 2234 patitur.
875 2158 1003 2233 primum
1018 2157 1072 2217 hu-

93 2243 193 2302 milem
215 2259 276 2302 non
298 2244 409 2318 accipit
429 2241 571 2318 patriam,
597 2242 754 2317 Ephesum
776 2250 827 2303 aut
846 2241 1073 2316 Alexandriam,
1169 2273 1174 2282 ·

94 2333 146 2386 aut
160 2326 187 2385 si
206 2326 289 2401 quod
307 2332 354 2386 est
368 2327 541 2387 etiamnunc
556 2326 744 2401 frequentius
761 2326 888 2400 ineolis,
907 2325 1016 2388 laetius
1030 2332 1073 2385 te-

93 2411 150 2469 ctis
168 2411 282 2468 solum=
309 2409 405 2482 patrla
425 2419 474 2470 εει
493 2411 550 2480 ἰΙΙί,
572 2410 790 2485 quodcumque
805 2425 950 2484 suprema
964 2415 995 2468 et
1008 2407 1074 2468 uni-

93 2508 184 2550 versa
197 2491 324 2550 circuitu
338 2506 395 2551 suo
407 2491 513 2566 cingit,
525 2492 585 2552 hoe
597 2508 687 2552 omne
701 2503 888 2565 convexum,
901 2491 978 2550 intra
990 2489 1074 2565 quod

92 2576 193 2635 iacent
212 2573 307 2633 maria
329 2590 398 2634 cum
418 2575 521 2646 terris,
542 2575 621 2634 intra
641 2576 725 2650 quod
742 2590 800 2646 ¹aer
815 2574 954 2634 humanis
972 2573 1074 2633 divina

94 2673 260 2720 secernens
282 2656 372 2718 eliam
393 2656 562 2731 coniungit,
583 2656 661 2718 intra
683 2657 767 2730 quod
791 2656 943 2731 disposita
964 2662 1008 2716 ιοι
1026 2659 1072 2715 lu·

93 2743 174 2802 mina
194 2743 222 2801 in
245 2749 332 2803 actus
354 2757 429 2803 suos
446 2741 608 2801 excubant.
629 2740 747 2801 Deinde
761 2747 858 2800 artam
872 2745 1001 2799 oetatem
1016 2737 1116 2799 sibim

93 2827 159 2886 dari
180 2843 241 2887 non
257 2825 343 2886 sinit:
366 2872 383 2900 ‚,
392 2841 513 2898 omnes,
530 2824 641 2898 inquit,
658 2829 728 2884 ante
745 2829 801 2896 [me
817 2826 902 2896 nnnc]
917 2821 977 2883 mei
991 2830 1072 2884 sunt.

93 2911 207 2970 nullum
227 2910 365 2971 seculum
380 2910 497 2984 magnis
512 2908 642 2983 ingeniis
659 2908 777 2968 elusum
799 2915 861 2980 est,
882 2909 996 2967 nmium
1010 2922 1072 2966 non
1099 2949 1104 2958 -

94 2993 268 3068 cogitationi
290 2989 428 3069 pervium
452 3001 583 3068 tempus.
612 3007 680 3053 eum
703 2990 820 3052 venerit
838 2991 904 3051 dies
930 2991 997 3062 ille,
1021 2991 1074 3064 qui

93 3078 220 3137 mixtum
233 3078 292 3139 hoc
308 3077 403 3137 divini
419 3077 607 3151 humanique
628 3081 781 3148 secernat,
799 3080 917 3150 ‘corpus
938 3073 1002 3148 hic,
1021 3072 1073 3134 ubi

94 3162 212 3234 inveni,
232 3163 417 3237 relinquam,
435 3162 503 3236 ipse
525 3176 574 3220 me
595 3160 644 3220 dis
660 3158 796 3219 reddam.
830 3174 888 3219 nec
905 3173 986 3218 nunc
1006 3157 1073 3217 sine

93 3241 153 3302 illis
175 3262 257 3319 sum,
280 3246 335 3305 sed
356 3244 441 3319 gravi
462 3254 645 3318 terrenoque
666 3243 804 3304 detineor
830 3245 983 3302 earcere.“
1018 3240 1118 3301 Perna

94 3326 151 3385 has
178 3330 313 3390 mortalis
343 3329 410 3389 aevi
440 3344 542 3388 moras
566 3327 609 3388 illi
633 3327 749 3386 meliori
775 3325 855 3386 vltue
881 3322 1073 3400 longiorique

94 3410 275 3485 proluditur.
310 3412 567 3488 quemadmodum
592 3411 698 3471 decem
724 3410 882 3470 mensibus
908 3413 990 3469 tenet
1013 3421 1072 3465 nos

95 3502 249 3555 maternus
270 3503 375 3558 uterus
397 3503 427 3556 et
448 3505 612 3574 praeparat
629 3494 780 3569 nonsibi,
803 3493 860 3553 sed
873 3490 916 3553 illi
930 3492 1018 3564 loco,
1042 3487 1073 3548 in
