2422 3862
117 228 160 292 98
393 225 426 284 L.
445 224 591 285 ANNAEI
614 223 788 285 SENECAE

114 379 286 455 pertinens,
300 390 402 435 meum
414 381 470 434 est
494 373 679 434 consortium
689 385 792 434 rerum
799 374 933 435 omnium
945 374 1023 435 inter
1033 391 1090 436 nes

117 464 187 522 lacit
200 459 341 520 amicitia.
368 474 426 518 nee
440 458 568 519 secundi
584 457 746 534 quicquam
761 459 888 532 singulis
904 464 1023 519 estnec
1038 458 1090 519 ad·

117 546 212 606 versi:
241 545 272 603 in
293 558 453 604 commune
473 542 593 602 vivitur.
621 557 679 601 nec
700 549 802 617 potest
824 541 987 616 quisquam
1002 543 1091 604 beate

116 631 242 704 degere,
271 628 323 702 qui
344 642 379 686 se
400 632 513 686 tantum
539 627 678 699 intuetur,
707 626 759 701 qui
780 624 882 686 emnia
895 627 935 686 ed
948 625 1091 688 utilitates

115 730 189 774 suas
217 711 381 772 convertit:
408 709 493 770 alteri
516 709 602 769 vivas
627 716 763 784 oportet,
791 710 819 769 si
837 710 884 769 vis
902 708 958 770 tibi
977 708 1091 771 vivere.

87 799 198 857 tlHaec
214 797 345 856 societas
361 794 520 869 diligenter
532 802 561 854 et
572 801 678 854 sancte
690 793 860 867 observata,
877 809 957 868 quae
967 811 1026 855 nos
1037 795 1090 855 bo·

114 884 211 942 mines
226 880 399 939 hominibus
413 880 521 938 miscet
534 884 565 938 et
578 876 691 939 iudicet
705 876 831 953 aliquod
846 893 918 938 esse
930 893 1092 939 commune

114 967 162 1025 ius
184 964 305 1038 generis
325 961 463 1036 humani,
485 961 646 1037 plurimum
663 962 702 1022 ad
716 961 797 1021 illam
813 977 952 1038 quoque,
975 963 1015 1022 de
1031 975 1093 1037 qua

114 1046 272 1122 loquebar,
294 1046 467 1106 interiorem
488 1047 664 1106 societatem
682 1044 830 1106 amicitiae
846 1046 1006 1106 colendam
1021 1063 1091 1120 pra-

114 1132 186 1191 ficit.
208 1129 309 1191 omnia
319 1130 399 1190 enim
412 1129 583 1190 communia
595 1143 663 1188 cum
675 1129 772 1189 amica
784 1129 922 1201 habebit,
936 1130 989 1204 qui
1000 1131 1092 1190 multa

86 1226 183 1278 acum
198 1214 330 1274 bomine.
366 1213 447 1287 Hoc,
468 1213 564 1273 Lucili
582 1213 715 1273 virorum
730 1213 952 1288 optima-milri
968 1214 1008 1273 ab
1025 1211 1091 1274 istis

116 1298 277 1359 subtilibus
299 1297 435 1372 praecipi
455 1298 551 1371 malo,
574 1297 649 1372 quid
667 1297 764 1357 amice
782 1304 938 1372 praestare
951 1298 1090 1367 debeam

117 1383 189 1458 quid
204 1382 332 1453 homini,
356 1397 447 1455 quam
462 1389 536 1454 quot
550 1381 649 1440 nrodis
669 1380 813 1443 amicus
831 1382 956 1453 dicatur,
978 1390 1010 1443 et
1025 1381 1090 1442 ba·

115 1483 171 1526 mo
195 1483 285 1541 quam
301 1466 394 1525 multa
408 1464 567 1538 significet.
594 1464 626 1523 In
641 1463 798 1526 diversum
812 1481 886 1526 ecce
901 1464 1052 1540 sapientia
1063 1472 1091 1525 et

116 1551 239 1611 stultitia
260 1549 436 1610 discedunt:
460 1549 508 1608 cui
531 1548 668 1608 accedet
698 1550 728 1608 in
743 1559 841 1611 utram
855 1550 899 1609 ire
916 1557 1033 1624 partem
1049 1550 1092 1611 iu·

115 1634 193 1695 best
224 1635 266 1694 illi
286 1634 378 1693 home
400 1648 455 1707 pre
477 1632 575 1692 antico
597 1640 658 1704 est,
680 1630 752 1693 huic
765 1634 883 1695 amicus
896 1648 957 1693 non
973 1642 1021 1694 est
1036 1649 1092 1708 pre

114 1717 247 1779 homine.
280 1718 330 1776 ille
351 1716 480 1776 amicum
502 1715 559 1775 sibi
579 1724 681 1790 parat,
707 1716 755 1776 hie
776 1733 811 1778 se
831 1717 946 1778 amice:
973 1724 1007 1778 tu
1021 1717 1091 1776 mihi

87 1802 210 1870 everba
225 1802 401 1874 distorques
415 1806 445 1859 ει
457 1800 593 1876 syllabas
605 1801 728 1874 digeris.
767 1800 931 1862 Scilicet
944 1800 1021 1863 nisi
1036 1801 1091 1860 in-

117 1884 411 1959 terrogationes
432 1884 661 1943 vaferrimas
682 1892 866 1948 struxere
881 1887 1091 1945 etcenclu-

12 2014 17 2021 .
118 1971 227 2030 sione
260 1970 362 2028 lalsa
395 1983 412 2026 a
442 1983 533 2027 vero
565 1983 734 2028 nascens
762 1968 1000 2031 mendacium
1028 1970 1091 2028 ad·

118 2053 329 2122 strinxere,
364 2067 437 2110 non
473 2060 608 2126 potere
642 2067 660 2110 a
692 2053 892 2127 fugiendis
927 2054 1093 2127 petenda

85 2134 88 2139 ’
117 2150 335 2195 secernere.
376 2133 496 2196 Pudet
521 2151 591 2195 mec
622 2135 658 2193 in
686 2152 726 2196 re
753 2143 825 2197 tam
851 2135 955 2198 seria
977 2153 1092 2198 senes

117 2218 295 2278 ludimus.
334 2217 443 2290 [Vale]

389 2351 620 2429 [EPISTULA
642 2357 712 2412 tull.
742 2358 812 2428 (le.)
928 2425 930 2428 ¹

362 2447 472 2500 Seneca
489 2450 600 2500 Lucrmo
620 2462 672 2500 suo
693 2449 844 2518 sacurem]

88 2569 104 2622 6
179 2553 267 2626 „Mus
287 2555 408 2632 syllaba
428 2561 484 2614 est
513 2571 581 2614 mus
603 2563 702 2615 autem
720 2572 842 2639 caseum
857 2557 951 2618 rodit:
974 2557 1094 2636 syllaba

117 2653 190 2713 ergo
213 2653 337 2698 caseum
357 2639 468 2698 redit.“
503 2638 578 2699 Puta
593 2655 674 2700 nunc
688 2655 737 2699 me
752 2640 829 2700 istuc
844 2657 903 2701 non
920 2658 1018 2716 posse
1033 2643 1093 2701 sol-

116 2737 199 2781 vere.
232 2723 313 2796 quod
340 2721 413 2780 milri
438 2737 476 2780 ex
503 2723 560 2781 ista
584 2724 733 2783 sententia
756 2725 923 2798 periculum
948 2724 1094 2786 inminett

117 2804 200 2880 quad
212 2804 460 2865 incommedum?
481 2804 548 2865 sine
561 2807 653 2869 dubie
665 2808 831 2867 verendum
842 2815 902 2880 est,
916 2824 956 2870 ne
968 2811 1092 2885 quande

116 2890 146 2948 in
168 2889 340 2964 muscipula
360 2887 496 2966 syllabas
518 2889 636 2965 capiam
657 2899 709 2951 aut
728 2893 922 2966 nequando,
943 2893 970 2953 si
990 2895 1091 2967 negle

117 2972 236 3048 gentior
257 2972 357 3046 luero,
382 2976 505 3032 caseum
519 2974 595 3034 liber
611 2975 759 3035 comedat.
788 2976 847 3036 uisi
862 2978 941 3036 lorte
955 2977 1009 3036 illa
1021 2992 1093 3037 acu·

116 3057 175 3116 tier
196 3062 244 3114 est
264 3056 418 3117 collectio:
442 3074 529 3131 „mus
550 3059 670 3135 syllaba
690 3067 745 3119 est.
779 3060 899 3137 syllaba
920 3069 1021 3121 autem
1044 3075 1093 3120 ca·

88 3152 203 3208 'iseum
226 3154 286 3199 non
309 3139 403 3201 rodit:
426 3159 492 3203 mus
513 3158 586 3216 ergo
608 3159 733 3204 caseum
753 3160 813 3204 non
831 3145 942 3205 redit.“
978 3142 1093 3220 Opue-

117 3223 190 3282 riles
206 3223 350 3298 ineptias!
373 3225 402 3285 in
416 3226 476 3286 hoc
491 3228 653 3302 supercilia
668 3228 890 3289 subduximus?
911 3229 942 3289 in
953 3229 1014 3289 hoc
1027 3230 1093 3289 bar-

118 3306 188 3365 bam
204 3305 403 3370 demisimust
420 3309 479 3371 huc
494 3318 540 3370 est
555 3313 639 3386 quod
653 3311 755 3373 tristes
768 3313 914 3382 docemus
926 3321 958 3374 et
969 3311 1094 3389 pallidis

118 3390 175 3450 Vis
195 3392 290 3467 scire,
319 3392 391 3468 quid
416 3393 614 3470 philosophia
636 3396 789 3471 promittat
811 3399 916 3474 generi
940 3396 1095 3459 humanat

120 3475 295 3537 consiliumz
316 3479 404 3540 aliurn
417 3486 610 3541 mersvocat.
634 3481 724 3542 alium
736 3490 903 3557 paupertas
913 3482 982 3544 urit
1004 3482 1094 3543 alium
