2422 3862
245 239 415 300 EPISTUL.
430 238 523 300 molt.
545 240 618 300 LIB.
629 241 705 301 XIX.
728 241 784 300 ΕΡ.
795 249 823 304 8.
845 249 934 318 (117.)
1018 244 1081 308 885

97 393 213 468 Speras
228 406 277 450 me
292 392 443 450 dicturum
457 407 518 470 non
533 406 605 450 esse
620 392 702 451 aliud
715 407 846 463 cursum,
863 392 945 453 aliud
958 408 1110 462 curreres

96 493 154 536 nec
170 476 253 535 alind
269 476 412 547 calorem,
428 474 510 534 aliud
527 475 627 533 calere
642 490 700 535 nec
715 475 797 535 aliud
812 478 920 551 lucem,
936 479 1018 539 aliud
1035 482 1079 540 lu·

97 575 183 620 cere:
207 559 345 619 concedo
367 559 426 618 ista
446 558 505 618 alia
521 573 608 629 esse,
634 559 767 618 sednon
787 560 879 620 sortis
894 563 1029 622 alterins.
1053 565 1080 624 si

95 643 232 704 valitudo
250 641 429 702 indifferens
451 649 514 715 est,
539 642 619 702 bene
640 645 741 702 valere
761 643 940 706 indifferens
966 655 1023 706 est.
1053 648 1080 707 si

96 730 195 788 forma
209 726 389 786 indifferens
402 734 458 800 est,
474 732 504 785 et
515 726 683 786 formosum
696 742 776 786 esse.
800 729 827 788 si
841 729 954 788 iustitia
965 730 1080 790 bonum

96 818 153 885 est,
169 819 199 871 et
211 811 323 871 iustum
335 826 416 870 esse.
439 811 465 870 si
474 811 631 884 turpitudo
643 812 754 871 malum
767 819 822 886 εει,
837 820 867 872 ει
877 819 997 888 turpem
1009 830 1080 875 esse

96 898 208 955 malum
223 903 280 969 est,
296 903 356 955 tam
372 894 561 954 mehercules
578 911 678 969 quam,
696 894 724 954 si
739 897 888 971 lippitudo
901 900 1012 958 malum
1024 906 1080 972 est,

95 987 126 1040 et
140 979 251 1055 lippire
270 994 396 1054 quoque
411 979 522 1038 malum
537 986 599 1037 est:
621 979 681 1040 hoc
698 987 731 1039 ut
746 981 836 1052 scias,
854 989 992 1041 nentrum
1009 999 1080 1042 esse

95 1065 163 1124 sine
177 1064 273 1123 altero
291 1069 406 1138 potest:
430 1061 482 1136 qui
498 1062 587 1136 sapit,
604 1061 730 1138 sapiens
742 1072 798 1124 est.
823 1065 874 1139 qui
887 1067 1011 1141 sapiens
1024 1074 1080 1141 est,

96 1149 192 1222 sapit=
215 1148 294 1208 adeo
310 1163 372 1206 non
389 1152 490 1221 potest
505 1145 652 1219 dubitari,
675 1163 729 1221 an,
751 1149 840 1222 quale
855 1149 928 1208 illud
944 1150 997 1224 sit,
1020 1152 1080 1211 tale

95 1233 155 1292 hoc
178 1233 230 1303 sit,
258 1239 292 1290 ut
312 1230 497 1305 quibusdam
520 1237 683 1304 utrumque
708 1248 801 1292 unum
828 1232 968 1293 videatur
988 1241 1079 1309 atque

96 1315 187 1375 idem.
218 1315 280 1375 Sed
296 1315 370 1374 illud
384 1315 512 1374 libenter
527 1315 721 1389 quaesierim,
739 1331 806 1375 cnm
824 1315 925 1376 omnia
940 1324 992 1377 ant
1002 1320 1109 1380 malai

96 1399 157 1460 sint
172 1406 224 1459 aut
237 1399 319 1459 bona
335 1404 386 1458 aut
400 1397 612 1469 indifferentia,
629 1414 740 1474 sapere
755 1400 784 1458 in
801 1415 863 1474 quo
879 1416 1006 1460 numero
1022 1400 1081 1461 siti

96 1485 210 1544 bonurn
230 1490 342 1557 negant
360 1498 442 1542 esse.
471 1484 582 1541 malum
602 1483 708 1557 utique
728 1499 788 1542 non
808 1491 870 1543 est=
894 1485 1034 1557 sequitur
1049 1492 1081 1544 ut

96 1569 229 1627 medium
244 1568 291 1627 sit.
314 1568 346 1627 id
358 1573 457 1627 antem
469 1566 602 1625 medium
618 1573 711 1641 atque
724 1565 904 1626 indifferens
922 1582 1078 1640 vocamus,

96 1653 180 1726 quod
203 1657 261 1710 tam
284 1653 364 1711 malo
384 1649 561 1725 contingere
583 1667 674 1726 quam
689 1650 773 1710 bono
790 1651 903 1725 possit,
924 1656 1080 1726 tamquam

96 1736 245 1811 pecunia,
261 1736 371 1808 forma,
388 1735 546 1794 nobilitas:
569 1734 638 1808 boc,
654 1742 686 1794 nt
702 1735 810 1809 sapiat,
829 1735 1006 1810 contingere
1021 1736 1080 1799 nisi

96 1821 179 1879 bona
205 1835 265 1878 non
293 1826 408 1894 potest:
436 1835 511 1893 ergo
534 1818 712 1879 indifferens
734 1835 795 1878 non
820 1825 877 1879 est.
921 1820 1015 1894 Atqui
1041 1834 1079 1878 ne

95 1904 207 1962 malum
230 1902 353 1977 quidem
373 1910 436 1975 est,
467 1901 552 1977 quod
574 1903 751 1978 contingere
771 1905 852 1963 malo
875 1919 935 1962 non
962 1909 1079 1978 potest:

95 2003 168 2060 ergo
182 1986 297 2045 bonum
313 1995 369 2048 est.
407 1987 496 2060 Quod
511 1987 684 2048 nisibenus
700 2004 761 2047 non
776 1987 876 2059 habet,
894 1987 1008 2047 bonum
1022 1993 1079 2047 est.

94 2086 206 2145 sapere
222 2070 356 2130 nonnisi
371 2071 589 2133 bonusbabet:
612 2087 686 2147 ergo
698 2071 812 2134 bonum
824 2079 881 2131 est.
904 2072 1079 2146 „Accidens
1091 2077 1122 2130 lo

94 2161 155 2226 est,
179 2155 290 2230 inquit,
313 2156 510 2231 sapientiae.“
554 2157 724 2232 neserga,
747 2157 832 2232 quod
847 2171 941 2216 vocas
958 2171 1079 2232 sapere,

93 2247 194 2298 utrum
217 2241 289 2299 lacit
315 2239 495 2314 sapientiam
517 2255 554 2299 an
576 2240 709 2316 patitur?
739 2243 805 2302 sive
826 2239 898 2300 lacit
917 2241 991 2301 illud
1013 2240 1079 2300 sive

93 2321 216 2397 patitur,
233 2329 364 2396 utroque
379 2324 471 2383 modo
484 2340 598 2399 eorpus
611 2333 667 2385 est.
686 2335 798 2386 namet
811 2325 895 2400 quod
908 2325 941 2384 fit
952 2332 983 2384 et
995 2324 1079 2399 quod

93 2404 181 2474 facit,
205 2420 318 2478 corpus
335 2413 395 2464 cst:
420 2407 446 2465 si
462 2422 577 2480 corpus
591 2415 654 2480 est,
676 2409 792 2470 bonum
806 2416 863 2469 εει.
889 2423 983 2468 unum
998 2407 1079 2467 enim

94 2486 135 2546 iili
148 2485 262 2559 deerat
279 2505 340 2562 quo
353 2487 454 2547 minus
466 2487 580 2549 bonum
592 2500 685 2562 esset,
700 2492 784 2566 quod
796 2491 990 2564 incorporale
1002 2497 1077 2548 erat.

92 2569 303 2644 Peripateticis
318 2572 419 2645 placet
440 2569 513 2629 nihil
529 2573 679 2632 interesse
695 2576 773 2634 inter
788 2574 969 2647 sapientiam
985 2579 1016 2631 et
1029 2570 1118 2631 sa-ll

94 2669 185 2730 pere,
215 2670 282 2714 cum
306 2656 335 2713 in
355 2653 499 2713 utrolibet
521 2669 628 2714 eorum
652 2663 682 2715 et
702 2660 827 2716 alterum
849 2656 897 2715 sit.
930 2656 1079 2730 numquid

93 2740 174 2798 enim
197 2754 382 2814 quemquam
405 2736 562 2798 existimas
585 2754 711 2813 sapere,
738 2740 797 2800 nisi
821 2739 873 2814 qui
899 2739 1078 2815 sapientiam

92 2823 205 2882 habet?
226 2822 376 2898 numquid
392 2837 586 2897 quemquam,
606 2822 658 2897 qni
674 2823 763 2898 sapit,
781 2841 843 2884 non
859 2830 949 2898 putas
965 2823 1079 2884 babere

94 2905 296 2980 sapientiam?
339 2905 496 2967 Dialectici
519 2913 640 2967 veteres
661 2907 942 2983 istadistinguunt=
966 2909 1004 2968 ab
1019 2907 1078 2969 illis
1088 2909 1120 2960 12

93 2991 204 3050 divisio
226 3007 326 3066 usque
348 2992 388 3050 ad
405 2990 528 3052 Stoicos
546 2992 639 3051 venit.
669 2991 768 3067 qualis
790 2993 830 3053 sit
843 2993 936 3066 haec,
963 2991 1077 3066 dicam:

92 3075 175 3133 aliud
192 3081 239 3133 est
254 3091 342 3149 ager,
359 3075 442 3134 aliud
456 3091 563 3150 agrum
580 3075 710 3149 habere,
731 3077 858 3150 quidnit
880 3092 949 3137 curn
965 3076 1079 3137 babere

92 3174 199 3230 agrum
218 3160 258 3217 ad
281 3159 458 3230 habentem,
484 3176 545 3220 non
568 3159 607 3219 ad
625 3175 732 3233 agrum
747 3161 906 3236 pertineat.
933 3160 978 3220 sic
995 3160 1079 3221 alind

93 3249 140 3300 est
155 3242 314 3314 sapientia,
330 3242 413 3301 alind
429 3258 549 3317 sapere.
573 3250 646 3317 puto
659 3244 813 3304 concedes
826 3246 887 3304 duo
904 3259 975 3304 esse
990 3245 1076 3319 haec,

92 3324 139 3393 id,
163 3325 247 3397 quod
263 3326 406 3399 habetur,
424 3333 454 3385 et
469 3341 553 3399 eum,
576 3327 629 3402 qui
643 3327 749 3388 habet:
772 3327 901 3388 babetur
917 3329 1077 3404 sapientia.

91 3406 185 3465 habet
200 3407 252 3481 qui
270 3411 359 3485 sapit.
390 3411 541 3484 sapientia
555 3419 603 3471 est
617 3427 703 3472 mens
720 3413 860 3489 perlecta
876 3414 933 3470 usi
943 3412 1089 3468 absum-

92 3506 175 3548 mum
196 3491 403 3570 optimumque
424 3494 585 3571 perducta.
614 3511 668 3558 ars
690 3497 778 3558 enim
795 3497 887 3556 uitae
900 3500 965 3550 est.
992 3497 1134 3554 snum·

130 3591 229 3628 sunncn
246 3594 314 3634 amn.
331 3581 378 3636 ill.
912 3578 958 3628 ffb
