<?xml version="1.0" encoding="UTF-8"?>
<!DOCTYPE html PUBLIC "-//W3C//DTD XHTML 1.0 Transitional//EN"
    "http://www.w3.org/TR/xhtml1/DTD/xhtml1-transitional.dtd">
<html xmlns="http://www.w3.org/1999/xhtml" xml:lang="en" lang="en">
 <head>
  <title>
</title>
<meta http-equiv="Content-Type" content="text/html;charset=utf-8" />
  <meta name='ocr-system' content='tesseract 3.04.00' />
  <meta name='ocr-capabilities' content='ocr_page ocr_carea ocr_par ocr_line ocrx_word'/>
</head>
<body>
  <div class='ocr_page' id='page_1' title='image "./lannaeisenecaeo06senegoog_0177.png"; bbox 0 0 2422 3862; ppageno 0'>
   <div class='ocr_carea' id='block_1_1' title="bbox 125 243 811 311">
    <p class='ocr_par' dir='ltr' id='par_1_1' title="bbox 125 243 811 311">
     <span class='ocr_line' id='line_1_1' title="bbox 125 243 811 311; baseline -0.013 0"><span class='ocrx_word' id='word_1_1' title='bbox 125 249 185 311; x_wconf 76' lang='lat'><strong>142</strong></span> <span class='ocrx_word' id='word_1_2' title='bbox 412 247 446 306; x_wconf 87' lang='lat' dir='ltr'><strong>L.</strong></span> <span class='ocrx_word' id='word_1_3' title='bbox 468 244 615 305; x_wconf 80' lang='lat' dir='ltr'>ANNAEI</span> <span class='ocrx_word' id='word_1_4' title='bbox 636 243 811 304; x_wconf 77' lang='lat' dir='ltr'>SENECAE</span> 
     </span>
    </p>
   </div>
   <div class='ocr_carea' id='block_1_2' title="bbox 121 394 1096 797">
    <p class='ocr_par' dir='ltr' id='par_1_2' title="bbox 121 394 1096 797">
     <span class='ocr_line' id='line_1_2' title="bbox 123 394 1095 471; baseline -0.006 -9"><span class='ocrx_word' id='word_1_5' title='bbox 123 418 176 462; x_wconf 90' lang='lat' dir='ltr'><strong>sus</strong></span> <span class='ocrx_word' id='word_1_6' title='bbox 192 400 322 462; x_wconf 87' lang='lat' dir='ltr'><strong>fortuita.</strong></span> <span class='ocrx_word' id='word_1_7' title='bbox 359 415 419 458; x_wconf 92' lang='lat' dir='ltr'><strong>non</strong></span> <span class='ocrx_word' id='word_1_8' title='bbox 436 405 713 458; x_wconf 81' lang='lat' dir='ltr'><strong>contremescamus</strong></span> <span class='ocrx_word' id='word_1_9' title='bbox 728 394 868 470; x_wconf 87' lang='lat' dir='ltr'><strong>iniurias,</strong></span> <span class='ocrx_word' id='word_1_10' title='bbox 885 411 945 455; x_wconf 91' lang='lat' dir='ltr'><strong>non</strong></span> <span class='ocrx_word' id='word_1_11' title='bbox 962 397 1095 471; x_wconf 80' lang='lat' dir='ltr'><strong>volnera,</strong></span> 
     </span>
     <span class='ocr_line' id='line_1_3' title="bbox 123 478 1096 557; baseline -0.004 -12"><span class='ocrx_word' id='word_1_12' title='bbox 123 503 183 547; x_wconf 94' lang='lat' dir='ltr'><strong>non</strong></span> <span class='ocrx_word' id='word_1_13' title='bbox 197 485 331 557; x_wconf 87' lang='lat' dir='ltr'><strong>vincula,</strong></span> <span class='ocrx_word' id='word_1_14' title='bbox 347 498 407 542; x_wconf 93' lang='lat' dir='ltr'><strong>uon</strong></span> <span class='ocrx_word' id='word_1_15' title='bbox 423 489 599 556; x_wconf 75' lang='lat' dir='ltr'><strong>egestatem.</strong></span> <span class='ocrx_word' id='word_1_16' title='bbox 621 480 705 540; x_wconf 88' lang='lat' dir='ltr'><strong>Mors</strong></span> <span class='ocrx_word' id='word_1_17' title='bbox 722 478 795 557; x_wconf 89' lang='lat' dir='ltr'><strong>quid</strong></span> <span class='ocrx_word' id='word_1_18' title='bbox 811 487 880 541; x_wconf 79' lang='lat' dir='ltr'><strong>estt</strong></span> <span class='ocrx_word' id='word_1_19' title='bbox 895 486 948 540; x_wconf 92' lang='lat' dir='ltr'><strong>aut</strong></span> <span class='ocrx_word' id='word_1_20' title='bbox 961 480 1032 541; x_wconf 87' lang='lat' dir='ltr'><strong>linis</strong></span> <span class='ocrx_word' id='word_1_21' title='bbox 1046 489 1096 541; x_wconf 88' lang='lat' dir='ltr'><strong>aut</strong></span> 
     </span>
     <span class='ocr_line' id='line_1_4' title="bbox 122 565 1095 640; baseline -0.004 -11"><span class='ocrx_word' id='word_1_22' title='bbox 122 571 283 630; x_wconf 85' lang='lat' dir='ltr'><strong>transitus=</strong></span> <span class='ocrx_word' id='word_1_23' title='bbox 312 583 370 627; x_wconf 92' lang='lat' dir='ltr'><strong>nec</strong></span> <span class='ocrx_word' id='word_1_24' title='bbox 396 565 538 625; x_wconf 87' lang='lat' dir='ltr'><strong>desinere</strong></span> <span class='ocrx_word' id='word_1_25' title='bbox 565 566 666 624; x_wconf 90' lang='lat' dir='ltr'><strong>timeo.</strong></span> <span class='ocrx_word' id='word_1_26' title='bbox 712 565 791 624; x_wconf 92' lang='lat' dir='ltr'><strong>idem</strong></span> <span class='ocrx_word' id='word_1_27' title='bbox 820 571 868 626; x_wconf 86' lang='lat' dir='ltr'><strong>est</strong></span> <span class='ocrx_word' id='word_1_28' title='bbox 891 565 986 637; x_wconf 89' lang='lat' dir='ltr'><strong>enim,</strong></span> <span class='ocrx_word' id='word_1_29' title='bbox 1013 565 1095 640; x_wconf 88' lang='lat' dir='ltr'><strong>quod</strong></span> 
     </span>
     <span class='ocr_line' id='line_1_5' title="bbox 122 649 1095 728; baseline -0.003 -15"><span class='ocrx_word' id='word_1_30' title='bbox 122 670 183 713; x_wconf 91' lang='lat' dir='ltr'><strong>nou</strong></span> <span class='ocrx_word' id='word_1_31' title='bbox 200 653 360 728; x_wconf 81' lang='lat' dir='ltr'><strong>coepisse:</strong></span> <span class='ocrx_word' id='word_1_32' title='bbox 387 665 445 709; x_wconf 92' lang='lat' dir='ltr'><strong>nec</strong></span> <span class='ocrx_word' id='word_1_33' title='bbox 462 649 606 722; x_wconf 85' lang='lat' dir='ltr'><strong>transire,</strong></span> <span class='ocrx_word' id='word_1_34' title='bbox 627 649 700 724; x_wconf 91' lang='lat' dir='ltr'><strong>quia</strong></span> <span class='ocrx_word' id='word_1_35' title='bbox 715 664 869 724; x_wconf 86' lang='lat' dir='ltr'>nusquam</span> <span class='ocrx_word' id='word_1_36' title='bbox 885 656 947 709; x_wconf 89' lang='lat' dir='ltr'><strong>tam</strong></span> <span class='ocrx_word' id='word_1_37' title='bbox 968 657 1095 724; x_wconf 87' lang='lat' dir='ltr'><strong>anguste</strong></span> 
     </span>
     <span class='ocr_line' id='line_1_6' title="bbox 121 738 309 797; baseline -0.027 0"><span class='ocrx_word' id='word_1_38' title='bbox 121 753 185 797; x_wconf 94' lang='lat' dir='ltr'><strong>ero.</strong></span> <span class='ocrx_word' id='word_1_39' title='bbox 221 738 309 797; x_wconf 92' lang='lat' dir='ltr'><strong>Vale.</strong></span> 
     </span>
    </p>
   </div>
   <div class='ocr_carea' id='block_1_3' title="bbox 372 870 841 1019">
    <p class='ocr_par' dir='ltr' id='par_1_3' title="bbox 372 870 841 1019">
     <span class='ocr_line' id='line_1_7' title="bbox 410 870 798 941; baseline 0.008 -14"><span class='ocrx_word' id='word_1_40' title='bbox 410 870 624 928; x_wconf 77' lang='lat' dir='ltr'>EPISTULA</span> <span class='ocrx_word' id='word_1_41' title='bbox 649 872 696 927; x_wconf 94' lang='lat' dir='ltr'><strong>lV.</strong></span> <span class='ocrx_word' id='word_1_42' title='bbox 726 871 798 941; x_wconf 82' lang='lat'><strong>(66.)</strong></span> 
     </span>
     <span class='ocr_line' id='line_1_8' title="bbox 372 966 841 1019; baseline -0.002 -3"><span class='ocrx_word' id='word_1_43' title='bbox 372 966 482 1017; x_wconf 67' lang='lat' dir='ltr'><strong>Seneca</strong></span> <span class='ocrx_word' id='word_1_44' title='bbox 500 967 611 1019; x_wconf 85' lang='lat' dir='ltr'><strong>Lucuro</strong></span> <span class='ocrx_word' id='word_1_45' title='bbox 631 978 683 1017; x_wconf 88' lang='lat' dir='ltr'><strong>suo</strong></span> <span class='ocrx_word' id='word_1_46' title='bbox 703 977 841 1017; x_wconf 73' lang='lat' dir='ltr'><strong>sucorum.</strong></span> 
     </span>
    </p>
   </div>
   <div class='ocr_carea' id='block_1_4' title="bbox 81 1068 1127 3590">
    <p class='ocr_par' dir='ltr' id='par_1_4' title="bbox 93 1068 1095 1649">
     <span class='ocr_line' id='line_1_9' title="bbox 93 1068 1093 1146; baseline 0.001 -15"><span class='ocrx_word' id='word_1_47' title='bbox 93 1094 105 1146; x_wconf 78' lang='lat'>1</span> <span class='ocrx_word' id='word_1_48' title='bbox 185 1070 359 1142; x_wconf 83' lang='lat' dir='ltr'><strong>Claranum,</strong></span> <span class='ocrx_word' id='word_1_49' title='bbox 389 1069 633 1144; x_wconf 89' lang='lat' dir='ltr'><strong>condiscipulum</strong></span> <span class='ocrx_word' id='word_1_50' title='bbox 655 1085 770 1141; x_wconf 89' lang='lat' dir='ltr'><strong>meum,</strong></span> <span class='ocrx_word' id='word_1_51' title='bbox 800 1068 863 1128; x_wconf 92' lang='lat' dir='ltr'><strong>vidi</strong></span> <span class='ocrx_word' id='word_1_52' title='bbox 888 1077 960 1145; x_wconf 92' lang='lat' dir='ltr'><strong>post</strong></span> <span class='ocrx_word' id='word_1_53' title='bbox 986 1071 1093 1132; x_wconf 86' lang='lat' dir='ltr'><strong>multos</strong></span> 
     </span>
     <span class='ocr_line' id='line_1_10' title="bbox 121 1152 1094 1230; baseline 0.001 -16"><span class='ocrx_word' id='word_1_54' title='bbox 121 1172 234 1217; x_wconf 82' lang='lat' dir='ltr'><strong>annos:</strong></span> <span class='ocrx_word' id='word_1_55' title='bbox 264 1171 339 1228; x_wconf 88' lang='lat' dir='ltr'><strong>non,</strong></span> <span class='ocrx_word' id='word_1_56' title='bbox 370 1162 458 1229; x_wconf 92' lang='lat' dir='ltr'><strong>puto,</strong></span> <span class='ocrx_word' id='word_1_57' title='bbox 487 1161 666 1230; x_wconf 89' lang='lat' dir='ltr'><strong>exspectas,</strong></span> <span class='ocrx_word' id='word_1_58' title='bbox 688 1161 722 1215; x_wconf 89' lang='lat' dir='ltr'><strong>ut</strong></span> <span class='ocrx_word' id='word_1_59' title='bbox 742 1152 873 1213; x_wconf 90' lang='lat' dir='ltr'><strong>adiciam</strong></span> <span class='ocrx_word' id='word_1_60' title='bbox 896 1169 1018 1228; x_wconf 89' lang='lat' dir='ltr'><strong>senem,</strong></span> <span class='ocrx_word' id='word_1_61' title='bbox 1040 1155 1094 1215; x_wconf 89' lang='lat' dir='ltr'><strong>sed</strong></span> 
     </span>
     <span class='ocr_line' id='line_1_11' title="bbox 121 1238 1094 1313; baseline 0.002 -15"><span class='ocrx_word' id='word_1_62' title='bbox 121 1238 311 1300; x_wconf 82' lang='lat' dir='ltr'><strong>mehercules</strong></span> <span class='ocrx_word' id='word_1_63' title='bbox 333 1238 458 1298; x_wconf 88' lang='lat' dir='ltr'><strong>viridem</strong></span> <span class='ocrx_word' id='word_1_64' title='bbox 480 1238 581 1299; x_wconf 87' lang='lat' dir='ltr'><strong>animo</strong></span> <span class='ocrx_word' id='word_1_65' title='bbox 603 1254 639 1297; x_wconf 93' lang='lat' dir='ltr'><strong>ac</strong></span> <span class='ocrx_word' id='word_1_66' title='bbox 660 1238 812 1312; x_wconf 90' lang='lat' dir='ltr'><strong>vigentem</strong></span> <span class='ocrx_word' id='word_1_67' title='bbox 833 1247 863 1298; x_wconf 88' lang='lat' dir='ltr'><strong>ct</strong></span> <span class='ocrx_word' id='word_1_68' title='bbox 882 1255 951 1299; x_wconf 90' lang='lat' dir='ltr'><strong>eum</strong></span> <span class='ocrx_word' id='word_1_69' title='bbox 967 1254 1094 1313; x_wconf 90' lang='lat' dir='ltr'><strong>corpus·</strong></span> 
     </span>
     <span class='ocr_line' id='line_1_12' title="bbox 121 1322 1095 1398; baseline -0.001 -14"><span class='ocrx_word' id='word_1_70' title='bbox 121 1325 190 1384; x_wconf 91' lang='lat' dir='ltr'><strong>culo</strong></span> <span class='ocrx_word' id='word_1_71' title='bbox 213 1339 270 1384; x_wconf 89' lang='lat' dir='ltr'><strong>suo</strong></span> <span class='ocrx_word' id='word_1_72' title='bbox 294 1323 526 1383; x_wconf 80' lang='lat' dir='ltr'><strong>conluctantem.</strong></span> <span class='ocrx_word' id='word_1_73' title='bbox 562 1322 666 1398; x_wconf 90' lang='lat' dir='ltr'><strong>inique</strong></span> <span class='ocrx_word' id='word_1_74' title='bbox 688 1323 767 1382; x_wconf 93' lang='lat' dir='ltr'><strong>enim</strong></span> <span class='ocrx_word' id='word_1_75' title='bbox 783 1338 818 1382; x_wconf 93' lang='lat' dir='ltr'><strong>se</strong></span> <span class='ocrx_word' id='word_1_76' title='bbox 834 1330 940 1382; x_wconf 90' lang='lat' dir='ltr'><strong>natura</strong></span> <span class='ocrx_word' id='word_1_77' title='bbox 954 1322 1053 1397; x_wconf 82' lang='lat' dir='ltr'><strong>gessit</strong></span> <span class='ocrx_word' id='word_1_78' title='bbox 1066 1329 1095 1383; x_wconf 91' lang='lat' dir='ltr'><strong>et</strong></span> 
     </span>
     <span class='ocr_line' id='line_1_13' title="bbox 120 1405 1095 1468; baseline 0.002 -2"><span class='ocrx_word' id='word_1_79' title='bbox 120 1409 210 1466; x_wconf 89' lang='lat' dir='ltr'><strong>talem</strong></span> <span class='ocrx_word' id='word_1_80' title='bbox 237 1407 368 1466; x_wconf 91' lang='lat' dir='ltr'><strong>animum</strong></span> <span class='ocrx_word' id='word_1_81' title='bbox 394 1408 472 1466; x_wconf 89' lang='lat' dir='ltr'><strong>male</strong></span> <span class='ocrx_word' id='word_1_82' title='bbox 498 1406 684 1468; x_wconf 81' lang='lat' dir='ltr'><strong>conlocavit:</strong></span> <span class='ocrx_word' id='word_1_83' title='bbox 707 1416 758 1468; x_wconf 89' lang='lat' dir='ltr'><strong>aut</strong></span> <span class='ocrx_word' id='word_1_84' title='bbox 772 1407 905 1468; x_wconf 88' lang='lat' dir='ltr'><strong>fortasse</strong></span> <span class='ocrx_word' id='word_1_85' title='bbox 921 1407 1017 1468; x_wconf 91' lang='lat' dir='ltr'><strong>voluit</strong></span> <span class='ocrx_word' id='word_1_86' title='bbox 1036 1405 1095 1468; x_wconf 93' lang='lat' dir='ltr'><strong>hoc</strong></span> 
     </span>
     <span class='ocr_line' id='line_1_14' title="bbox 121 1491 1094 1567; baseline 0 -17"><span class='ocrx_word' id='word_1_87' title='bbox 121 1493 221 1567; x_wconf 91' lang='lat' dir='ltr'><strong>ipsum</strong></span> <span class='ocrx_word' id='word_1_88' title='bbox 241 1491 332 1551; x_wconf 88' lang='lat' dir='ltr'><strong>uobis</strong></span> <span class='ocrx_word' id='word_1_89' title='bbox 355 1491 534 1563; x_wconf 82' lang='lat' dir='ltr'><strong>ostendere,</strong></span> <span class='ocrx_word' id='word_1_90' title='bbox 558 1507 652 1567; x_wconf 89' lang='lat' dir='ltr'><strong>posse</strong></span> <span class='ocrx_word' id='word_1_91' title='bbox 672 1491 824 1566; x_wconf 83' lang='lat' dir='ltr'><strong>ingenium</strong></span> <span class='ocrx_word' id='word_1_92' title='bbox 846 1491 1045 1552; x_wconf 88' lang='lat' dir='ltr'><strong>fortissimum</strong></span> <span class='ocrx_word' id='word_1_93' title='bbox 1058 1507 1094 1551; x_wconf 91' lang='lat' dir='ltr'><strong>ac</strong></span> 
     </span>
     <span class='ocr_line' id='line_1_15' title="bbox 120 1574 1094 1649; baseline -0.001 -14"><span class='ocrx_word' id='word_1_94' title='bbox 120 1575 328 1635; x_wconf 86' lang='lat' dir='ltr'><strong>beatissimum</strong></span> <span class='ocrx_word' id='word_1_95' title='bbox 343 1574 400 1636; x_wconf 93' lang='lat' dir='ltr'><strong>sub</strong></span> <span class='ocrx_word' id='word_1_96' title='bbox 418 1575 552 1649; x_wconf 89' lang='lat' dir='ltr'><strong>qualibet</strong></span> <span class='ocrx_word' id='word_1_97' title='bbox 567 1584 635 1636; x_wconf 91' lang='lat' dir='ltr'><strong>cute</strong></span> <span class='ocrx_word' id='word_1_98' title='bbox 651 1576 753 1635; x_wconf 89' lang='lat' dir='ltr'><strong>latere.</strong></span> <span class='ocrx_word' id='word_1_99' title='bbox 777 1574 870 1636; x_wconf 90' lang='lat' dir='ltr'><strong>vineit</strong></span> <span class='ocrx_word' id='word_1_100' title='bbox 883 1583 984 1635; x_wconf 89' lang='lat' dir='ltr'><strong>tamen</strong></span> <span class='ocrx_word' id='word_1_101' title='bbox 995 1574 1094 1637; x_wconf 92' lang='lat' dir='ltr'><strong>omnia</strong></span> 
     </span>
    </p>

    <p class='ocr_par' dir='ltr' id='par_1_5' title="bbox 81 1658 1094 1736">
     <span class='ocr_line' id='line_1_16' title="bbox 81 1658 1094 1736; baseline 0.003 -20"><span class='ocrx_word' id='word_1_102' title='bbox 81 1682 90 1691; x_wconf 85' lang='lat'><strong>.</strong></span> <span class='ocrx_word' id='word_1_103' title='bbox 121 1660 327 1735; x_wconf 88' lang='lat' dir='ltr'><strong>inpedimenta</strong></span> <span class='ocrx_word' id='word_1_104' title='bbox 347 1666 378 1720; x_wconf 90' lang='lat' dir='ltr'><strong>et</strong></span> <span class='ocrx_word' id='word_1_105' title='bbox 398 1659 437 1717; x_wconf 90' lang='lat' dir='ltr'><strong>ad</strong></span> <span class='ocrx_word' id='word_1_106' title='bbox 462 1668 564 1719; x_wconf 87' lang='lat' dir='ltr'><strong>cetera</strong></span> <span class='ocrx_word' id='word_1_107' title='bbox 585 1659 808 1720; x_wconf 89' lang='lat' dir='ltr'><strong>contemnenda</strong></span> <span class='ocrx_word' id='word_1_108' title='bbox 823 1675 842 1718; x_wconf 90' lang='lat' dir='ltr'><strong>a</strong></span> <span class='ocrx_word' id='word_1_109' title='bbox 856 1667 1033 1736; x_wconf 88' lang='lat' dir='ltr'><strong>contemptu</strong></span> <span class='ocrx_word' id='word_1_110' title='bbox 1047 1658 1094 1719; x_wconf 92' lang='lat' dir='ltr'><strong>sui</strong></span> 
     </span>
    </p>

    <p class='ocr_par' dir='ltr' id='par_1_6' title="bbox 89 1741 791 1820">
     <span class='ocr_line' id='line_1_17' title="bbox 89 1741 791 1820; baseline -0.003 -14"><span class='ocrx_word' id='word_1_111' title='bbox 89 1744 211 1806; x_wconf 61' lang='lat' dir='ltr'><strong>evenit.</strong></span> <span class='ocrx_word' id='word_1_112' title='bbox 245 1743 356 1803; x_wconf 85' lang='lat' dir='ltr'><strong>Errare</strong></span> <span class='ocrx_word' id='word_1_113' title='bbox 370 1741 440 1802; x_wconf 91' lang='lat' dir='ltr'><strong>mihi</strong></span> <span class='ocrx_word' id='word_1_114' title='bbox 458 1744 543 1803; x_wconf 92' lang='lat' dir='ltr'><strong>visus</strong></span> <span class='ocrx_word' id='word_1_115' title='bbox 561 1751 622 1817; x_wconf 86' lang='lat' dir='ltr'><strong>est,</strong></span> <span class='ocrx_word' id='word_1_116' title='bbox 646 1745 698 1820; x_wconf 90' lang='lat' dir='ltr'><strong>qui</strong></span> <span class='ocrx_word' id='word_1_117' title='bbox 714 1743 791 1804; x_wconf 81' lang='lat' dir='ltr'><strong>dixit</strong></span> 
     </span>
    </p>

    <p class='ocr_par' dir='ltr' id='par_1_7' title="bbox 89 1829 1127 3590">
     <span class='ocr_line' id='line_1_18' title="bbox 249 1829 964 1904; baseline -0.001 -17"><span class='ocrx_word' id='word_1_118' title='bbox 249 1831 367 1903; x_wconf 78' lang='lat' dir='ltr'><strong>proticr</strong></span> <span class='ocrx_word' id='word_1_119' title='bbox 382 1833 411 1887; x_wconf 84' lang='lat' dir='ltr'><strong>el</strong></span> <span class='ocrx_word' id='word_1_120' title='bbox 417 1829 548 1903; x_wconf 79' lang='lat' dir='ltr'><strong>pulchro</strong></span> <span class='ocrx_word' id='word_1_121' title='bbox 562 1832 680 1888; x_wconf 81' lang='lat' dir='ltr'><strong>veniens</strong></span> <span class='ocrx_word' id='word_1_122' title='bbox 694 1846 711 1889; x_wconf 86' lang='lat' dir='ltr'><strong>e</strong></span> <span class='ocrx_word' id='word_1_123' title='bbox 723 1845 849 1904; x_wconf 80' lang='lat' dir='ltr'><strong>corpore</strong></span> <span class='ocrx_word' id='word_1_124' title='bbox 862 1830 964 1888; x_wconf 80' lang='lat' dir='ltr'><strong>virtus.</strong></span> 
     </span>
     <span class='ocr_line' id='line_1_19' title="bbox 122 1910 1092 1987; baseline 0 -17"><span class='ocrx_word' id='word_1_125' title='bbox 122 1929 182 1972; x_wconf 90' lang='lat' dir='ltr'><strong>non</strong></span> <span class='ocrx_word' id='word_1_126' title='bbox 199 1912 278 1973; x_wconf 89' lang='lat' dir='ltr'><strong>enim</strong></span> <span class='ocrx_word' id='word_1_127' title='bbox 298 1913 357 1972; x_wconf 94' lang='lat' dir='ltr'><strong>ullo</strong></span> <span class='ocrx_word' id='word_1_128' title='bbox 371 1911 603 1973; x_wconf 89' lang='lat' dir='ltr'><strong>honestamento</strong></span> <span class='ocrx_word' id='word_1_129' title='bbox 619 1921 697 1986; x_wconf 91' lang='lat' dir='ltr'><strong>eget.</strong></span> <span class='ocrx_word' id='word_1_130' title='bbox 734 1913 803 1987; x_wconf 89' lang='lat' dir='ltr'><strong>ipsa</strong></span> <span class='ocrx_word' id='word_1_131' title='bbox 820 1927 963 1987; x_wconf 88' lang='lat' dir='ltr'><strong>magnum</strong></span> <span class='ocrx_word' id='word_1_132' title='bbox 979 1910 1028 1972; x_wconf 90' lang='lat' dir='ltr'><strong>sui</strong></span> <span class='ocrx_word' id='word_1_133' title='bbox 1043 1911 1092 1970; x_wconf 90' lang='lat' dir='ltr'><strong>de·</strong></span> 
     </span>
     <span class='ocr_line' id='line_1_20' title="bbox 122 1995 1094 2071; baseline -0.002 -16"><span class='ocrx_word' id='word_1_134' title='bbox 122 2013 176 2055; x_wconf 94' lang='lat' dir='ltr'><strong>cus</strong></span> <span class='ocrx_word' id='word_1_135' title='bbox 192 2004 240 2057; x_wconf 93' lang='lat' dir='ltr'><strong>est</strong></span> <span class='ocrx_word' id='word_1_136' title='bbox 254 2003 284 2054; x_wconf 91' lang='lat' dir='ltr'><strong>et</strong></span> <span class='ocrx_word' id='word_1_137' title='bbox 297 2012 411 2071; x_wconf 89' lang='lat' dir='ltr'><strong>eorpus</strong></span> <span class='ocrx_word' id='word_1_138' title='bbox 427 2012 514 2056; x_wconf 89' lang='lat' dir='ltr'><strong>suum</strong></span> <span class='ocrx_word' id='word_1_139' title='bbox 531 2005 705 2057; x_wconf 82' lang='lat' dir='ltr'><strong>consecrat:</strong></span> <span class='ocrx_word' id='word_1_140' title='bbox 733 1997 821 2057; x_wconf 88' lang='lat' dir='ltr'><strong>aliter</strong></span> <span class='ocrx_word' id='word_1_141' title='bbox 838 2004 920 2056; x_wconf 93' lang='lat' dir='ltr'><strong>certe</strong></span> <span class='ocrx_word' id='word_1_142' title='bbox 935 1995 1094 2056; x_wconf 83' lang='lat' dir='ltr'><strong>Claranum</strong></span> 
     </span>
     <span class='ocr_line' id='line_1_21' title="bbox 121 2079 1092 2154; baseline 0.001 -16"><span class='ocrx_word' id='word_1_143' title='bbox 121 2087 260 2140; x_wconf 87' lang='lat' dir='ltr'><strong>nostrum</strong></span> <span class='ocrx_word' id='word_1_144' title='bbox 276 2079 366 2154; x_wconf 89' lang='lat' dir='ltr'><strong>coepi</strong></span> <span class='ocrx_word' id='word_1_145' title='bbox 381 2081 505 2140; x_wconf 83' lang='lat' dir='ltr'><strong>intueri:</strong></span> <span class='ocrx_word' id='word_1_146' title='bbox 526 2082 680 2142; x_wconf 89' lang='lat' dir='ltr'><strong>formosus</strong></span> <span class='ocrx_word' id='word_1_147' title='bbox 695 2079 767 2140; x_wconf 91' lang='lat' dir='ltr'><strong>mihi</strong></span> <span class='ocrx_word' id='word_1_148' title='bbox 782 2081 903 2141; x_wconf 88' lang='lat' dir='ltr'><strong>videtur</strong></span> <span class='ocrx_word' id='word_1_149' title='bbox 922 2088 953 2140; x_wconf 89' lang='lat' dir='ltr'><strong>et</strong></span> <span class='ocrx_word' id='word_1_150' title='bbox 973 2088 1034 2140; x_wconf 89' lang='lat' dir='ltr'><strong>tam</strong></span> <span class='ocrx_word' id='word_1_151' title='bbox 1048 2095 1092 2139; x_wconf 89' lang='lat' dir='ltr'><strong>re·</strong></span> 
     </span>
     <span class='ocr_line' id='line_1_22' title="bbox 94 2163 1093 2239; baseline -0.001 -16"><span class='ocrx_word' id='word_1_152' title='bbox 94 2169 189 2223; x_wconf 70' lang='lat' dir='ltr'><strong>ictus</strong></span> <span class='ocrx_word' id='word_1_153' title='bbox 205 2178 336 2237; x_wconf 88' lang='lat' dir='ltr'><strong>corpore</strong></span> <span class='ocrx_word' id='word_1_154' title='bbox 355 2179 444 2239; x_wconf 90' lang='lat' dir='ltr'><strong>quam</strong></span> <span class='ocrx_word' id='word_1_155' title='bbox 467 2173 514 2224; x_wconf 90' lang='lat' dir='ltr'><strong>est</strong></span> <span class='ocrx_word' id='word_1_156' title='bbox 533 2166 644 2226; x_wconf 91' lang='lat' dir='ltr'><strong>animo.</strong></span> <span class='ocrx_word' id='word_1_157' title='bbox 688 2164 791 2226; x_wconf 84' lang='lat' dir='ltr'><strong>Potest</strong></span> <span class='ocrx_word' id='word_1_158' title='bbox 812 2180 851 2224; x_wconf 86' lang='lat' dir='ltr'><strong>ex</strong></span> <span class='ocrx_word' id='word_1_159' title='bbox 873 2180 946 2224; x_wconf 90' lang='lat' dir='ltr'><strong>casa</strong></span> <span class='ocrx_word' id='word_1_160' title='bbox 965 2163 1013 2223; x_wconf 86' lang='lat' dir='ltr'><strong>vir</strong></span> <span class='ocrx_word' id='word_1_161' title='bbox 1033 2179 1093 2222; x_wconf 90' lang='lat' dir='ltr'><strong>ma-</strong></span> 
     </span>
     <span class='ocr_line' id='line_1_23' title="bbox 121 2247 1094 2324; baseline 0.001 -18"><span class='ocrx_word' id='word_1_162' title='bbox 121 2263 200 2322; x_wconf 89' lang='lat' dir='ltr'><strong>gnus</strong></span> <span class='ocrx_word' id='word_1_163' title='bbox 216 2248 315 2306; x_wconf 84' lang='lat' dir='ltr'><strong>exire:</strong></span> <span class='ocrx_word' id='word_1_164' title='bbox 340 2255 441 2323; x_wconf 90' lang='lat' dir='ltr'><strong>potest</strong></span> <span class='ocrx_word' id='word_1_165' title='bbox 463 2255 492 2307; x_wconf 91' lang='lat' dir='ltr'><strong>et</strong></span> <span class='ocrx_word' id='word_1_166' title='bbox 513 2264 551 2317; x_wconf 86' lang='lat' dir='ltr'><strong>ex</strong></span> <span class='ocrx_word' id='word_1_167' title='bbox 573 2248 703 2309; x_wconf 78' lang='lat' dir='ltr'><strong>deformi</strong></span> <span class='ocrx_word' id='word_1_168' title='bbox 719 2248 887 2324; x_wconf 86' lang='lat' dir='ltr'><strong>humilique</strong></span> <span class='ocrx_word' id='word_1_169' title='bbox 908 2247 1094 2324; x_wconf 87' lang='lat' dir='ltr'><strong>corpusculo</strong></span> 
     </span>
     <span class='ocr_line' id='line_1_24' title="bbox 121 2330 1094 2408; baseline 0 -17"><span class='ocrx_word' id='word_1_170' title='bbox 121 2331 275 2391; x_wconf 89' lang='lat' dir='ltr'><strong>formosus</strong></span> <span class='ocrx_word' id='word_1_171' title='bbox 296 2333 415 2391; x_wconf 89' lang='lat' dir='ltr'><strong>animus</strong></span> <span class='ocrx_word' id='word_1_172' title='bbox 437 2348 473 2391; x_wconf 92' lang='lat' dir='ltr'><strong>ac</strong></span> <span class='ocrx_word' id='word_1_173' title='bbox 494 2348 633 2407; x_wconf 89' lang='lat' dir='ltr'><strong>magnus.</strong></span> <span class='ocrx_word' id='word_1_174' title='bbox 670 2333 821 2408; x_wconf 88' lang='lat' dir='ltr'><strong>quosdam</strong></span> <span class='ocrx_word' id='word_1_175' title='bbox 842 2334 945 2408; x_wconf 86' lang='lat' dir='ltr'><strong>itaque</strong></span> <span class='ocrx_word' id='word_1_176' title='bbox 966 2330 1039 2392; x_wconf 91' lang='lat' dir='ltr'><strong>mihi</strong></span> <span class='ocrx_word' id='word_1_177' title='bbox 1052 2331 1094 2391; x_wconf 90' lang='lat' dir='ltr'><strong>vi·</strong></span> 
     </span>
     <span class='ocr_line' id='line_1_25' title="bbox 122 2415 1095 2492; baseline -0.002 -17"><span class='ocrx_word' id='word_1_178' title='bbox 122 2416 210 2476; x_wconf 90' lang='lat' dir='ltr'><strong>detur</strong></span> <span class='ocrx_word' id='word_1_179' title='bbox 225 2417 254 2474; x_wconf 93' lang='lat' dir='ltr'><strong>in</strong></span> <span class='ocrx_word' id='word_1_180' title='bbox 270 2415 329 2477; x_wconf 93' lang='lat' dir='ltr'><strong>hoc</strong></span> <span class='ocrx_word' id='word_1_181' title='bbox 344 2417 420 2476; x_wconf 87' lang='lat' dir='ltr'><strong>tales</strong></span> <span class='ocrx_word' id='word_1_182' title='bbox 435 2424 542 2478; x_wconf 89' lang='lat' dir='ltr'><strong>natura</strong></span> <span class='ocrx_word' id='word_1_183' title='bbox 557 2433 721 2491; x_wconf 88' lang='lat' dir='ltr'><strong>generare,</strong></span> <span class='ocrx_word' id='word_1_184' title='bbox 743 2424 777 2477; x_wconf 89' lang='lat' dir='ltr'><strong>ut</strong></span> <span class='ocrx_word' id='word_1_185' title='bbox 791 2417 942 2492; x_wconf 87' lang='lat' dir='ltr'><strong>adprobet</strong></span> <span class='ocrx_word' id='word_1_186' title='bbox 955 2417 1095 2478; x_wconf 91' lang='lat' dir='ltr'><strong>virtutem</strong></span> 
     </span>
     <span class='ocr_line' id='line_1_26' title="bbox 121 2499 1094 2577; baseline -0.001 -17"><span class='ocrx_word' id='word_1_187' title='bbox 121 2499 203 2560; x_wconf 91' lang='lat' dir='ltr'><strong>omni</strong></span> <span class='ocrx_word' id='word_1_188' title='bbox 223 2501 292 2562; x_wconf 94' lang='lat' dir='ltr'><strong>loco</strong></span> <span class='ocrx_word' id='word_1_189' title='bbox 315 2499 410 2561; x_wconf 86' lang='lat' dir='ltr'><strong>nasci.</strong></span> <span class='ocrx_word' id='word_1_190' title='bbox 448 2501 474 2559; x_wconf 92' lang='lat' dir='ltr'><strong>si</strong></span> <span class='ocrx_word' id='word_1_191' title='bbox 494 2508 600 2576; x_wconf 88' lang='lat' dir='ltr'><strong>posset</strong></span> <span class='ocrx_word' id='word_1_192' title='bbox 614 2517 670 2577; x_wconf 90' lang='lat' dir='ltr'><strong>per</strong></span> <span class='ocrx_word' id='word_1_193' title='bbox 686 2516 720 2561; x_wconf 93' lang='lat' dir='ltr'><strong>se</strong></span> <span class='ocrx_word' id='word_1_194' title='bbox 742 2502 843 2562; x_wconf 91' lang='lat' dir='ltr'><strong>nudos</strong></span> <span class='ocrx_word' id='word_1_195' title='bbox 858 2501 952 2561; x_wconf 92' lang='lat' dir='ltr'><strong>edere</strong></span> <span class='ocrx_word' id='word_1_196' title='bbox 966 2500 1094 2574; x_wconf 89' lang='lat' dir='ltr'><strong>animos,</strong></span> 
     </span>
     <span class='ocr_line' id='line_1_27' title="bbox 121 2584 1096 2662; baseline 0.001 -20"><span class='ocrx_word' id='word_1_197' title='bbox 121 2585 260 2646; x_wconf 79' lang='lat' dir='ltr'><strong>lecisset:</strong></span> <span class='ocrx_word' id='word_1_198' title='bbox 282 2601 378 2658; x_wconf 88' lang='lat' dir='ltr'><strong>nunc,</strong></span> <span class='ocrx_word' id='word_1_199' title='bbox 402 2584 487 2658; x_wconf 88' lang='lat' dir='ltr'><strong>quod</strong></span> <span class='ocrx_word' id='word_1_200' title='bbox 502 2584 633 2662; x_wconf 83' lang='lat' dir='ltr'><strong>amplius</strong></span> <span class='ocrx_word' id='word_1_201' title='bbox 655 2593 715 2657; x_wconf 92' lang='lat' dir='ltr'><strong>est,</strong></span> <span class='ocrx_word' id='word_1_202' title='bbox 738 2585 825 2645; x_wconf 83' lang='lat' dir='ltr'><strong>faoit=</strong></span> <span class='ocrx_word' id='word_1_203' title='bbox 849 2585 1001 2661; x_wconf 89' lang='lat' dir='ltr'><strong>quosdam</strong></span> <span class='ocrx_word' id='word_1_204' title='bbox 1017 2584 1096 2644; x_wconf 89' lang='lat' dir='ltr'><strong>enim</strong></span> 
     </span>
     <span class='ocr_line' id='line_1_28' title="bbox 121 2668 1095 2745; baseline 0 -17"><span class='ocrx_word' id='word_1_205' title='bbox 121 2669 183 2729; x_wconf 89' lang='lat' dir='ltr'><strong>edit</strong></span> <span class='ocrx_word' id='word_1_206' title='bbox 197 2670 378 2745; x_wconf 90' lang='lat' dir='ltr'><strong>corporibus</strong></span> <span class='ocrx_word' id='word_1_207' title='bbox 399 2669 568 2743; x_wconf 91' lang='lat' dir='ltr'><strong>inpeditos,</strong></span> <span class='ocrx_word' id='word_1_208' title='bbox 588 2670 646 2730; x_wconf 92' lang='lat' dir='ltr'><strong>sed</strong></span> <span class='ocrx_word' id='word_1_209' title='bbox 666 2668 759 2730; x_wconf 93' lang='lat' dir='ltr'><strong>nihilo</strong></span> <span class='ocrx_word' id='word_1_210' title='bbox 782 2670 881 2730; x_wconf 88' lang='lat' dir='ltr'><strong>minus</strong></span> <span class='ocrx_word' id='word_1_211' title='bbox 898 2684 1095 2745; x_wconf 88' lang='lat' dir='ltr'><strong>perrumpen-</strong></span> 
     </span>
     <span class='ocr_line' id='line_1_29' title="bbox 89 2752 1097 2833; baseline -0.006 -15"><span class='ocrx_word' id='word_1_212' title='bbox 89 2761 231 2828; x_wconf 75' lang='lat' dir='ltr'><strong>dpentes</strong></span> <span class='ocrx_word' id='word_1_213' title='bbox 253 2753 414 2813; x_wconf 87' lang='lat' dir='ltr'><strong>obstantia.</strong></span> <span class='ocrx_word' id='word_1_214' title='bbox 460 2752 604 2814; x_wconf 82' lang='lat' dir='ltr'><strong>Claranus</strong></span> <span class='ocrx_word' id='word_1_215' title='bbox 625 2752 697 2813; x_wconf 91' lang='lat' dir='ltr'><strong>mihi</strong></span> <span class='ocrx_word' id='word_1_216' title='bbox 716 2754 838 2833; x_wconf 80' lang='lat' dir='ltr'><strong>uidetur</strong></span> <span class='ocrx_word' id='word_1_217' title='bbox 859 2753 913 2828; x_wconf 88' lang='lat' dir='ltr'><strong>[in]</strong></span> <span class='ocrx_word' id='word_1_218' title='bbox 940 2753 1097 2828; x_wconf 87' lang='lat' dir='ltr'><strong>exemplar</strong></span> 
     </span>
     <span class='ocr_line' id='line_1_30' title="bbox 122 2836 1096 2914; baseline 0.001 -18"><span class='ocrx_word' id='word_1_219' title='bbox 122 2836 238 2908; x_wconf 90' lang='lat' dir='ltr'><strong>editus,</strong></span> <span class='ocrx_word' id='word_1_220' title='bbox 260 2844 294 2896; x_wconf 92' lang='lat' dir='ltr'><strong>ut</strong></span> <span class='ocrx_word' id='word_1_221' title='bbox 308 2836 388 2898; x_wconf 89' lang='lat' dir='ltr'><strong>scire</strong></span> <span class='ocrx_word' id='word_1_222' title='bbox 403 2850 566 2910; x_wconf 87' lang='lat' dir='ltr'><strong>possemus</strong></span> <span class='ocrx_word' id='word_1_223' title='bbox 587 2854 648 2899; x_wconf 90' lang='lat' dir='ltr'><strong>non</strong></span> <span class='ocrx_word' id='word_1_224' title='bbox 663 2838 854 2898; x_wconf 80' lang='lat' dir='ltr'><strong>deformitate</strong></span> <span class='ocrx_word' id='word_1_225' title='bbox 877 2836 1018 2914; x_wconf 89' lang='lat' dir='ltr'><strong>eorporis</strong></span> <span class='ocrx_word' id='word_1_226' title='bbox 1033 2839 1096 2897; x_wconf 91' lang='lat' dir='ltr'><strong>foe-</strong></span> 
     </span>
     <span class='ocr_line' id='line_1_31' title="bbox 123 2920 1096 2997; baseline -0.001 -17"><span class='ocrx_word' id='word_1_227' title='bbox 123 2921 188 2980; x_wconf 88' lang='lat' dir='ltr'><strong>dari</strong></span> <span class='ocrx_word' id='word_1_228' title='bbox 217 2920 364 2994; x_wconf 88' lang='lat' dir='ltr'><strong>animum,</strong></span> <span class='ocrx_word' id='word_1_229' title='bbox 396 2920 452 2979; x_wconf 92' lang='lat' dir='ltr'><strong>sed</strong></span> <span class='ocrx_word' id='word_1_230' title='bbox 478 2920 702 2995; x_wconf 86' lang='lat' dir='ltr'><strong>pulchritudine</strong></span> <span class='ocrx_word' id='word_1_231' title='bbox 726 2920 819 2985; x_wconf 83' lang='lat' dir='ltr'><strong>animi</strong></span> <span class='ocrx_word' id='word_1_232' title='bbox 845 2938 960 2997; x_wconf 89' lang='lat' dir='ltr'><strong>corpus</strong></span> <span class='ocrx_word' id='word_1_233' title='bbox 986 2921 1096 2981; x_wconf 89' lang='lat' dir='ltr'><strong>ornari.</strong></span> 
     </span>
     <span class='ocr_line' id='line_1_32' title="bbox 123 3003 1098 3080; baseline 0.002 -18"><span class='ocrx_word' id='word_1_234' title='bbox 123 3003 266 3078; x_wconf 83' lang='lat' dir='ltr'><strong>Quamvis</strong></span> <span class='ocrx_word' id='word_1_235' title='bbox 282 3012 381 3064; x_wconf 89' lang='lat' dir='ltr'><strong>autem</strong></span> <span class='ocrx_word' id='word_1_236' title='bbox 396 3006 601 3080; x_wconf 89' lang='lat' dir='ltr'><strong>paucissimos</strong></span> <span class='ocrx_word' id='word_1_237' title='bbox 623 3022 684 3066; x_wconf 91' lang='lat' dir='ltr'><strong>una</strong></span> <span class='ocrx_word' id='word_1_238' title='bbox 704 3005 866 3066; x_wconf 85' lang='lat' dir='ltr'><strong>fecerimus</strong></span> <span class='ocrx_word' id='word_1_239' title='bbox 888 3006 971 3079; x_wconf 90' lang='lat' dir='ltr'><strong>dies,</strong></span> <span class='ocrx_word' id='word_1_240' title='bbox 998 3012 1098 3066; x_wconf 87' lang='lat' dir='ltr'><strong>tamen</strong></span> 
     </span>
     <span class='ocr_line' id='line_1_33' title="bbox 123 3088 1099 3165; baseline 0.003 -19"><span class='ocrx_word' id='word_1_241' title='bbox 123 3088 310 3148; x_wconf 90' lang='lat' dir='ltr'><strong>multinubis</strong></span> <span class='ocrx_word' id='word_1_242' title='bbox 332 3104 491 3149; x_wconf 86' lang='lat' dir='ltr'><strong>sermones</strong></span> <span class='ocrx_word' id='word_1_243' title='bbox 514 3091 648 3162; x_wconf 90' lang='lat' dir='ltr'><strong>fuerunt,</strong></span> <span class='ocrx_word' id='word_1_244' title='bbox 672 3106 752 3164; x_wconf 87' lang='lat' dir='ltr'><strong>quos</strong></span> <span class='ocrx_word' id='word_1_245' title='bbox 774 3090 906 3151; x_wconf 89' lang='lat' dir='ltr'><strong>subinde</strong></span> <span class='ocrx_word' id='word_1_246' title='bbox 924 3106 1048 3165; x_wconf 88' lang='lat' dir='ltr'><strong>egeram</strong></span> <span class='ocrx_word' id='word_1_247' title='bbox 1069 3096 1099 3149; x_wconf 91' lang='lat' dir='ltr'><strong>et</strong></span> 
     </span>
     <span class='ocr_line' id='line_1_34' title="bbox 90 3172 1097 3250; baseline 0.004 -18"><span class='ocrx_word' id='word_1_248' title='bbox 90 3172 160 3232; x_wconf 70' lang='lat' dir='ltr'><strong>aad</strong></span> <span class='ocrx_word' id='word_1_249' title='bbox 177 3180 205 3232; x_wconf 90' lang='lat' dir='ltr'><strong>te</strong></span> <span class='ocrx_word' id='word_1_250' title='bbox 220 3174 397 3247; x_wconf 86' lang='lat' dir='ltr'><strong>permittam.</strong></span> <span class='ocrx_word' id='word_1_251' title='bbox 441 3173 508 3236; x_wconf 90' lang='lat' dir='ltr'><strong>Hoc</strong></span> <span class='ocrx_word' id='word_1_252' title='bbox 529 3175 626 3250; x_wconf 87' lang='lat' dir='ltr'><strong>primo</strong></span> <span class='ocrx_word' id='word_1_253' title='bbox 648 3176 697 3236; x_wconf 91' lang='lat' dir='ltr'><strong>die</strong></span> <span class='ocrx_word' id='word_1_254' title='bbox 715 3174 886 3250; x_wconf 91' lang='lat' dir='ltr'><strong>quaesitum</strong></span> <span class='ocrx_word' id='word_1_255' title='bbox 909 3182 972 3235; x_wconf 85' lang='lat' dir='ltr'><strong>est:</strong></span> <span class='ocrx_word' id='word_1_256' title='bbox 1003 3190 1097 3249; x_wconf 89' lang='lat' dir='ltr'><strong>quo·</strong></span> 
     </span>
     <span class='ocr_line' id='line_1_35' title="bbox 121 3255 1127 3335; baseline 0.003 -20"><span class='ocrx_word' id='word_1_257' title='bbox 121 3255 232 3317; x_wconf 93' lang='lat' dir='ltr'><strong>modo</strong></span> <span class='ocrx_word' id='word_1_258' title='bbox 253 3258 408 3332; x_wconf 89' lang='lat' dir='ltr'><strong>possint</strong></span> <span class='ocrx_word' id='word_1_259' title='bbox 429 3259 539 3334; x_wconf 85' lang='lat' dir='ltr'><strong>peria</strong></span> <span class='ocrx_word' id='word_1_260' title='bbox 562 3260 661 3320; x_wconf 89' lang='lat' dir='ltr'><strong>bona</strong></span> <span class='ocrx_word' id='word_1_261' title='bbox 681 3274 785 3331; x_wconf 89' lang='lat' dir='ltr'><strong>esse,</strong></span> <span class='ocrx_word' id='word_1_262' title='bbox 810 3259 841 3318; x_wconf 95' lang='lat' dir='ltr'><strong>si</strong></span> <span class='ocrx_word' id='word_1_263' title='bbox 863 3259 1015 3334; x_wconf 86' lang='lat' dir='ltr'><strong>triplex</strong></span> <span class='ocrx_word' id='word_1_264' title='bbox 1036 3275 1127 3335; x_wconf 50' lang='lat' dir='ltr'><strong>eos</strong></span> 
     </span>
     <span class='ocr_line' id='line_1_36' title="bbox 120 3341 1100 3419; baseline 0.003 -20"><span class='ocrx_word' id='word_1_265' title='bbox 120 3357 200 3399; x_wconf 92' lang='lat' dir='ltr'><strong>rum</strong></span> <span class='ocrx_word' id='word_1_266' title='bbox 215 3341 393 3403; x_wconf 89' lang='lat' dir='ltr'><strong>condicio</strong></span> <span class='ocrx_word' id='word_1_267' title='bbox 409 3352 481 3404; x_wconf 87' lang='lat' dir='ltr'><strong>est:</strong></span> <span class='ocrx_word' id='word_1_268' title='bbox 495 3344 654 3419; x_wconf 88' lang='lat' dir='ltr'><strong>quaedam,</strong></span> <span class='ocrx_word' id='word_1_269' title='bbox 667 3353 699 3405; x_wconf 86' lang='lat' dir='ltr'><strong>ut</strong></span> <span class='ocrx_word' id='word_1_270' title='bbox 711 3342 963 3416; x_wconf 88' lang='lat' dir='ltr'><strong>nostrisvidetur,</strong></span> <span class='ocrx_word' id='word_1_271' title='bbox 979 3344 1100 3419; x_wconf 90' lang='lat' dir='ltr'><strong>prima</strong></span> 
     </span>
     <span class='ocr_line' id='line_1_37' title="bbox 121 3425 1097 3504; baseline 0.002 -20"><span class='ocrx_word' id='word_1_272' title='bbox 121 3425 221 3486; x_wconf 91' lang='lat' dir='ltr'><strong>bona</strong></span> <span class='ocrx_word' id='word_1_273' title='bbox 235 3436 315 3500; x_wconf 87' lang='lat' dir='ltr'><strong>sunt,</strong></span> <span class='ocrx_word' id='word_1_274' title='bbox 327 3434 481 3503; x_wconf 86' lang='lat' dir='ltr'><strong>tamquam</strong></span> <span class='ocrx_word' id='word_1_275' title='bbox 496 3430 649 3503; x_wconf 89' lang='lat' dir='ltr'><strong>gaudium,</strong></span> <span class='ocrx_word' id='word_1_276' title='bbox 664 3444 733 3503; x_wconf 89' lang='lat' dir='ltr'><strong>pax,</strong></span> <span class='ocrx_word' id='word_1_277' title='bbox 752 3430 837 3489; x_wconf 91' lang='lat' dir='ltr'><strong>salus</strong></span> <span class='ocrx_word' id='word_1_278' title='bbox 854 3426 981 3504; x_wconf 86' lang='lat' dir='ltr'><strong>patriae.</strong></span> <span class='ocrx_word' id='word_1_279' title='bbox 1004 3442 1097 3502; x_wconf 87' lang='lat' dir='ltr'><strong>quae-</strong></span> 
     </span>
     <span class='ocr_line' id='line_1_38' title="bbox 113 3510 1101 3590; baseline 0.002 -23"><span class='ocrx_word' id='word_1_280' title='bbox 113 3510 186 3569; x_wconf 84' lang='lat' dir='ltr'><strong>dam</strong></span> <span class='ocrx_word' id='word_1_281' title='bbox 203 3512 395 3590; x_wconf 82' lang='lat' dir='ltr'><strong>secunda,</strong></span> <span class='ocrx_word' id='word_1_282' title='bbox 417 3513 449 3574; x_wconf 92' lang='lat' dir='ltr'><strong>in</strong></span> <span class='ocrx_word' id='word_1_283' title='bbox 472 3512 599 3577; x_wconf 89' lang='lat' dir='ltr'><strong>materia</strong></span> <span class='ocrx_word' id='word_1_284' title='bbox 616 3513 732 3574; x_wconf 87' lang='lat' dir='ltr'><strong>infelici</strong></span> <span class='ocrx_word' id='word_1_285' title='bbox 755 3528 924 3590; x_wconf 72' lang='lat' dir='ltr'><strong>expressa,</strong></span> <span class='ocrx_word' id='word_1_286' title='bbox 944 3520 1101 3586; x_wconf 71' lang='lat' dir='ltr'><strong>tamquam</strong></span> 
     </span>
    </p>
   </div>
   <div class='ocr_carea' id='block_1_5' title="bbox 0 0 1220 3862">
    <p class='ocr_par' dir='ltr' id='par_1_8' title="bbox 0 0 1220 3862">
     <span class='ocr_line' id='line_1_39' title="bbox 0 0 1220 3862; baseline 0 0"><span class='ocrx_word' id='word_1_287' title='bbox 0 0 1220 3862; x_wconf 95' lang='lat' dir='ltr'><strong> </strong></span> 
     </span>
    </p>
   </div>
  </div>
 </body>
</html>
