2422 3862
92 218 262 279 EPISTUL.
271 217 364 278 molt.
376 217 448 276 LlB.
456 217 521 277 XV.
535 217 592 277 ΕΡ.
598 224 625 280 3.
637 225 710 296 (95.)
719 255 764 267 —
773 218 853 294 xvi.
864 228 889 281 2.
902 226 974 296 (97.)
1013 219 1080 285 313
1097 251 1117 270 s

94 387 237 444 serum,
253 369 329 430 nisi
345 367 789 446 aliquidesseinrerum
806 381 957 445 natura,
975 373 1078 448 quod

94 461 206 531 putet
220 454 411 515 miserum.
455 454 521 514 Non
540 454 634 515 leram
648 471 705 528 me,
723 472 785 531 quo
801 457 851 517 die
866 457 983 533 aliquid
998 458 1077 517 lerre

94 556 155 600 non
171 546 289 613 potero.
333 537 414 597 Male
428 537 532 598 valeo:
556 554 629 612 pars
644 539 696 600 lati
711 547 768 600 est.
796 541 909 601 familia
923 541 1076 616 decubuit,

94 625 184 684 lenus
201 621 342 696 offendit,
365 622 476 683 domus
491 622 628 697 crepuit,
647 622 773 700 damna,
792 625 927 701 volnera,
943 624 1077 699 labores,

93 714 193 768 metus
214 705 460 767 incucurrerunt:
480 707 560 768 solet
580 706 656 767 lieri.
685 707 744 768 hoe
766 724 874 782 parum
889 716 952 770 est=
972 708 1077 768 debuit

68 816 73 821 ·
94 791 171 852 fieri.
194 791 399 851 decernuntur
412 790 481 865 ista,
495 807 557 852 non
570 789 720 852 accidunt.
750 790 869 868 Siquid
882 792 982 852 credis
994 791 1107 868 mihist

93 875 216 936 intimos
231 875 371 936 adlectus
386 890 473 935 meos
489 875 542 934 tibi
558 889 628 934 cum
642 875 774 936 maxime
790 876 916 951 detego:
938 876 968 935 in
981 876 1076 937 omni·

93 960 170 1035 bus,
196 975 276 1034 quae
296 959 428 1019 adversa
449 959 591 1018 videntur
605 966 635 1019 et
649 959 740 1031 dura,
767 960 812 1020 sie
830 961 977 1021 formatus
993 975 1076 1020 suma

93 1059 156 1104 non
172 1058 267 1118 pareo
283 1043 356 1116 deo,
378 1043 436 1102 sed
451 1042 617 1102 adsentior.
646 1057 684 1102 ex
702 1042 803 1105 animo
818 1044 911 1119 illum,
928 1059 988 1103 non
1006 1044 1079 1119 quin

93 1142 226 1193 neeesse
246 1132 308 1200 est,
329 1141 454 1202 sequor.
482 1125 556 1185 nihil
577 1142 722 1201 umquam
742 1126 819 1187 mihi.
836 1128 963 1200 incidet,
992 1126 1078 1203 quod

93 1210 189 1272 tristis
205 1211 372 1286 excipiam,
395 1211 479 1285 quod
494 1210 574 1270 malo
592 1211 684 1270 voltu.
713 1213 827 1273 nullum
843 1212 986 1273 tributum
1001 1212 1078 1271 invi-

93 1303 144 1357 tus
160 1296 332 1356 conseram:
355 1295 458 1356 omnia
474 1302 588 1366 autern,
605 1295 644 1353 nd
661 1311 740 1369 quae
754 1295 913 1371 gemimus,
929 1311 1010 1371 quae
1024 1312 1076 1356 ex·

94 1380 306 1456 pavescimus,
329 1379 441 1440 tribula
461 1379 542 1438 vitae
565 1385 651 1438 sunt:
676 1379 800 1452 horum,
826 1381 866 1439 mi
880 1380 994 1453 Lucili,
1018 1395 1078 1440 nec

95 1464 271 1539 speraveris
293 1463 499 1524 inmunitatem
521 1478 578 1522 nec
605 1462 740 1537 petieris.
784 1464 916 1524 Vesicae
937 1471 967 1523 te
989 1463 1105 1528 dolord

94 1547 288 1623 inquietavit,
303 1546 453 1623 epistulae
468 1555 615 1607 venerunt
629 1562 737 1621 parum
753 1547 875 1606 dulces:
898 1546 1077 1607 detrimenta

95 1631 248 1693 continua.
277 1632 405 1707 propius
420 1632 580 1692 accedam=
601 1630 756 1705 decapite
772 1630 906 1691 timuisti.
936 1631 1023 1705 quid,
1043 1638 1077 1692 tu
1109 1671 1115 1678 -

94 1715 256 1776 nesciebas
269 1715 344 1776 haee
356 1721 385 1776 te
397 1724 513 1791 optare,
527 1730 595 1776 cum
608 1720 731 1790 optares
743 1720 953 1775 senectutem?
970 1713 1077 1775 Omnia

94 1800 155 1860 ista
170 1801 198 1859 in
215 1802 307 1875 longa
321 1801 383 1861 vila
398 1808 484 1873 sunt,
501 1799 656 1874 quomodo
672 1797 701 1858 in
718 1801 810 1874 longa
825 1799 873 1859 via
887 1806 917 1860 et
931 1799 1031 1875 pulvis
1047 1805 1077 1859 et

94 1886 190 1944 lutum
207 1892 236 1943 et
251 1885 362 1959 pluvia.
407 1883 490 1959 „Sed
508 1882 647 1944 volebam
662 1885 780 1957 vivere,
797 1898 903 1944 carere
919 1889 1017 1943 tamen
1032 1881 1106 1943 inl

96 1969 265 2028 commodis
281 1969 452 2030 omnibus.“
476 1967 548 2027 Tam
561 1966 735 2028 effeminata
746 1983 810 2027 vox
823 1968 920 2029 virum
937 1966 1075 2027 dedecet.

96 2052 225 2126 videris,
247 2053 503 2129 quemadmodum
525 2052 584 2112 hoc
605 2059 709 2113 volum
724 2068 823 2112 meum
840 2051 994 2127 excipias:
1017 2066 1075 2126 ego

94 2137 169 2197 illud
184 2153 294 2213 magno
307 2138 417 2212 animo,
436 2154 496 2198 non
512 2142 627 2198 tantum
643 2137 725 2198 bono
741 2137 835 2197 facio:
858 2151 960 2212 neque
978 2135 1008 2195 di
1023 2150 1075 2195 ne·

96 2236 156 2294 que
172 2221 249 2282 dene
266 2223 384 2298 iaciant,
398 2229 431 2282 ut
445 2228 475 2282 te
491 2223 612 2283 fortuna
625 2222 655 2280 in
671 2222 788 2282 deliciis
803 2221 923 2281 habeat.
960 2221 1032 2295 Ipse
1045 2223 1105 2280 tet

94 2304 258 2379 interroga,
274 2306 300 2364 si
317 2307 386 2380 quis
402 2313 581 2381 potestatem
596 2306 650 2366 tibi
667 2306 745 2367 deus
761 2305 860 2380 iaciat,
883 2313 982 2366 utrum
999 2305 1075 2364 velis
1124 2357 1126 2362 .

93 2389 199 2447 vivere
216 2388 246 2447 in
261 2389 389 2449 macello
405 2405 442 2449 an
457 2389 487 2448 in
504 2390 622 2450 eastris.
645 2391 730 2464 atqui
745 2391 863 2461 vivere,
878 2386 984 2461 Lucili,
1000 2387 1075 2446 mili-

94 2483 160 2533 tare
180 2476 236 2529 est.
263 2469 366 2542 itaque
387 2471 433 2542 hi,
455 2472 507 2545 qui
527 2472 676 2532 iactantur
699 2480 729 2532 et
749 2488 805 2546 per
827 2486 961 2546 operosa
982 2475 1076 2542 atque

93 2553 192 2614 ardua
206 2568 328 2612 sursum
347 2569 383 2611 ac
398 2553 542 2612 deorsum
557 2561 630 2614 eunt
645 2561 674 2613 et
695 2555 908 2628 expeditiones
924 2551 1075 2627 periculo-

94 2637 237 2696 sissimas
253 2636 376 2709 obeunt,
395 2636 490 2696 sortes
505 2636 562 2695 viri
576 2643 647 2696 sunt
662 2636 874 2711 primoresque
890 2641 1075 2695 castrorume

93 2721 160 2794 isli,
183 2736 262 2795 quos
284 2721 390 2795 putida
410 2718 498 2794 quies
520 2717 587 2779 aliis
608 2718 817 2780 laborantibus
832 2719 961 2779 molliter
974 2717 1076 2796 habel,
1144 2744 1152 2757 ·

94 2803 262 2865 turturillae
278 2811 356 2879 sunt,
372 2802 426 2865 tuli
441 2803 642 2864 contumeliae
658 2818 761 2863 causa.
804 2804 892 2863 Vale.

396 2938 610 2998 EPISTULA
634 2941 667 2996 Η.
697 2941 768 3012 (97.)

346 3035 455 3087 Sennea
474 3037 585 3087 Lacino
605 3047 656 3087 suo
677 3048 815 3088 suturam.

154 3139 256 3213 Erras,
271 3139 311 3198 mi
326 3139 431 3214 Lucili,
446 3139 471 3199 si
487 3140 644 3200 existimas
660 3140 756 3200 nostri
772 3138 868 3201 seculi
883 3154 955 3201 esse
971 3138 1077 3201 vitium
1090 3153 1105 3206 1

93 3221 245 3284 luxuriam
260 3231 290 3284 et
305 3223 527 3299 neglegentiam
543 3223 616 3283 boni
630 3222 725 3285 moris
739 3232 770 3285 et
783 3223 852 3298 alia,
870 3238 950 3298 quae
965 3222 1077 3284 obiecit

94 3306 160 3366 suis
178 3306 310 3382 quisque
325 3306 529 3382 temporibus:
550 3307 706 3368 hominnm
718 3315 789 3369 sunt
800 3307 867 3380 ista,
885 3323 946 3367 non
959 3313 1075 3381 tempo-

92 3406 170 3449 rum.
198 3392 303 3451 nulla
327 3399 436 3452 aetas
458 3393 616 3452 vacavit
636 3408 654 3452 a
675 3393 801 3469 culpa.
828 3390 1091 3452 etsiaesnmm

92 3473 245 3554 licentiam
263 3475 412 3552 cuiusque
432 3476 530 3540 seculi
551 3476 704 3556 incipias,
723 3477 829 3555 pudet
846 3473 978 3540 dicere,
993 3476 1113 3522 nom·
