2422 3862
128 253 169 316 56
419 249 453 309 L.
476 247 622 307 ΑΝΝΑΕΙ
643 245 819 307 SENECAE

127 407 244 476 voluta,
275 417 355 478 quae
376 415 471 475 saepe
492 396 619 472 audisti,
642 414 738 473 saepe
758 396 871 458 dixisti.
907 399 1018 458 sedan
1035 415 1105 460 vere

128 489 277 561 audieris,
302 502 341 545 an
364 499 438 544 vere
461 481 591 556 dixeris,
611 481 722 542 effectu
744 481 851 557 proba.
873 481 933 543 hoc
951 484 1032 543 enirn
1046 492 1104 546 tur·

128 571 287 649 pissimum
309 576 369 642 est,
399 568 483 643 quod
504 566 593 627 nobis
614 565 694 626 obici
710 567 803 640 solet,
826 566 920 626 verba
935 583 993 627 nos
1007 567 1105 642 philo·

130 655 274 731 sophiae,
296 670 357 714 non
380 667 475 728 opera
492 657 631 711 tractare.
655 649 744 725 quid,
767 657 799 710 tu
813 666 895 710 utute
909 651 1040 725 primum
1055 652 1107 713 tibi

128 749 256 801 mortem
278 738 425 798 inminere
447 735 545 808 scisti,
574 750 655 794 nunc
676 734 814 807 exilium,
843 750 925 795 nuno
947 737 1108 796 doloremt

129 827 160 884 in
185 823 262 883 haec
288 827 378 882 natus
403 836 448 880 es.
480 819 625 895 quicquid
643 818 709 878 fieri
731 825 848 894 potest,
869 820 957 894 quasi
975 816 1108 881 laturum

87 923 120 978 16
130 908 307 982 cogitemus.
344 905 432 978 Quod
453 904 555 964 iacere
575 911 604 962 te
624 917 750 975 moneo,
778 903 843 963 scio
870 910 952 964 certe
978 904 1108 965 fecisses

129 1008 210 1052 nunc
226 991 394 1063 admoneo,
413 996 447 1049 ut
460 989 591 1048 animum
604 993 687 1048 tuum
698 1002 758 1047 nou
770 1002 893 1062 mergas
904 988 933 1046 in
946 988 1034 1048 istam
1047 991 1107 1049 sol-

129 1076 324 1138 licitudinem.
356 1072 546 1132 hebetabitur
566 1073 646 1131 enim
666 1078 697 1131 et
716 1071 816 1132 minus
839 1070 962 1132 habebit
982 1072 1106 1146 uigoris,

130 1176 198 1224 cum
219 1159 447 1233 exsurgendum
468 1157 533 1216 erit.
568 1156 669 1216 abduc
690 1156 773 1216 illum
793 1156 944 1231 aprivata
959 1171 1055 1217 causa
1069 1157 1109 1217 ad

130 1245 293 1320 publicam.
322 1244 371 1304 dic
393 1241 520 1302 mortale
539 1241 592 1301 tibi
613 1247 644 1301 et
664 1240 775 1314 fragile
794 1243 1011 1315 corpusculum
1027 1256 1108 1315 esse,

130 1328 179 1389 oui
200 1345 262 1387 non
283 1342 323 1386 ex
342 1327 450 1388 iniuria
470 1333 585 1387 tanturn
607 1333 658 1386 aut
673 1340 712 1384 ex
728 1325 908 1399 potentioris
924 1325 1040 1387 viribus
1057 1325 1108 1385 de

131 1412 315 1472 nuntiabitur
335 1410 439 1470 dolor:
467 1409 556 1484 ipsae
576 1410 749 1484 voluptates
771 1407 801 1468 in
823 1416 971 1470 tormenta
987 1416 1109 1469 vertun-

130 1505 192 1558 tur:
215 1496 326 1571 epulae
338 1494 516 1555 cruditatem
528 1494 682 1566 adierunt,
698 1492 861 1554 ebrietates
873 1509 1036 1556 nervorum
1049 1502 1109 1555 tor·

130 1596 236 1656 porem
251 1589 491 1654 tremoremque,
513 1576 655 1637 libidines
671 1578 797 1652 pedum,
820 1593 978 1652 manuum,
1001 1579 1110 1640 articu-

90 1667 226 1736 lrlorum
242 1663 375 1725 omnium
385 1662 638 1737 depravationes.
674 1661 794 1737 Pauper
805 1661 891 1722 flam:
912 1663 990 1723 inter
1005 1664 1111 1740 plures

130 1767 194 1811 ero.
218 1748 390 1810 excidam:
414 1746 454 1806 ibi
469 1761 517 1804 me
531 1753 634 1806 natum
647 1746 772 1822 putabo,
789 1763 851 1822 quo
863 1746 971 1808 mittar.
995 1748 1110 1822 adliga-

128 1836 201 1896 bore
232 1833 305 1909 quid
325 1831 426 1892 enimt
452 1846 533 1891 nunc
555 1831 674 1891 solutus
690 1837 780 1890 sumt
807 1831 921 1892 adhoc
937 1848 987 1892 rne
1004 1840 1112 1893 natura

129 1933 222 1994 grave
238 1917 377 1992 corporis
393 1915 452 1974 mei
467 1916 590 1991 pondus
602 1915 772 1975 adstrinxit.
795 1916 922 1975 moriana
943 1916 1003 1978 hoc
1022 1916 1110 1990 dicis,

130 2003 268 2062 desinam
285 2007 444 2074 aegrotare
465 2016 577 2075 posse,
597 2000 734 2059 desinam
751 1999 878 2076 adligari
895 2016 1005 2076 posse,
1029 1999 1111 2062 desi·

89 2095 200 2149 tanam
220 2085 297 2144 mori
317 2097 425 2159 posse.
461 2084 527 2144 Non
547 2101 614 2144 sum
635 2091 695 2144 tarn
717 2084 853 2159 ineptus,
877 2093 909 2145 ut
928 2085 1112 2162 Epicuream

52 2213 54 2216 -
132 2169 313 2230 cantilenam
328 2167 388 2228 hoc
405 2168 475 2227 loco
491 2183 662 2243 persequar
677 2175 707 2228 et
721 2167 819 2227 dicam
836 2184 934 2230 vanos
949 2186 1021 2231 esse
1035 2168 1111 2229 inle-

131 2269 232 2315 rorum
247 2257 362 2324 metus,
384 2266 442 2311 nec
457 2251 593 2313 Ixionem
607 2259 676 2313 rota
687 2252 770 2312 volvi
784 2267 842 2312 nec
854 2269 963 2315 saxum
974 2255 1112 2314 humeris

132 2336 259 2416 Sisyphi
279 2337 360 2396 trudi
381 2336 412 2394 in
434 2336 596 2397 adversum
617 2352 675 2397 nec
695 2337 787 2397 ullius
807 2337 930 2398 viscera
945 2347 975 2398 et
989 2337 1112 2399 renasci

131 2436 227 2499 posse
248 2419 361 2499 cotidie
382 2427 412 2479 et
426 2419 520 2495 carpi.
544 2429 710 2482 remotam
726 2437 801 2497 puer
816 2427 878 2495 est,
900 2429 933 2482 ut
946 2422 1111 2484 Cerberum

130 2508 233 2568 timeat
248 2512 278 2565 et
292 2503 436 2565 tenebras
452 2512 482 2565 et
496 2506 641 2565 larvalem
655 2505 790 2566 habitum
810 2506 900 2567 nudis
916 2506 1043 2569 ossibus
1059 2521 1110 2568 co-

129 2589 333 2651 haerentium=
360 2603 444 2648 mors
464 2604 522 2648 nos
543 2596 595 2649 aut
615 2589 768 2650 consumit
788 2597 840 2650 aut
862 2591 954 2651 exuit.
988 2590 1112 2652 emissis

131 2673 258 2734 meliora
276 2671 393 2733 restant
414 2688 508 2733 onere
528 2673 679 2747 detracto,
702 2675 893 2749 consumptis
912 2675 986 2735 nihil
1000 2683 1110 2736 restat=

89 2757 212 2824 lebona
230 2754 345 2830 pariter
365 2758 507 2832 malaque
528 2757 669 2819 submota
691 2765 770 2819 sunt.
806 2758 948 2820 Permitte
964 2759 1037 2819 mihi
1052 2760 1112 2820 hoc

132 2845 200 2902 loco
221 2841 335 2900 reterre
350 2857 473 2902 versum
488 2848 587 2916 tuum,
610 2842 636 2903 si
651 2841 736 2918 prius
751 2844 955 2917 admonuero,
977 2853 1011 2907 ut
1024 2851 1055 2906 te
1069 2845 1111 2906 iu·

132 2925 217 2986 dices
238 2941 300 2985 non
321 2925 388 2985 aliis
410 2926 574 3001 scripsisse
594 2925 668 3000 ista,
692 2926 749 2987 sed
764 2928 852 2987 etiam
867 2927 930 2988 tibi.
960 2936 1051 3004 turpe
1066 2935 1113 2990 cst

132 3009 213 3070 aliud
233 3009 333 3084 loqui,
356 3010 437 3071 aliud
452 3011 581 3072 sentire=
604 3019 718 3086 quanto
734 3012 852 3088 turpius
868 3013 951 3074 aliud
967 3012 1111 3087 scribere,

131 3093 214 3155 aliud
229 3094 349 3154 sentire.
378 3095 501 3157 memini
515 3103 544 3155 te
559 3095 641 3157 illum
657 3099 756 3158 locum
772 3097 937 3172 aliquando
952 3104 1111 3170 tractasse,

132 3195 193 3239 non
208 3186 335 3254 repente
349 3197 407 3241 nos
423 3181 452 3241 iu
469 3189 596 3242 mortem
611 3182 761 3256 incidere,
786 3182 842 3241 sed
857 3182 1024 3244 minutatim
1041 3197 1110 3256 pro·

90 3263 258 3326 accedere:
292 3265 404 3325 cotidie
428 3267 587 3340 morimur,
616 3265 728 3327 cotidie
753 3266 833 3327 enim
859 3267 989 3327 demitur
1011 3267 1111 3341 aliqua

132 3363 204 3424 pars
224 3349 305 3410 vitae
326 3358 357 3410 et
376 3357 448 3412 tunc
469 3366 608 3426 quoque,
637 3367 706 3412 oum
723 3351 905 3426 crescimus,
928 3351 991 3412 vita
1006 3352 1109 3411 decre

133 3431 199 3494 soit.
221 3433 377 3495 infantiam
394 3434 567 3508 amisimus,
590 3435 701 3495 deinde
717 3435 892 3512 pueritiam,
910 3435 1022 3496 deinde
1037 3433 1110 3495 adu-

115 3516 310 3579 lescentiam.
343 3534 446 3596 usque
467 3519 510 3582 ad
522 3519 721 3598 hesternum,
743 3516 1110 3597 quaeautdtransiittem·
