2422 3862
243 216 416 278 Eftswt.
431 215 524 277 MOR.
546 216 618 278 Llss.
632 216 710 274 vftt.
732 215 789 274 ΕΡ.
804 225 830 276 a.
847 224 919 291 (ιι.)
1011 216 1073 281 tet

90 387 187 445 mum,
217 383 313 444 quern
335 382 430 443 saepe
451 364 579 429 induunt
599 382 771 441 generosae
799 367 939 427 indolis
932 385 1073 442 iuvenes

47 448 50 499 Ι
92 470 170 531 quos
186 452 322 513 alicuius
336 450 485 513 honestae
500 451 544 511 rei
561 450 755 526 pulchritudo
774 449 942 525 percussit,
958 459 992 512 ut
1006 468 1069 513 om-

48 578 52 595 .
47 508 139 599 nia
166 536 292 598 fortuita
314 543 522 605 contemnant,
552 535 690 609 profecto
713 532 863 609 sapientia
884 535 1022 596 infundet
1041 543 1071 596 et

47 606 53 673 ἲ
92 622 205 683 tradet·
230 617 431 695 persuadebit
443 635 537 678 unum
551 617 665 679 bonum
680 633 768 693 esse,
790 619 874 715 quod
890 618 1068 680 honesturn·

91 708 149 766 hoc
164 720 225 765 uec
242 702 350 764 remitti
362 718 419 762 nec
435 702 548 762 intendi
560 718 670 777 posse,
685 718 746 764 non
762 702 859 778 magis
875 702 966 778 quarn
981 719 1069 778 regu·

92 793 166 863 fam,
182 803 247 864 qua
260 794 375 848 rectum
393 786 516 862 probari
533 788 625 858 solet,
647 785 764 846 flectes.
803 786 950 861 quicquid
964 803 1005 848 ex
1020 788 1070 847 iffa

94 871 275 945 mutaveris,
296 871 404 930 iniuria
425 877 473 931 est
492 870 575 931 recti.
610 870 693 929 idem
714 886 788 945 ergo
810 871 848 930 de
864 872 972 932 virtute
987 871 1112 931 dice-20

94 973 176 1018 musa
197 955 323 1016 ethaeo
343 961 426 1015 recta
449 962 505 1015 est.
540 953 689 1014 flexuram
711 971 771 1015 non
792 953 909 1030 recipit.
945 952 1069 1030 rigidari

96 1041 234 1117 quidem,
256 1039 388 1114 amplius
409 1038 523 1099 intendi
544 1054 605 1099 non
623 1046 731 1113 potest.
770 1037 846 1098 hoec
869 1040 908 1099 de
927 1039 1069 1100 omnibus

95 1125 185 1185 mbos
211 1122 339 1196 iudicat,
361 1123 400 1182 de
421 1121 479 1182 hac
500 1122 591 1181 nuffu.
629 1123 656 1183 si
676 1120 788 1183 rectior
808 1122 877 1197 ipsa
892 1139 952 1184 non
970 1129 1071 1200 potest

96 1209 174 1282 fieri,
200 1222 240 1266 ne
266 1223 347 1282 quae
373 1206 412 1266 ab
429 1206 480 1265 iffa
501 1206 623 1280 quidem
644 1206 736 1279 fiunt,
765 1206 823 1266 aiio
850 1206 918 1269 otiis
939 1209 1070 1269 rectiora

97 1299 172 1353 sunt.
198 1290 269 1351 huic
284 1293 363 1351 eninr
380 1305 509 1351 necesse
524 1298 572 1351 est
586 1291 810 1366 respondeant=
834 1291 873 1351 ito
889 1291 974 1367 paria
989 1301 1069 1354 sunt.

96 1375 193 1450 „Quid
208 1381 307 1450 ergot
329 1375 445 1450 inquis:
466 1375 566 1435 iacere
582 1375 610 1433 in
627 1373 768 1435 convivio
783 1381 813 1434 et
827 1376 963 1450 torqueri
979 1377 1066 1451 paria
1078 1381 1108 1435 at

97 1464 207 1521 suntt“
235 1458 303 1519 Hoc
317 1457 423 1520 mirurn
439 1457 560 1520 videtur
574 1459 646 1518 tibit
674 1459 748 1520 ifiud
770 1460 840 1519 ficet
862 1459 958 1534 magis
974 1457 1069 1519 adrni-

96 1548 185 1605 reris=
207 1541 309 1603 iacere
330 1543 360 1602 in
382 1542 523 1604 convivio
547 1543 658 1602 rnatum
680 1549 742 1614 est,
765 1540 901 1617 torqueri
916 1541 945 1601 in
961 1544 1069 1604 ecufeo

96 1628 208 1689 bonurn
225 1634 288 1701 est,
311 1627 336 1686 si
359 1627 431 1688 iffud
447 1628 589 1702 turpiter,
612 1626 671 1687 hoc
693 1626 821 1687 honeste
836 1627 878 1686 ht.
915 1625 1071 1686 boroista

96 1722 143 1775 aut
157 1713 239 1771 maia
253 1726 314 1770 non
330 1709 424 1771 efficit
438 1711 577 1781 materia,
594 1710 650 1770 sed
663 1711 768 1771 virtus.
792 1709 869 1770 haec
884 1709 1070 1785 ubicumque

96 1795 251 1872 adparuit,
279 1796 380 1857 omnia
406 1795 543 1856 eiusdem
565 1809 727 1855 mensurae
748 1809 784 1853 ac
806 1794 892 1868 pretii
916 1800 995 1854 sunt.
1036 1793 1112 1854 lnat

95 1882 203 1942 oculos
224 1895 305 1939 nunc
327 1878 398 1938 mihi
419 1895 528 1939 manus
549 1879 674 1939 intentat
694 1878 759 1950 iiie,
779 1877 831 1952 qui
853 1878 985 1938 omnium
1007 1878 1069 1937 ani-

95 1981 175 2026 mum
196 1961 337 2024 aestimat
357 1979 397 2023 ex
419 1979 492 2036 suo,
514 1961 599 2038 quod
616 1961 715 2022 dicam
733 1962 818 2037 paria
834 1962 916 2023 bona
930 1977 1002 2022 esse
1017 1963 1066 2023 ad-

96 2064 185 2110 versa
207 2047 325 2109 fortiter
346 2047 496 2121 portantis
521 2055 551 2107 et
573 2062 722 2123 prospera
749 2045 877 2108 honeste
898 2046 1070 2122 iudicantis

96 2133 179 2210 quod
195 2131 295 2192 dicam
311 2132 395 2206 paria
409 2132 492 2192 bona
504 2146 576 2191 esse
590 2132 673 2205 cius,
696 2131 748 2206 qui
770 2131 933 2207 triumphat
947 2138 977 2192 et
992 2132 1068 2204 eius,

96 2219 145 2293 qui
161 2223 233 2276 ante
249 2232 371 2277 currum
387 2214 504 2277 vehitur
518 2215 648 2277 invictus
664 2217 774 2276 animo.
796 2233 856 2278 non
869 2224 977 2292 putant
990 2218 1070 2277 enirn

96 2301 175 2373 fieri,
192 2299 340 2377 quicquid
361 2300 463 2359 facere
478 2315 539 2359 non
556 2309 701 2375 possuntz
717 2316 756 2360 ex
771 2300 943 2363 infirmitate
959 2317 1016 2362 sua
1032 2302 1071 2362 de

96 2384 206 2446 virtute
220 2384 320 2444 ferunt
332 2384 520 2444 sententiam.
546 2383 624 2458 Quid
638 2383 773 2458 miraris,
787 2387 814 2446 si
832 2386 893 2458 uri,
911 2386 1114 2458 volneraque

95 2468 209 2541 occidi,
225 2467 355 2542 adligari
368 2466 467 2542 iuvat,
488 2469 653 2542 aliquando
669 2469 758 2531 etiam
772 2470 865 2531 fibetf
896 2470 1070 2530 Luxurioso

96 2553 252 2629 frugalitas
270 2556 372 2628 poena
386 2561 443 2612 cst.
478 2554 566 2628 pigro
583 2554 726 2629 supplicii
741 2555 810 2614 foco
824 2553 912 2613 fabor
926 2561 982 2613 est.
1018 2552 1070 2612 de·

96 2638 191 2698 fieutis
213 2635 337 2696 miseria
355 2643 403 2697 est
419 2637 575 2699 industria.
611 2638 768 2698 desidioso
789 2637 913 2698 studere
934 2634 1072 2711 torqueri

80 2729 155 2782 cst:
185 2721 296 2781 eodem
311 2720 404 2782 ruodo
419 2719 512 2795 haee,
533 2721 573 2781 ud
588 2737 668 2795 quae
683 2736 790 2782 omncs
808 2720 938 2780 inbeciifi
954 2737 1071 2795 sumne,

96 2806 171 2867 dura
191 2814 286 2880 atque
313 2805 503 2864 intoleranda
531 2805 700 2878 credimus,
725 2803 824 2877 obiiti,
852 2822 943 2880 quarn
969 2807 1070 2868 multis

96 2896 279 2951 tormentum
299 2889 339 2949 sit
358 2887 430 2950 vino
453 2904 558 2949 curere
580 2895 632 2949 aut
647 2888 744 2964 prinra
758 2890 826 2950 luce
842 2891 977 2954 excitari.
1009 2908 1070 2952 noo

96 2974 152 3034 ista
176 2973 314 3035 difficilia
336 2980 408 3033 sunt
433 2980 556 3045 natura,
592 2973 649 3033 sed
674 2990 732 3035 nos
757 2973 845 3034 fluidi
873 2982 903 3035 et
929 2991 1070 3036 enerves.

95 3058 207 3134 Magno
222 3057 323 3119 animo
340 3056 378 3116 de
393 3056 486 3117 rebus
508 3058 626 3133 magnis
646 3056 842 3118 iudicandum
854 3066 916 3119 est:
938 3061 1115 3135 alioquintt

96 3143 248 3202 videbitur
273 3142 390 3201 illarum
415 3139 518 3203 vitium
539 3157 625 3213 esse,
652 3142 735 3216 quod
760 3150 896 3203 nostrum
923 3152 979 3205 est.
1021 3143 1072 3205 Sic

97 3226 249 3300 quaedam
266 3226 451 3297 rectissima,
475 3240 544 3288 curn
565 3227 722 3301 inaquam
743 3227 879 3288 demissa
894 3235 978 3303 sunt,
1000 3245 1070 3304 spe·

96 3311 171 3371 ciem
187 3309 272 3372 curvi
286 3310 509 3386 praefractique
524 3311 691 3372 visentibus
712 3311 853 3373 reddunt.
881 3329 941 3375 non
957 3319 1071 3373 tanturn

97 3395 169 3469 quid
186 3393 311 3465 videas
334 3395 389 3455 sed
407 3394 681 3470 quemadmodum,
703 3398 809 3458 refert:
831 3397 950 3458 animus
967 3403 1072 3457 noster

97 3478 137 3537 ad
151 3495 226 3541 vcra
240 3479 456 3553 perspicienda
472 3480 592 3550 caligat.
628 3481 675 3544 Ita
693 3479 769 3544 mihi
789 3481 1130 3547 aduieseentern'xn-‘na
