<?xml version="1.0" encoding="UTF-8"?>
<!DOCTYPE html PUBLIC "-//W3C//DTD XHTML 1.0 Transitional//EN"
    "http://www.w3.org/TR/xhtml1/DTD/xhtml1-transitional.dtd">
<html xmlns="http://www.w3.org/1999/xhtml" xml:lang="en" lang="en">
 <head>
  <title>
</title>
<meta http-equiv="Content-Type" content="text/html;charset=utf-8" />
  <meta name='ocr-system' content='tesseract 3.04.00' />
  <meta name='ocr-capabilities' content='ocr_page ocr_carea ocr_par ocr_line ocrx_word'/>
</head>
<body>
  <div class='ocr_page' id='page_1' title='image "./lannaeisenecaeo06senegoog_0306.png"; bbox 0 0 2422 3862; ppageno 0'>
   <div class='ocr_carea' id='block_1_1' title="bbox 171 228 1046 308">
    <p class='ocr_par' dir='ltr' id='par_1_1' title="bbox 171 228 1046 308">
     <span class='ocr_line' id='line_1_1' title="bbox 171 228 1046 308; baseline 0.011 -20"><span class='ocrx_word' id='word_1_1' title='bbox 171 229 343 289; x_wconf 85' lang='lat' dir='ltr'><strong>EPISTUL.</strong></span> <span class='ocrx_word' id='word_1_2' title='bbox 357 228 452 290; x_wconf 77' lang='lat' dir='ltr'>molt.</span> <span class='ocrx_word' id='word_1_3' title='bbox 470 230 544 290; x_wconf 90' lang='lat' dir='ltr'>LlB.</span> <span class='ocrx_word' id='word_1_4' title='bbox 558 231 638 291; x_wconf 91' lang='lat' dir='ltr'><strong>XIV.</strong></span> <span class='ocrx_word' id='word_1_5' title='bbox 659 231 716 290; x_wconf 81' lang='grc' dir='ltr'>ΕΡ.</span> <span class='ocrx_word' id='word_1_6' title='bbox 732 240 759 292; x_wconf 84' lang='lat'>2.</span> <span class='ocrx_word' id='word_1_7' title='bbox 770 240 796 293; x_wconf 76' lang='grc' dir='ltr'>ὃ.</span> <span class='ocrx_word' id='word_1_8' title='bbox 811 241 869 307; x_wconf 82' lang='lat'><strong>(90.</strong></span> <span class='ocrx_word' id='word_1_9' title='bbox 880 232 939 308; x_wconf 86' lang='lat'>91.)</span> <span class='ocrx_word' id='word_1_10' title='bbox 983 232 1046 298; x_wconf 78' lang='lat'>271</span> 
     </span>
    </p>
   </div>
   <div class='ocr_carea' id='block_1_2' title="bbox 61 380 1088 711">
    <p class='ocr_par' dir='ltr' id='par_1_2' title="bbox 61 380 1088 711">
     <span class='ocr_line' id='line_1_2' title="bbox 61 380 1088 457; baseline 0.008 -14"><span class='ocrx_word' id='word_1_11' title='bbox 61 382 164 457; x_wconf 86' lang='lat' dir='ltr'>magis</span> <span class='ocrx_word' id='word_1_12' title='bbox 181 380 371 455; x_wconf 84' lang='lat' dir='ltr'>quodetiam</span> <span class='ocrx_word' id='word_1_13' title='bbox 386 381 511 441; x_wconf 81' lang='lat' dir='ltr'><strong>miratus</strong></span> <span class='ocrx_word' id='word_1_14' title='bbox 525 388 587 455; x_wconf 91' lang='lat' dir='ltr'>est,</span> <span class='ocrx_word' id='word_1_15' title='bbox 609 382 715 443; x_wconf 89' lang='lat' dir='ltr'>doluit.</span> <span class='ocrx_word' id='word_1_16' title='bbox 760 382 852 444; x_wconf 90' lang='lat' dir='ltr'>ldeo</span> <span class='ocrx_word' id='word_1_17' title='bbox 873 383 969 444; x_wconf 88' lang='lat' dir='ltr'>nihil</span> <span class='ocrx_word' id='word_1_18' title='bbox 990 399 1088 451; x_wconf 85' lang='lat' dir='ltr'>no·‹l</span> 
     </span>
     <span class='ocr_line' id='line_1_3' title="bbox 61 465 1054 542; baseline 0.003 -14"><span class='ocrx_word' id='word_1_19' title='bbox 61 465 123 528; x_wconf 92' lang='lat' dir='ltr'>bis</span> <span class='ocrx_word' id='word_1_20' title='bbox 145 465 389 540; x_wconf 84' lang='lat' dir='ltr'>inprovisum</span> <span class='ocrx_word' id='word_1_21' title='bbox 411 465 638 526; x_wconf 88' lang='lat' dir='ltr'>essedebct.</span> <span class='ocrx_word' id='word_1_22' title='bbox 672 466 702 524; x_wconf 93' lang='lat' dir='ltr'>in</span> <span class='ocrx_word' id='word_1_23' title='bbox 719 466 820 526; x_wconf 91' lang='lat' dir='ltr'>omnia</span> <span class='ocrx_word' id='word_1_24' title='bbox 835 469 1054 542; x_wconf 89' lang='lat' dir='ltr'>permittendus</span> 
     </span>
     <span class='ocr_line' id='line_1_4' title="bbox 62 547 1054 628; baseline 0.001 -16"><span class='ocrx_word' id='word_1_25' title='bbox 62 551 185 612; x_wconf 89' lang='lat' dir='ltr'>animus</span> <span class='ocrx_word' id='word_1_26' title='bbox 197 549 456 623; x_wconf 80' lang='lat' dir='ltr'>cogitandumque</span> <span class='ocrx_word' id='word_1_27' title='bbox 477 564 540 608; x_wconf 93' lang='lat' dir='ltr'>non</span> <span class='ocrx_word' id='word_1_28' title='bbox 556 547 703 624; x_wconf 89' lang='lat' dir='ltr'>quicquid</span> <span class='ocrx_word' id='word_1_29' title='bbox 717 550 811 624; x_wconf 88' lang='lat' dir='ltr'>solet,</span> <span class='ocrx_word' id='word_1_30' title='bbox 833 551 890 611; x_wconf 88' lang='lat' dir='ltr'>sed</span> <span class='ocrx_word' id='word_1_31' title='bbox 908 552 1054 628; x_wconf 90' lang='lat' dir='ltr'>quicquid</span> 
     </span>
     <span class='ocr_line' id='line_1_5' title="bbox 61 631 1054 711; baseline 0.001 -15"><span class='ocrx_word' id='word_1_32' title='bbox 61 640 168 711; x_wconf 89' lang='lat' dir='ltr'>potest</span> <span class='ocrx_word' id='word_1_33' title='bbox 183 633 260 693; x_wconf 87' lang='lat' dir='ltr'>fieri.</span> <span class='ocrx_word' id='word_1_34' title='bbox 305 633 380 707; x_wconf 91' lang='lat' dir='ltr'>quid</span> <span class='ocrx_word' id='word_1_35' title='bbox 394 631 474 691; x_wconf 89' lang='lat' dir='ltr'>enim</span> <span class='ocrx_word' id='word_1_36' title='bbox 488 638 551 707; x_wconf 89' lang='lat' dir='ltr'>est,</span> <span class='ocrx_word' id='word_1_37' title='bbox 574 635 658 708; x_wconf 92' lang='lat' dir='ltr'>quod</span> <span class='ocrx_word' id='word_1_38' title='bbox 679 650 742 695; x_wconf 91' lang='lat' dir='ltr'>non</span> <span class='ocrx_word' id='word_1_39' title='bbox 757 636 893 707; x_wconf 80' lang='lat' dir='ltr'>fortuna,</span> <span class='ocrx_word' id='word_1_40' title='bbox 916 651 985 696; x_wconf 89' lang='lat' dir='ltr'>oum</span> <span class='ocrx_word' id='word_1_41' title='bbox 1001 654 1054 698; x_wconf 90' lang='lat' dir='ltr'>vo·</span> 
     </span>
    </p>
   </div>
   <div class='ocr_carea' id='block_1_3' title="bbox 38 715 1085 3568">
    <p class='ocr_par' dir='ltr' id='par_1_3' title="bbox 38 715 1085 3568">
     <span class='ocr_line' id='line_1_6' title="bbox 61 715 1054 795; baseline 0.002 -17"><span class='ocrx_word' id='word_1_42' title='bbox 61 720 131 792; x_wconf 91' lang='lat' dir='ltr'>luit,</span> <span class='ocrx_word' id='word_1_43' title='bbox 155 733 196 778; x_wconf 90' lang='lat' dir='ltr'>ex</span> <span class='ocrx_word' id='word_1_44' title='bbox 216 715 436 777; x_wconf 89' lang='lat' dir='ltr'>florentissimo</span> <span class='ocrx_word' id='word_1_45' title='bbox 458 716 620 778; x_wconf 66' lang='lat' dir='ltr'>detrahat?</span> <span class='ocrx_word' id='word_1_46' title='bbox 652 718 735 793; x_wconf 92' lang='lat' dir='ltr'>quod</span> <span class='ocrx_word' id='word_1_47' title='bbox 757 735 818 780; x_wconf 93' lang='lat' dir='ltr'>non</span> <span class='ocrx_word' id='word_1_48' title='bbox 834 734 871 779; x_wconf 92' lang='lat' dir='ltr'>eo</span> <span class='ocrx_word' id='word_1_49' title='bbox 887 721 985 795; x_wconf 86' lang='lat' dir='ltr'>magis</span> <span class='ocrx_word' id='word_1_50' title='bbox 1000 722 1054 780; x_wconf 83' lang='lat' dir='ltr'>ad·</span> 
     </span>
     <span class='ocr_line' id='line_1_7' title="bbox 60 800 1053 878; baseline 0.001 -15"><span class='ocrx_word' id='word_1_51' title='bbox 60 803 220 878; x_wconf 87' lang='lat' dir='ltr'>grediatur</span> <span class='ocrx_word' id='word_1_52' title='bbox 235 807 264 860; x_wconf 88' lang='lat' dir='ltr'>et</span> <span class='ocrx_word' id='word_1_53' title='bbox 280 800 409 875; x_wconf 84' lang='lat' dir='ltr'>quatiat,</span> <span class='ocrx_word' id='word_1_54' title='bbox 427 816 490 876; x_wconf 93' lang='lat' dir='ltr'>quo</span> <span class='ocrx_word' id='word_1_55' title='bbox 509 801 684 876; x_wconf 77' lang='lat' dir='ltr'>speciosius</span> <span class='ocrx_word' id='word_1_56' title='bbox 699 802 813 877; x_wconf 76' lang='lat' dir='ltr'>lulgctt</span> <span class='ocrx_word' id='word_1_57' title='bbox 850 803 925 878; x_wconf 90' lang='lat' dir='ltr'>quid</span> <span class='ocrx_word' id='word_1_58' title='bbox 946 804 988 863; x_wconf 91' lang='lat' dir='ltr'>illi</span> <span class='ocrx_word' id='word_1_59' title='bbox 1005 819 1053 864; x_wconf 87' lang='lat' dir='ltr'>or·</span> 
     </span>
     <span class='ocr_line' id='line_1_8' title="bbox 61 884 1085 962; baseline -0.001 -15"><span class='ocrx_word' id='word_1_60' title='bbox 61 888 156 948; x_wconf 93' lang='lat' dir='ltr'>duum</span> <span class='ocrx_word' id='word_1_61' title='bbox 173 886 287 961; x_wconf 90' lang='lat' dir='ltr'>quidve</span> <span class='ocrx_word' id='word_1_62' title='bbox 308 884 433 944; x_wconf 86' lang='lat' dir='ltr'>dillioile</span> <span class='ocrx_word' id='word_1_63' title='bbox 453 891 522 945; x_wconf 77' lang='grc' dir='ltr'><strong>εειι</strong></span> <span class='ocrx_word' id='word_1_64' title='bbox 556 884 622 944; x_wconf 91' lang='lat' dir='ltr'>Non</span> <span class='ocrx_word' id='word_1_65' title='bbox 638 902 699 946; x_wconf 88' lang='lat' dir='ltr'>una</span> <span class='ocrx_word' id='word_1_66' title='bbox 713 887 765 945; x_wconf 90' lang='lat' dir='ltr'>via</span> <span class='ocrx_word' id='word_1_67' title='bbox 779 902 917 962; x_wconf 82' lang='lat' dir='ltr'>semper,</span> <span class='ocrx_word' id='word_1_68' title='bbox 936 903 976 947; x_wconf 92' lang='lat' dir='ltr'>ne</span> <span class='ocrx_word' id='word_1_69' title='bbox 992 894 1085 950; x_wconf 68' lang='lat' dir='ltr'>totae</span> 
     </span>
     <span class='ocr_line' id='line_1_9' title="bbox 62 968 1054 1047; baseline 0.001 -16"><span class='ocrx_word' id='word_1_70' title='bbox 62 972 188 1047; x_wconf 90' lang='lat' dir='ltr'>quidem</span> <span class='ocrx_word' id='word_1_71' title='bbox 214 969 353 1030; x_wconf 80' lang='lat' dir='ltr'>incurrit:</span> <span class='ocrx_word' id='word_1_72' title='bbox 383 968 476 1029; x_wconf 93' lang='lat' dir='ltr'>modo</span> <span class='ocrx_word' id='word_1_73' title='bbox 502 977 625 1029; x_wconf 88' lang='lat' dir='ltr'>nostras</span> <span class='ocrx_word' id='word_1_74' title='bbox 645 970 675 1029; x_wconf 94' lang='lat' dir='ltr'>in</span> <span class='ocrx_word' id='word_1_75' title='bbox 697 986 755 1031; x_wconf 91' lang='lat' dir='ltr'>nos</span> <span class='ocrx_word' id='word_1_76' title='bbox 776 986 887 1032; x_wconf 91' lang='lat' dir='ltr'>manus</span> <span class='ocrx_word' id='word_1_77' title='bbox 912 971 1054 1046; x_wconf 84' lang='lat' dir='ltr'>advocat,</span> 
     </span>
     <span class='ocr_line' id='line_1_10' title="bbox 60 1051 1053 1129; baseline 0 -15"><span class='ocrx_word' id='word_1_78' title='bbox 60 1056 154 1116; x_wconf 90' lang='lat' dir='ltr'>modo</span> <span class='ocrx_word' id='word_1_79' title='bbox 177 1054 243 1114; x_wconf 93' lang='lat' dir='ltr'>suis</span> <span class='ocrx_word' id='word_1_80' title='bbox 259 1059 401 1114; x_wconf 90' lang='lat' dir='ltr'>contenta</span> <span class='ocrx_word' id='word_1_81' title='bbox 414 1053 530 1113; x_wconf 90' lang='lat' dir='ltr'>viribus</span> <span class='ocrx_word' id='word_1_82' title='bbox 551 1051 668 1114; x_wconf 90' lang='lat' dir='ltr'>invenit</span> <span class='ocrx_word' id='word_1_83' title='bbox 686 1055 822 1129; x_wconf 83' lang='lat' dir='ltr'>periculo</span> <span class='ocrx_word' id='word_1_84' title='bbox 837 1055 904 1116; x_wconf 87' lang='lat' dir='ltr'>sine</span> <span class='ocrx_word' id='word_1_85' title='bbox 917 1065 1053 1117; x_wconf 83' lang='lat' dir='ltr'>auctore.</span> 
     </span>
     <span class='ocr_line' id='line_1_11' title="bbox 60 1137 1053 1214; baseline 0.002 -16"><span class='ocrx_word' id='word_1_86' title='bbox 60 1140 177 1200; x_wconf 91' lang='lat' dir='ltr'>nullum</span> <span class='ocrx_word' id='word_1_87' title='bbox 192 1145 313 1213; x_wconf 89' lang='lat' dir='ltr'>tempus</span> <span class='ocrx_word' id='word_1_88' title='bbox 336 1143 499 1211; x_wconf 90' lang='lat' dir='ltr'>exceptum</span> <span class='ocrx_word' id='word_1_89' title='bbox 515 1143 577 1197; x_wconf 82' lang='lat' dir='ltr'>est:</span> <span class='ocrx_word' id='word_1_90' title='bbox 603 1137 633 1196; x_wconf 94' lang='lat' dir='ltr'>in</span> <span class='ocrx_word' id='word_1_91' title='bbox 654 1137 732 1213; x_wconf 93' lang='lat' dir='ltr'>ipsis</span> <span class='ocrx_word' id='word_1_92' title='bbox 752 1140 961 1214; x_wconf 89' lang='lat' dir='ltr'>voluptatibus</span> <span class='ocrx_word' id='word_1_93' title='bbox 983 1156 1053 1200; x_wconf 89' lang='lat' dir='ltr'>cau·</span> 
     </span>
     <span class='ocr_line' id='line_1_12' title="bbox 62 1220 1055 1299; baseline -0.001 -15"><span class='ocrx_word' id='word_1_94' title='bbox 62 1238 118 1284; x_wconf 84' lang='lat' dir='ltr'>sae</span> <span class='ocrx_word' id='word_1_95' title='bbox 141 1221 259 1285; x_wconf 91' lang='lat' dir='ltr'>doloris</span> <span class='ocrx_word' id='word_1_96' title='bbox 276 1220 423 1282; x_wconf 88' lang='lat' dir='ltr'>oriuntur.</span> <span class='ocrx_word' id='word_1_97' title='bbox 462 1220 575 1281; x_wconf 90' lang='lat' dir='ltr'>bellum</span> <span class='ocrx_word' id='word_1_98' title='bbox 590 1221 621 1281; x_wconf 91' lang='lat' dir='ltr'>in</span> <span class='ocrx_word' id='word_1_99' title='bbox 638 1223 740 1282; x_wconf 85' lang='lat' dir='ltr'>media</span> <span class='ocrx_word' id='word_1_100' title='bbox 756 1238 834 1297; x_wconf 89' lang='lat' dir='ltr'>pace</span> <span class='ocrx_word' id='word_1_101' title='bbox 849 1223 1008 1299; x_wconf 80' lang='lat' dir='ltr'>consurgit</span> <span class='ocrx_word' id='word_1_102' title='bbox 1024 1230 1055 1283; x_wconf 90' lang='lat' dir='ltr'>et</span> 
     </span>
     <span class='ocr_line' id='line_1_13' title="bbox 60 1305 1053 1369; baseline -0.001 -1"><span class='ocrx_word' id='word_1_103' title='bbox 60 1307 177 1368; x_wconf 86' lang='lat' dir='ltr'>auxilia</span> <span class='ocrx_word' id='word_1_104' title='bbox 201 1305 373 1367; x_wconf 81' lang='lat' dir='ltr'>securitatis</span> <span class='ocrx_word' id='word_1_105' title='bbox 397 1305 558 1366; x_wconf 88' lang='lat' dir='ltr'>inmotum</span> <span class='ocrx_word' id='word_1_106' title='bbox 577 1313 752 1367; x_wconf 84' lang='lat' dir='ltr'>transeunt:</span> <span class='ocrx_word' id='word_1_107' title='bbox 784 1323 824 1367; x_wconf 90' lang='lat' dir='ltr'>ex</span> <span class='ocrx_word' id='word_1_108' title='bbox 839 1309 937 1369; x_wconf 92' lang='lat' dir='ltr'>amieo</span> <span class='ocrx_word' id='word_1_109' title='bbox 956 1307 1053 1368; x_wconf 94' lang='lat' dir='ltr'>inimi·</span> 
     </span>
     <span class='ocr_line' id='line_1_14' title="bbox 60 1388 1054 1466; baseline 0 -15"><span class='ocrx_word' id='word_1_110' title='bbox 60 1407 133 1464; x_wconf 75' lang='lat' dir='ltr'>cuS,</span> <span class='ocrx_word' id='word_1_111' title='bbox 154 1389 254 1451; x_wconf 91' lang='lat' dir='ltr'>hostis</span> <span class='ocrx_word' id='word_1_112' title='bbox 275 1405 316 1449; x_wconf 91' lang='lat' dir='ltr'>ex</span> <span class='ocrx_word' id='word_1_113' title='bbox 331 1388 428 1450; x_wconf 87' lang='lat' dir='ltr'>socio.</span> <span class='ocrx_word' id='word_1_114' title='bbox 465 1389 494 1448; x_wconf 94' lang='lat' dir='ltr'>in</span> <span class='ocrx_word' id='word_1_115' title='bbox 511 1390 629 1450; x_wconf 86' lang='lat' dir='ltr'>subitas</span> <span class='ocrx_word' id='word_1_116' title='bbox 644 1399 843 1466; x_wconf 86' lang='lat' dir='ltr'>tempestates</span> <span class='ocrx_word' id='word_1_117' title='bbox 856 1392 1054 1466; x_wconf 88' lang='lat' dir='ltr'>hibernisque</span> 
     </span>
     <span class='ocr_line' id='line_1_15' title="bbox 60 1474 1054 1549; baseline 0 -15"><span class='ocrx_word' id='word_1_118' title='bbox 60 1475 195 1535; x_wconf 88' lang='lat' dir='ltr'>maiores</span> <span class='ocrx_word' id='word_1_119' title='bbox 217 1474 316 1549; x_wconf 90' lang='lat' dir='ltr'>agitur</span> <span class='ocrx_word' id='word_1_120' title='bbox 338 1474 456 1533; x_wconf 83' lang='lat' dir='ltr'>aestiva</span> <span class='ocrx_word' id='word_1_121' title='bbox 475 1475 687 1548; x_wconf 82' lang='lat' dir='ltr'>tranquillitos.</span> <span class='ocrx_word' id='word_1_122' title='bbox 721 1474 789 1534; x_wconf 92' lang='lat' dir='ltr'>siue</span> <span class='ocrx_word' id='word_1_123' title='bbox 809 1474 900 1536; x_wconf 86' lang='lat' dir='ltr'>hoste</span> <span class='ocrx_word' id='word_1_124' title='bbox 923 1475 1054 1549; x_wconf 87' lang='lat' dir='ltr'>patimur</span> 
     </span>
     <span class='ocr_line' id='line_1_16' title="bbox 59 1557 1053 1631; baseline -0.002 -12"><span class='ocrx_word' id='word_1_125' title='bbox 59 1558 185 1619; x_wconf 87' lang='lat' dir='ltr'>hostilia</span> <span class='ocrx_word' id='word_1_126' title='bbox 199 1566 229 1618; x_wconf 88' lang='lat' dir='ltr'>et</span> <span class='ocrx_word' id='word_1_127' title='bbox 246 1557 342 1618; x_wconf 89' lang='lat' dir='ltr'>cladis</span> <span class='ocrx_word' id='word_1_128' title='bbox 358 1572 487 1631; x_wconf 89' lang='lat' dir='ltr'>causas,</span> <span class='ocrx_word' id='word_1_129' title='bbox 508 1558 536 1618; x_wconf 88' lang='lat' dir='ltr'>si</span> <span class='ocrx_word' id='word_1_130' title='bbox 550 1559 610 1617; x_wconf 89' lang='lat' dir='ltr'>alia</span> <span class='ocrx_word' id='word_1_131' title='bbox 624 1559 783 1631; x_wconf 87' lang='lat' dir='ltr'>deliciunt,</span> <span class='ocrx_word' id='word_1_132' title='bbox 806 1558 898 1619; x_wconf 90' lang='lat' dir='ltr'>nimia</span> <span class='ocrx_word' id='word_1_133' title='bbox 913 1559 972 1618; x_wconf 91' lang='lat' dir='ltr'>sibi</span> <span class='ocrx_word' id='word_1_134' title='bbox 987 1557 1053 1618; x_wconf 89' lang='lat' dir='ltr'>leli·</span> 
     </span>
     <span class='ocr_line' id='line_1_17' title="bbox 61 1640 1052 1716; baseline 0 -14"><span class='ocrx_word' id='word_1_135' title='bbox 61 1644 138 1703; x_wconf 87' lang='lat' dir='ltr'>citas</span> <span class='ocrx_word' id='word_1_136' title='bbox 155 1640 280 1701; x_wconf 85' lang='lat' dir='ltr'>invenit.</span> <span class='ocrx_word' id='word_1_137' title='bbox 325 1641 441 1701; x_wconf 88' lang='lat' dir='ltr'>invadit</span> <span class='ocrx_word' id='word_1_138' title='bbox 455 1641 750 1716; x_wconf 84' lang='lat' dir='ltr'>temperantissimos</span> <span class='ocrx_word' id='word_1_139' title='bbox 766 1642 906 1716; x_wconf 78' lang='lat' dir='ltr'>morbuS,</span> <span class='ocrx_word' id='word_1_140' title='bbox 928 1641 1052 1702; x_wconf 90' lang='lat' dir='ltr'>validis-</span> 
     </span>
     <span class='ocr_line' id='line_1_18' title="bbox 60 1725 1051 1801; baseline -0.001 -16"><span class='ocrx_word' id='word_1_141' title='bbox 60 1727 157 1786; x_wconf 90' lang='lat' dir='ltr'>simos</span> <span class='ocrx_word' id='word_1_142' title='bbox 173 1725 320 1801; x_wconf 88' lang='lat' dir='ltr'>phthisis,</span> <span class='ocrx_word' id='word_1_143' title='bbox 347 1725 616 1786; x_wconf 89' lang='lat' dir='ltr'>innocentissimos</span> <span class='ocrx_word' id='word_1_144' title='bbox 632 1741 749 1800; x_wconf 87' lang='lat' dir='ltr'>poena,</span> <span class='ocrx_word' id='word_1_145' title='bbox 765 1726 991 1787; x_wconf 89' lang='lat' dir='ltr'>secretissimos</span> <span class='ocrx_word' id='word_1_146' title='bbox 1006 1732 1051 1785; x_wconf 92' lang='lat' dir='ltr'>tu-</span> 
     </span>
     <span class='ocr_line' id='line_1_19' title="bbox 60 1808 1051 1885; baseline 0 -17"><span class='ocrx_word' id='word_1_147' title='bbox 60 1811 184 1870; x_wconf 90' lang='lat' dir='ltr'>rnultus.</span> <span class='ocrx_word' id='word_1_148' title='bbox 229 1808 312 1883; x_wconf 78' lang='lat' dir='ltr'>eligit</span> <span class='ocrx_word' id='word_1_149' title='bbox 333 1809 448 1884; x_wconf 91' lang='lat' dir='ltr'>aliquid</span> <span class='ocrx_word' id='word_1_150' title='bbox 468 1809 540 1869; x_wconf 93' lang='lat' dir='ltr'>novi</span> <span class='ocrx_word' id='word_1_151' title='bbox 556 1825 664 1883; x_wconf 89' lang='lat' dir='ltr'>casus,</span> <span class='ocrx_word' id='word_1_152' title='bbox 680 1825 736 1885; x_wconf 88' lang='lat' dir='ltr'>per</span> <span class='ocrx_word' id='word_1_153' title='bbox 752 1810 835 1884; x_wconf 90' lang='lat' dir='ltr'>quod</span> <span class='ocrx_word' id='word_1_154' title='bbox 851 1810 935 1869; x_wconf 88' lang='lat' dir='ltr'>velut</span> <span class='ocrx_word' id='word_1_155' title='bbox 949 1809 1051 1869; x_wconf 92' lang='lat' dir='ltr'>oblitis</span> 
     </span>
     <span class='ocr_line' id='line_1_20' title="bbox 61 1891 1084 1968; baseline 0.002 -15"><span class='ocrx_word' id='word_1_156' title='bbox 61 1895 144 1954; x_wconf 88' lang='lat' dir='ltr'>vires</span> <span class='ocrx_word' id='word_1_157' title='bbox 160 1908 234 1953; x_wconf 89' lang='lat' dir='ltr'>suas</span> <span class='ocrx_word' id='word_1_158' title='bbox 250 1893 376 1966; x_wconf 86' lang='lat' dir='ltr'>ingerat.</span> <span class='ocrx_word' id='word_1_159' title='bbox 419 1892 569 1967; x_wconf 83' lang='lat' dir='ltr'>Quicquid</span> <span class='ocrx_word' id='word_1_160' title='bbox 589 1895 682 1968; x_wconf 91' lang='lat' dir='ltr'>longa</span> <span class='ocrx_word' id='word_1_161' title='bbox 703 1895 800 1953; x_wconf 87' lang='lat' dir='ltr'>series</span> <span class='ocrx_word' id='word_1_162' title='bbox 823 1895 924 1953; x_wconf 92' lang='lat' dir='ltr'>multis</span> <span class='ocrx_word' id='word_1_163' title='bbox 940 1891 1050 1953; x_wconf 89' lang='lat' dir='ltr'>labori·</span> <span class='ocrx_word' id='word_1_164' title='bbox 1066 1900 1084 1955; x_wconf 88' lang='lat'><strong>6</strong></span> 
     </span>
     <span class='ocr_line' id='line_1_21' title="bbox 58 1977 1052 2052; baseline 0.002 -16"><span class='ocrx_word' id='word_1_165' title='bbox 58 1978 129 2051; x_wconf 77' lang='lat' dir='ltr'>buS,</span> <span class='ocrx_word' id='word_1_166' title='bbox 143 1979 237 2037; x_wconf 86' lang='lat' dir='ltr'>multa</span> <span class='ocrx_word' id='word_1_167' title='bbox 252 1977 343 2036; x_wconf 89' lang='lat' dir='ltr'>deum</span> <span class='ocrx_word' id='word_1_168' title='bbox 356 1977 545 2051; x_wconf 87' lang='lat' dir='ltr'>indulgentia</span> <span class='ocrx_word' id='word_1_169' title='bbox 561 1979 683 2049; x_wconf 88' lang='lat' dir='ltr'>struxit,</span> <span class='ocrx_word' id='word_1_170' title='bbox 709 1978 741 2037; x_wconf 92' lang='lat' dir='ltr'>id</span> <span class='ocrx_word' id='word_1_171' title='bbox 755 1995 836 2038; x_wconf 93' lang='lat' dir='ltr'>unus</span> <span class='ocrx_word' id='word_1_172' title='bbox 853 1977 920 2038; x_wconf 90' lang='lat' dir='ltr'>dics</span> <span class='ocrx_word' id='word_1_173' title='bbox 934 1977 1052 2052; x_wconf 88' lang='lat' dir='ltr'>spargit</span> 
     </span>
     <span class='ocr_line' id='line_1_22' title="bbox 59 2059 1050 2137; baseline 0.001 -16"><span class='ocrx_word' id='word_1_174' title='bbox 59 2078 97 2121; x_wconf 92' lang='lat' dir='ltr'>ac</span> <span class='ocrx_word' id='word_1_175' title='bbox 121 2060 268 2136; x_wconf 79' lang='lat' dir='ltr'>dissipat:</span> <span class='ocrx_word' id='word_1_176' title='bbox 301 2062 423 2135; x_wconf 82' lang='lat' dir='ltr'>longam</span> <span class='ocrx_word' id='word_1_177' title='bbox 443 2076 561 2123; x_wconf 89' lang='lat' dir='ltr'>moram</span> <span class='ocrx_word' id='word_1_178' title='bbox 581 2062 665 2122; x_wconf 91' lang='lat' dir='ltr'>dedit</span> <span class='ocrx_word' id='word_1_179' title='bbox 689 2062 778 2122; x_wconf 90' lang='lat' dir='ltr'>malis</span> <span class='ocrx_word' id='word_1_180' title='bbox 804 2059 1050 2137; x_wconf 70' lang='lat' dir='ltr'>properantibus</span> 
     </span>
     <span class='ocr_line' id='line_1_23' title="bbox 60 2144 1050 2223; baseline 0.001 -18"><span class='ocrx_word' id='word_1_181' title='bbox 60 2146 113 2221; x_wconf 94' lang='lat' dir='ltr'>qui</span> <span class='ocrx_word' id='word_1_182' title='bbox 129 2145 211 2204; x_wconf 91' lang='lat' dir='ltr'>diem</span> <span class='ocrx_word' id='word_1_183' title='bbox 226 2144 316 2204; x_wconf 83' lang='lat' dir='ltr'>dixit:</span> <span class='ocrx_word' id='word_1_184' title='bbox 346 2144 422 2205; x_wconf 88' lang='lat' dir='ltr'>hora</span> <span class='ocrx_word' id='word_1_185' title='bbox 444 2153 691 2223; x_wconf 90' lang='lat' dir='ltr'>momentumque</span> <span class='ocrx_word' id='word_1_186' title='bbox 712 2146 859 2221; x_wconf 89' lang='lat' dir='ltr'>temporis</span> <span class='ocrx_word' id='word_1_187' title='bbox 876 2145 1050 2206; x_wconf 88' lang='lat' dir='ltr'>evertendis</span> 
     </span>
     <span class='ocr_line' id='line_1_24' title="bbox 58 2226 1049 2306; baseline 0.003 -18"><span class='ocrx_word' id='word_1_188' title='bbox 58 2228 197 2303; x_wconf 89' lang='lat' dir='ltr'>imperiis</span> <span class='ocrx_word' id='word_1_189' title='bbox 218 2226 341 2289; x_wconf 82' lang='lat' dir='ltr'>suflicit.</span> <span class='ocrx_word' id='word_1_190' title='bbox 382 2237 467 2289; x_wconf 89' lang='lat' dir='ltr'>esset</span> <span class='ocrx_word' id='word_1_191' title='bbox 489 2231 615 2306; x_wconf 87' lang='lat' dir='ltr'>aliquod</span> <span class='ocrx_word' id='word_1_192' title='bbox 637 2230 839 2291; x_wconf 84' lang='lat' dir='ltr'>inbecillitatis</span> <span class='ocrx_word' id='word_1_193' title='bbox 859 2236 984 2291; x_wconf 91' lang='lat' dir='ltr'>nostrae</span> <span class='ocrx_word' id='word_1_194' title='bbox 999 2246 1049 2291; x_wconf 93' lang='lat' dir='ltr'>so-</span> 
     </span>
     <span class='ocr_line' id='line_1_25' title="bbox 57 2314 1050 2390; baseline 0.003 -18"><span class='ocrx_word' id='word_1_195' title='bbox 57 2314 164 2373; x_wconf 88' lang='lat' dir='ltr'>latium</span> <span class='ocrx_word' id='word_1_196' title='bbox 180 2328 345 2387; x_wconf 90' lang='lat' dir='ltr'>rerumque</span> <span class='ocrx_word' id='word_1_197' title='bbox 361 2319 549 2387; x_wconf 90' lang='lat' dir='ltr'>nostrarum,</span> <span class='ocrx_word' id='word_1_198' title='bbox 565 2315 592 2374; x_wconf 92' lang='lat' dir='ltr'>si</span> <span class='ocrx_word' id='word_1_199' title='bbox 608 2321 667 2374; x_wconf 91' lang='lat' dir='ltr'>tam</span> <span class='ocrx_word' id='word_1_200' title='bbox 684 2315 770 2376; x_wconf 87' lang='lat' dir='ltr'>tarde</span> <span class='ocrx_word' id='word_1_201' title='bbox 791 2315 927 2390; x_wconf 88' lang='lat' dir='ltr'>perirent</span> <span class='ocrx_word' id='word_1_202' title='bbox 940 2322 1050 2375; x_wconf 87' lang='lat' dir='ltr'>cuncta</span> 
     </span>
     <span class='ocr_line' id='line_1_26' title="bbox 59 2395 1049 2472; baseline 0 -15"><span class='ocrx_word' id='word_1_203' title='bbox 59 2413 153 2472; x_wconf 90' lang='lat' dir='ltr'>quum</span> <span class='ocrx_word' id='word_1_204' title='bbox 168 2397 260 2458; x_wconf 82' lang='lat' dir='ltr'>liunt:</span> <span class='ocrx_word' id='word_1_205' title='bbox 287 2413 369 2457; x_wconf 94' lang='lat' dir='ltr'>nunc</span> <span class='ocrx_word' id='word_1_206' title='bbox 389 2395 576 2458; x_wconf 88' lang='lat' dir='ltr'>incrementa</span> <span class='ocrx_word' id='word_1_207' title='bbox 592 2399 673 2458; x_wconf 89' lang='lat' dir='ltr'>lente</span> <span class='ocrx_word' id='word_1_208' title='bbox 689 2407 817 2471; x_wconf 89' lang='lat' dir='ltr'>exeunt,</span> <span class='ocrx_word' id='word_1_209' title='bbox 843 2398 1004 2458; x_wconf 81' lang='lat' dir='ltr'>festinetur</span> <span class='ocrx_word' id='word_1_210' title='bbox 1018 2399 1049 2457; x_wconf 92' lang='lat' dir='ltr'>in</span> 
     </span>
     <span class='ocr_line' id='line_1_27' title="bbox 59 2481 1080 2557; baseline 0.003 -17"><span class='ocrx_word' id='word_1_211' title='bbox 59 2482 214 2540; x_wconf 86' lang='lat' dir='ltr'>damnum.</span> <span class='ocrx_word' id='word_1_212' title='bbox 254 2481 333 2540; x_wconf 90' lang='lat' dir='ltr'>Nihil</span> <span class='ocrx_word' id='word_1_213' title='bbox 352 2481 507 2555; x_wconf 88' lang='lat' dir='ltr'>privatim,</span> <span class='ocrx_word' id='word_1_214' title='bbox 532 2481 605 2541; x_wconf 92' lang='lat' dir='ltr'>nihil</span> <span class='ocrx_word' id='word_1_215' title='bbox 628 2483 748 2557; x_wconf 86' lang='lat' dir='ltr'>publice</span> <span class='ocrx_word' id='word_1_216' title='bbox 765 2481 873 2541; x_wconf 87' lang='lat' dir='ltr'>stabile</span> <span class='ocrx_word' id='word_1_217' title='bbox 888 2489 944 2541; x_wconf 90' lang='lat' dir='ltr'>est.</span> <span class='ocrx_word' id='word_1_218' title='bbox 988 2488 1047 2540; x_wconf 93' lang='lat' dir='ltr'>tam</span> <span class='ocrx_word' id='word_1_219' title='bbox 1064 2487 1080 2543; x_wconf 87' lang='grc'><strong>7</strong></span> 
     </span>
     <span class='ocr_line' id='line_1_28' title="bbox 56 2564 1048 2641; baseline -0.002 -17"><span class='ocrx_word' id='word_1_220' title='bbox 56 2564 216 2625; x_wconf 90' lang='lat' dir='ltr'>hominnm</span> <span class='ocrx_word' id='word_1_221' title='bbox 231 2581 322 2641; x_wconf 93' lang='lat' dir='ltr'>quam</span> <span class='ocrx_word' id='word_1_222' title='bbox 336 2565 457 2625; x_wconf 90' lang='lat' dir='ltr'>urbium</span> <span class='ocrx_word' id='word_1_223' title='bbox 473 2567 535 2625; x_wconf 87' lang='lat' dir='ltr'>lata</span> <span class='ocrx_word' id='word_1_224' title='bbox 550 2566 720 2625; x_wconf 84' lang='lat' dir='ltr'>volvuntur.</span> <span class='ocrx_word' id='word_1_225' title='bbox 746 2565 824 2623; x_wconf 87' lang='lat' dir='ltr'>inter</span> <span class='ocrx_word' id='word_1_226' title='bbox 839 2564 1048 2637; x_wconf 89' lang='lat' dir='ltr'>placidissima</span> 
     </span>
     <span class='ocr_line' id='line_1_29' title="bbox 57 2647 1047 2724; baseline -0.004 -15"><span class='ocrx_word' id='word_1_227' title='bbox 57 2656 158 2709; x_wconf 88' lang='lat' dir='ltr'>terror</span> <span class='ocrx_word' id='word_1_228' title='bbox 173 2647 293 2709; x_wconf 88' lang='lat' dir='ltr'>exsistit</span> <span class='ocrx_word' id='word_1_229' title='bbox 313 2649 449 2724; x_wconf 93' lang='lat' dir='ltr'>nihilque</span> <span class='ocrx_word' id='word_1_230' title='bbox 470 2655 556 2707; x_wconf 90' lang='lat' dir='ltr'>extra</span> <span class='ocrx_word' id='word_1_231' title='bbox 570 2648 822 2708; x_wconf 91' lang='lat' dir='ltr'>tumultuantibus</span> <span class='ocrx_word' id='word_1_232' title='bbox 839 2647 941 2706; x_wconf 91' lang='lat' dir='ltr'>causis</span> <span class='ocrx_word' id='word_1_233' title='bbox 958 2648 1047 2720; x_wconf 86' lang='lat' dir='ltr'>mala,</span> 
     </span>
     <span class='ocr_line' id='line_1_30' title="bbox 56 2730 1048 2808; baseline -0.004 -15"><span class='ocrx_word' id='word_1_234' title='bbox 56 2734 140 2793; x_wconf 91' lang='lat' dir='ltr'>unde</span> <span class='ocrx_word' id='word_1_235' title='bbox 155 2733 278 2792; x_wconf 91' lang='lat' dir='ltr'>minime</span> <span class='ocrx_word' id='word_1_236' title='bbox 295 2732 566 2808; x_wconf 87' lang='lat' dir='ltr'>exspectabantur,</span> <span class='ocrx_word' id='word_1_237' title='bbox 588 2737 758 2805; x_wconf 89' lang='lat' dir='ltr'>erumpunt.</span> <span class='ocrx_word' id='word_1_238' title='bbox 805 2745 885 2805; x_wconf 90' lang='lat' dir='ltr'>quae</span> <span class='ocrx_word' id='word_1_239' title='bbox 902 2730 1048 2792; x_wconf 90' lang='lat' dir='ltr'>domesti-</span> 
     </span>
     <span class='ocr_line' id='line_1_31' title="bbox 57 2814 1046 2891; baseline 0 -14"><span class='ocrx_word' id='word_1_240' title='bbox 57 2817 102 2877; x_wconf 90' lang='lat' dir='ltr'>cis</span> <span class='ocrx_word' id='word_1_241' title='bbox 119 2817 208 2877; x_wconf 91' lang='lat' dir='ltr'>bellis</span> <span class='ocrx_word' id='word_1_242' title='bbox 224 2824 371 2878; x_wconf 86' lang='lat' dir='ltr'>steterant</span> <span class='ocrx_word' id='word_1_243' title='bbox 385 2832 498 2891; x_wconf 89' lang='lat' dir='ltr'>regnu,</span> <span class='ocrx_word' id='word_1_244' title='bbox 520 2832 601 2891; x_wconf 90' lang='lat' dir='ltr'>quae</span> <span class='ocrx_word' id='word_1_245' title='bbox 617 2816 767 2889; x_wconf 87' lang='lat' dir='ltr'>externis,</span> <span class='ocrx_word' id='word_1_246' title='bbox 783 2814 949 2890; x_wconf 89' lang='lat' dir='ltr'>inpellente</span> <span class='ocrx_word' id='word_1_247' title='bbox 963 2818 1046 2877; x_wconf 93' lang='lat' dir='ltr'>nullo</span> 
     </span>
     <span class='ocr_line' id='line_1_32' title="bbox 55 2899 1047 2977; baseline 0 -17"><span class='ocrx_word' id='word_1_248' title='bbox 55 2908 158 2962; x_wconf 90' lang='lat' dir='ltr'>ruunt.</span> <span class='ocrx_word' id='word_1_249' title='bbox 200 2909 439 2977; x_wconf 84' lang='lat' dir='ltr'>quotaquaeque</span> <span class='ocrx_word' id='word_1_250' title='bbox 460 2900 632 2961; x_wconf 82' lang='lat' dir='ltr'>felicitatem</span> <span class='ocrx_word' id='word_1_251' title='bbox 650 2899 756 2963; x_wconf 86' lang='lat' dir='ltr'>civitas</span> <span class='ocrx_word' id='word_1_252' title='bbox 772 2899 916 2974; x_wconf 78' lang='lat' dir='ltr'>pertulitt</span> <span class='ocrx_word' id='word_1_253' title='bbox 959 2899 1047 2975; x_wconf 87' lang='lat' dir='ltr'>Cogi·</span> 
     </span>
     <span class='ocr_line' id='line_1_33' title="bbox 55 2984 1047 3060; baseline -0.001 -16"><span class='ocrx_word' id='word_1_254' title='bbox 55 2985 151 3045; x_wconf 82' lang='lat' dir='ltr'>tanda</span> <span class='ocrx_word' id='word_1_255' title='bbox 166 3001 239 3060; x_wconf 90' lang='lat' dir='ltr'>ergo</span> <span class='ocrx_word' id='word_1_256' title='bbox 257 2992 328 3046; x_wconf 92' lang='lat' dir='ltr'>sunt</span> <span class='ocrx_word' id='word_1_257' title='bbox 343 2986 444 3045; x_wconf 90' lang='lat' dir='ltr'>omnia</span> <span class='ocrx_word' id='word_1_258' title='bbox 457 2992 488 3044; x_wconf 87' lang='grc' dir='ltr'><strong>ει</strong></span> <span class='ocrx_word' id='word_1_259' title='bbox 505 2986 623 3044; x_wconf 88' lang='lat' dir='ltr'>animus</span> <span class='ocrx_word' id='word_1_260' title='bbox 639 2984 789 3044; x_wconf 88' lang='lat' dir='ltr'>adversus</span> <span class='ocrx_word' id='word_1_261' title='bbox 805 3000 855 3055; x_wconf 87' lang='lat' dir='ltr'>ea,</span> <span class='ocrx_word' id='word_1_262' title='bbox 879 3000 960 3060; x_wconf 88' lang='lat' dir='ltr'>quae</span> <span class='ocrx_word' id='word_1_263' title='bbox 974 3000 1047 3059; x_wconf 92' lang='lat' dir='ltr'>pos·</span> 
     </span>
     <span class='ocr_line' id='line_1_34' title="bbox 38 3060 1080 3145; baseline -0.001 -16"><span class='ocrx_word' id='word_1_264' title='bbox 38 3060 132 3130; x_wconf 84' lang='lat' dir='ltr'>&#39;sunt</span> <span class='ocrx_word' id='word_1_265' title='bbox 146 3071 278 3144; x_wconf 88' lang='lat' dir='ltr'>evenire,</span> <span class='ocrx_word' id='word_1_266' title='bbox 296 3070 475 3130; x_wconf 88' lang='lat' dir='ltr'>firmandus.</span> <span class='ocrx_word' id='word_1_267' title='bbox 514 3068 621 3137; x_wconf 78' lang='lat' dir='ltr'>Exilia,</span> <span class='ocrx_word' id='word_1_268' title='bbox 637 3075 794 3141; x_wconf 88' lang='lat' dir='ltr'>tormenta,</span> <span class='ocrx_word' id='word_1_269' title='bbox 810 3069 944 3145; x_wconf 90' lang='lat' dir='ltr'>morbos,</span> <span class='ocrx_word' id='word_1_270' title='bbox 958 3069 1080 3143; x_wconf 72' lang='lat' dir='ltr'>bellas</span> 
     </span>
     <span class='ocr_line' id='line_1_35' title="bbox 55 3151 1046 3229; baseline 0 -17"><span class='ocrx_word' id='word_1_271' title='bbox 55 3153 219 3228; x_wconf 83' lang='lat' dir='ltr'>naufragia</span> <span class='ocrx_word' id='word_1_272' title='bbox 230 3155 385 3214; x_wconf 86' lang='lat' dir='ltr'>meditare.</span> <span class='ocrx_word' id='word_1_273' title='bbox 419 3160 565 3229; x_wconf 89' lang='lat' dir='ltr'>potestte</span> <span class='ocrx_word' id='word_1_274' title='bbox 581 3151 706 3227; x_wconf 87' lang='lat' dir='ltr'>patriae,</span> <span class='ocrx_word' id='word_1_275' title='bbox 726 3158 829 3228; x_wconf 89' lang='lat' dir='ltr'>potest</span> <span class='ocrx_word' id='word_1_276' title='bbox 848 3152 975 3229; x_wconf 89' lang='lat' dir='ltr'>patriam</span> <span class='ocrx_word' id='word_1_277' title='bbox 992 3153 1046 3215; x_wconf 90' lang='lat' dir='ltr'>tibi</span> 
     </span>
     <span class='ocr_line' id='line_1_36' title="bbox 55 3236 1046 3313; baseline -0.002 -15"><span class='ocrx_word' id='word_1_278' title='bbox 55 3254 150 3298; x_wconf 86' lang='lat' dir='ltr'>casus</span> <span class='ocrx_word' id='word_1_279' title='bbox 164 3237 295 3312; x_wconf 88' lang='lat' dir='ltr'>eripere.</span> <span class='ocrx_word' id='word_1_280' title='bbox 340 3245 491 3313; x_wconf 89' lang='lat' dir='ltr'>potestte</span> <span class='ocrx_word' id='word_1_281' title='bbox 513 3236 543 3295; x_wconf 93' lang='lat' dir='ltr'>in</span> <span class='ocrx_word' id='word_1_282' title='bbox 566 3236 748 3298; x_wconf 83' lang='lat' dir='ltr'>solitudines</span> <span class='ocrx_word' id='word_1_283' title='bbox 769 3236 900 3298; x_wconf 87' lang='lat' dir='ltr'>abicere.</span> <span class='ocrx_word' id='word_1_284' title='bbox 943 3243 1046 3312; x_wconf 89' lang='lat' dir='ltr'>potest</span> 
     </span>
     <span class='ocr_line' id='line_1_37' title="bbox 53 3320 1046 3397; baseline 0.001 -16"><span class='ocrx_word' id='word_1_285' title='bbox 53 3321 115 3382; x_wconf 93' lang='lat' dir='ltr'>hoc</span> <span class='ocrx_word' id='word_1_286' title='bbox 131 3322 249 3397; x_wconf 92' lang='lat' dir='ltr'>ipsum,</span> <span class='ocrx_word' id='word_1_287' title='bbox 265 3322 296 3381; x_wconf 93' lang='lat' dir='ltr'>in</span> <span class='ocrx_word' id='word_1_288' title='bbox 313 3339 374 3397; x_wconf 92' lang='lat' dir='ltr'>quo</span> <span class='ocrx_word' id='word_1_289' title='bbox 390 3321 479 3382; x_wconf 89' lang='lat' dir='ltr'>turba</span> <span class='ocrx_word' id='word_1_290' title='bbox 498 3321 695 3394; x_wconf 87' lang='lat' dir='ltr'>subloeatur,</span> <span class='ocrx_word' id='word_1_291' title='bbox 710 3320 777 3380; x_wconf 86' lang='lat' dir='ltr'>lieri</span> <span class='ocrx_word' id='word_1_292' title='bbox 792 3322 935 3384; x_wconf 91' lang='lat' dir='ltr'>solitudo.</span> <span class='ocrx_word' id='word_1_293' title='bbox 969 3321 1046 3382; x_wconf 83' lang='lat' dir='ltr'>Tota</span> 
     </span>
     <span class='ocr_line' id='line_1_38' title="bbox 54 3406 1043 3481; baseline -0.002 -16"><span class='ocrx_word' id='word_1_294' title='bbox 54 3414 126 3467; x_wconf 87' lang='lat' dir='ltr'>ante</span> <span class='ocrx_word' id='word_1_295' title='bbox 150 3407 260 3467; x_wconf 88' lang='lat' dir='ltr'>oculos</span> <span class='ocrx_word' id='word_1_296' title='bbox 286 3407 377 3467; x_wconf 86' lang='lat' dir='ltr'>sortis</span> <span class='ocrx_word' id='word_1_297' title='bbox 398 3406 549 3468; x_wconf 90' lang='lat' dir='ltr'>humanae</span> <span class='ocrx_word' id='word_1_298' title='bbox 573 3406 713 3467; x_wconf 90' lang='lat' dir='ltr'>condicio</span> <span class='ocrx_word' id='word_1_299' title='bbox 728 3413 859 3481; x_wconf 85' lang='lat' dir='ltr'>ponetur</span> <span class='ocrx_word' id='word_1_300' title='bbox 872 3421 929 3466; x_wconf 90' lang='lat' dir='ltr'>nec</span> <span class='ocrx_word' id='word_1_301' title='bbox 947 3421 1043 3480; x_wconf 86' lang='lat' dir='ltr'>quun-</span> 
     </span>
     <span class='ocr_line' id='line_1_39' title="bbox 52 3490 1043 3568; baseline -0.005 -17"><span class='ocrx_word' id='word_1_302' title='bbox 52 3498 118 3551; x_wconf 94' lang='lat' dir='ltr'>tum</span> <span class='ocrx_word' id='word_1_303' title='bbox 134 3492 311 3567; x_wconf 78' lang='lat' dir='ltr'>frequenter</span> <span class='ocrx_word' id='word_1_304' title='bbox 326 3492 437 3566; x_wconf 88' lang='lat' dir='ltr'>evenit,</span> <span class='ocrx_word' id='word_1_305' title='bbox 450 3491 507 3553; x_wconf 92' lang='lat' dir='ltr'>sed</span> <span class='ocrx_word' id='word_1_306' title='bbox 520 3499 664 3568; x_wconf 90' lang='lat' dir='ltr'>quantum</span> <span class='ocrx_word' id='word_1_307' title='bbox 680 3490 841 3568; x_wconf 86' lang='lat' dir='ltr'>plurimum</span> <span class='ocrx_word' id='word_1_308' title='bbox 854 3497 956 3567; x_wconf 86' lang='lat' dir='ltr'>potest</span> <span class='ocrx_word' id='word_1_309' title='bbox 971 3500 1043 3548; x_wconf 85' lang='lat' dir='ltr'>cve·</span> 
     </span>
    </p>
   </div>
   <div class='ocr_carea' id='block_1_4' title="bbox 0 0 1216 3862">
    <p class='ocr_par' dir='ltr' id='par_1_4' title="bbox 0 0 1216 3862">
     <span class='ocr_line' id='line_1_40' title="bbox 0 0 1216 3862; baseline 0 1"><span class='ocrx_word' id='word_1_310' title='bbox 0 0 1216 3862; x_wconf 95' lang='lat' dir='ltr'> </span> 
     </span>
    </p>
   </div>
  </div>
 </body>
</html>
