2422 3862
266 236 435 298 unsrun.
450 236 545 298 moa.
567 238 641 297 ura.
652 237 730 297 x111.
753 237 810 298 ue.
823 246 874 314 n(
912 244 933 311 .)
1031 237 1094 304 237

114 389 330 452 decentissime
345 391 497 451 diceretur
512 391 656 464 adspexit
676 406 737 450 nec
749 392 901 466 agricolas
917 391 1031 453 docere
1045 410 1100 455 vo·

112 477 182 547 luit,
207 477 263 536 sed
283 477 419 550 legentes
436 475 599 536 delectare.
637 490 720 550 nam,
743 477 856 535 utalia
878 477 981 536 omnia
1001 480 1142 539 trans-16

113 576 189 634 eam,
204 560 265 620 hoc
281 560 362 635 quod
379 558 450 618 mihi
465 558 558 619 hodie
572 574 703 619 necesse
720 561 775 620 luit
789 559 1030 635 deprehendere,
1047 563 1100 622 ad-

112 645 260 705 scribam:

154 729 318 802 ceresolas
331 731 406 789 satio
420 735 479 789 est:
500 734 570 788 tunc
587 734 615 787 lc
632 744 760 804 quoque,
781 729 911 802 medae,
933 736 1037 804 putres

156 816 309 889 compium
321 816 398 874 sulci
413 819 444 873 et
457 815 538 873 milio
553 815 632 872 venit
646 829 750 872 annuc
763 829 850 873 cura.
1060 808 1063 813 ’

112 899 161 959 An
179 914 241 958 uno
257 905 396 973 tempore
411 897 470 956 ista
492 897 636 971 ponenda
657 896 763 956 sint‘et
776 912 814 955 an
830 899 990 974 utriusque
1007 914 1101 958 verna
1189 941 1193 949 ‚

113 983 153 1043 sit
175 982 268 1054 satio,
286 982 357 1041 hinc
373 981 517 1040 aestimes
532 980 617 1040 lieet:
640 980 744 1041 lunius
759 982 875 1041 mensis
891 991 953 1056 est,
970 998 1031 1057 quo
1047 980 1101 1043 libi

113 1066 232 1140 scribo,
265 1066 325 1125 iam
353 1066 509 1139 proclivus
531 1063 561 1123 in
575 1065 698 1126 lulium:
729 1065 838 1126 eodem
854 1067 904 1127 die
923 1067 987 1126 vidi
1001 1066 1101 1126 fabam

113 1157 272 1224 metentes,
287 1149 400 1208 milium
416 1158 565 1210 serentes.
597 1149 648 1208 Ad
663 1150 842 1210 olivetum
858 1159 1003 1226 revertar,
1018 1150 1102 1226 quod
1110 1158 1144 1215 17

112 1235 195 1294 vidi
211 1234 365 1294 duobus
380 1233 504 1294 modis
520 1232 754 1308 depositum:
771 1250 948 1310 magnarum
959 1235 1103 1296 arborum

113 1328 240 1380 huncos
266 1319 454 1379 circumcisis
482 1319 575 1378 ramis
603 1326 633 1379 et
658 1318 698 1377 ad
722 1335 814 1378 unum
836 1320 970 1381 redactis
991 1321 1103 1394 pedem

115 1420 184 1466 cum
198 1419 276 1478 rapo
292 1419 349 1464 suo
365 1403 518 1464 transtulit
538 1401 701 1478 amputatis
722 1403 892 1477 radicibus,
915 1405 1020 1465 relicto
1037 1412 1102 1463 tan·

114 1496 177 1549 tum
194 1488 293 1563 capite
307 1487 388 1562 ipso,
405 1503 443 1546 ex
459 1504 520 1563 quo
536 1487 606 1547 illae
622 1488 841 1561 pependerant.
884 1488 944 1549 hoc
960 1488 1031 1546 fimo
1047 1487 1103 1546 tin-

115 1580 195 1632 ctum
220 1573 250 1631 in
279 1572 420 1632 scrobem
442 1571 579 1644 demisit,
606 1570 718 1630 deinde
743 1577 854 1631 terram
877 1588 939 1631 non
966 1571 1105 1644 adgessit

116 1664 244 1731 tantum,
271 1657 326 1716 sed
356 1656 485 1716 calcavit
509 1663 539 1716 et
564 1654 686 1729 pressit.
729 1655 826 1729 Negat
847 1656 1011 1730 quicquam
1033 1667 1147 1722 essem

114 1743 189 1816 hac,
210 1748 243 1801 ut
257 1742 313 1812 ait,
336 1739 524 1815 spissatione
538 1739 711 1799 efficacius:
727 1739 869 1799 videlicet
883 1739 979 1814 frigus
1000 1738 1103 1799 exclu-

117 1827 159 1886 dit
179 1832 210 1885 et
224 1832 357 1885 ventum.
396 1825 497 1884 minus
519 1831 679 1898 praeterea
697 1830 837 1884 movetur
857 1832 887 1885 et
909 1823 949 1884 ob
969 1822 1029 1884 hoo
1050 1837 1103 1882 na·

96 1918 238 1969 scentes
259 1909 381 1969 radices
402 1908 528 1983 prodire
548 1908 661 1984 patitur
681 1923 717 1967 ac
739 1907 839 1969 solum
860 1906 1102 1983 adprehendere,

118 2009 196 2068 quas
211 2009 343 2054 necesse
358 2001 406 2053 est
426 2008 533 2052 cereas
552 1991 653 2052 adhuc
674 1997 704 2050 et
727 1993 867 2066 precario
883 1993 1046 2052 haerentes
1061 1991 1103 2050 le·

114 2079 163 2138 vis
180 2093 304 2153 quoque
318 2078 446 2137 revellat
459 2076 592 2152 agitatio.
627 2092 737 2154 rapum
752 2084 852 2137 autern
867 2077 1003 2148 arboris,
1020 2082 1104 2135 ante·

117 2179 207 2238 quarn
226 2162 343 2237 obruat,
358 2163 445 2222 radit.
484 2176 524 2220 ex
547 2162 628 2221 omni
645 2161 723 2221 enim
739 2163 879 2236 materia,
896 2176 976 2238 quae
991 2159 1105 2219 nudata

116 2255 172 2322 est,
188 2253 221 2306 ut
235 2245 284 2320 ait,
299 2246 421 2319 radices
437 2253 551 2306 exeunt
570 2261 679 2306 novae.
712 2245 780 2304 Non
801 2249 906 2322 plures
930 2252 1031 2306 autem
1052 2261 1103 2304 su·

116 2347 173 2406 per
183 2339 295 2391 terram
313 2332 446 2390 eminere
467 2330 559 2391 debet
579 2338 705 2391 truncus
722 2347 813 2405 quam
829 2340 891 2393 tres
907 2337 959 2391 aut
975 2336 1106 2406 quatuor

116 2416 224 2491 pedes.
256 2415 355 2475 statim
381 2414 461 2474 enim
488 2413 527 2474 ab
554 2414 614 2476 imo
641 2413 788 2476 vestietur
814 2432 871 2476 nec
896 2430 1006 2489 magna
1032 2428 1105 2489 pars

119 2499 376 2574 quemadmodum
404 2500 433 2557 in
460 2499 579 2559 olivetis
604 2499 760 2559 veteribus
789 2501 875 2560 arida
899 2507 930 2560 et
955 2496 1106 2558 retorrida

117 2581 183 2643 erit.
215 2585 301 2649 Alter
316 2583 452 2658 ponendi
466 2583 577 2643 modus
592 2583 642 2643 hic
657 2583 725 2644 luit:
739 2599 843 2644 ramos
860 2585 955 2643 fortes
968 2597 1025 2641 nec
1040 2597 1106 2641 cor·
1114 2594 1148 2649 19

115 2667 186 2728 ticis
202 2666 279 2743 duri,
296 2669 404 2743 quales
421 2682 493 2727 esse
508 2669 696 2727 novellarum
712 2668 857 2728 arborum
871 2667 982 2740 solent,
996 2666 1106 2726 eodem

115 2767 231 2828 genere
246 2752 401 2827 deposuit.
433 2751 464 2810 hi
479 2752 571 2826 paulo
585 2752 702 2812 tardius
718 2759 861 2826 surgunt,
877 2752 933 2813 sed
948 2767 1016 2810 cum
1030 2757 1104 2811 tam-

118 2853 211 2912 quam
227 2854 245 2896 a
259 2839 364 2913 planta
379 2837 595 2912 processerint,
618 2836 691 2896 nihil
707 2837 821 2898 habent
841 2836 871 2897 in
893 2852 928 2898 se
948 2835 1106 2896 horridum

118 2921 280 2981 auttriste.
314 2923 414 2982 Illud
433 2921 652 2981 etiamnunc
672 2922 769 2999 vidi,
789 2922 904 2983 vitem
926 2936 971 2980 ex
992 2921 1150 2988 arbuto

118 3013 179 3067 sto
206 3023 277 3068 suo
304 3023 486 3068 annosam
511 3004 736 3067 transferri.
779 3007 870 3067 huius
893 3005 1108 3080 capillamenta

118 3107 255 3166 quoque,
272 3091 298 3150 si
313 3090 379 3150 lieri
394 3097 505 3167 potest,
523 3088 696 3165 colligenda
711 3097 790 3151 sunt.
825 3091 936 3150 deinde
951 3089 1106 3152 liberalius

117 3175 285 3235 sternenda
303 3175 390 3249 vitis,
412 3183 445 3236 ut
466 3175 555 3235 etlam
571 3191 610 3235 ex
626 3190 757 3250 corpore
771 3176 958 3236 radicescat=
989 3182 1018 3235 et
1044 3172 1107 3234 vidi

63 3295 72 3310 ·
116 3275 179 3318 non
195 3266 311 3319 tantum
331 3275 437 3320 mense
455 3257 622 3320 Februario
644 3260 778 3334 positas,
808 3260 866 3320 sed
887 3260 977 3319 etiam
998 3257 1106 3318 Martio

118 3351 245 3403 exacto:
268 3351 370 3404 tenent
390 3351 420 3404 et
443 3347 613 3419 conplexae
630 3352 703 3404 sunt
722 3361 783 3405 non
800 3360 873 3404 suas
889 3345 1000 3404 ulmos.
1038 3341 1146 3403 Om·2l

72 3429 87 3473 :3
118 3443 175 3486 nes
191 3434 291 3487 autem
303 3427 378 3489 istas
392 3428 529 3502 arbores,
547 3444 635 3504 quae,
651 3428 736 3488 uilla
748 3428 856 3503 dicam,
871 3426 1107 3502 grandiscapiae

88 3507 91 3516 ’
117 3517 200 3585 sunt,
215 3511 256 3571 ait
270 3527 351 3587 aqua
366 3513 557 3574 adiuvandas
572 3510 745 3585 cisternina‚
763 3513 885 3586 quaesi
899 3510 1037 3587 prodest,
1053 3509 1106 3569 ha·
