2422 3862
164 222 229 287 250
461 224 494 283 t.
516 224 663 284 ANNAEI
686 223 863 284 SENECAE

161 379 236 439 les:
262 377 451 451 volgares
466 376 627 451 opificum,
644 392 723 452 quae
738 392 828 434 manu
847 383 989 437 constant
1004 385 1035 438 et
1050 379 1089 438 ad
1104 377 1150 438 in·

161 461 338 522 struendam
358 460 449 519 vitam
471 467 641 534 occupatae
661 469 747 533 sunt,
772 460 801 518 in
824 458 937 534 quibus
957 461 1040 522 nulla
1056 461 1150 522 deco-

119 544 211 620 lthris,
227 545 309 604 nulla
323 543 444 604 honesti
459 544 611 604 simulatio
629 551 685 604 est.
719 543 896 603 ludicrae
911 552 991 618 suut,
1008 561 1088 619 quae
1109 547 1149 606 ad

162 631 348 703 voluptatem
371 629 528 687 oculorum
548 636 641 702 atque
662 629 779 688 aurium
801 614 958 700 tendunt!
981 628 1029 688 his
1052 628 1149 688 adnu-

160 727 260 772 meres
281 710 352 770 licet
374 710 615 786 machinatores,
641 711 693 786 qui
710 719 851 785 pegmata
867 727 972 785 perse
991 711 1149 786 surgentia

159 796 336 870 excogitant
351 800 381 853 et
394 795 527 855 tabulata
542 796 634 854 tacite
645 795 675 854 in
693 795 823 854 sublime
838 796 1008 856 crescentia
1023 803 1054 855 et
1071 797 1148 856 alias

80 949 86 967 ἱ
108 940 112 948 ,
159 896 199 940 ex
214 879 372 954 inopinato
388 879 549 939 varietates
565 886 616 937 aut
637 878 882 951 dehiscentibus,
906 896 987 954 quae
1003 879 1148 939 cohaere·

70 966 106 1046 ‘ts
158 964 241 1036 bant,
268 970 320 1022 aut
334 962 392 1036 his,
419 978 499 1037 quae
513 962 676 1041 distabant,
702 978 760 1023 sua
774 969 886 1037 sponte
901 963 1082 1024 coeuntibus
1097 973 1150 1023 aut

102 1046 106 1055 '
157 1047 216 1121 his,
235 1062 313 1122 quae
327 1045 509 1121 eminebant,
525 1046 670 1121 paulatim
685 1046 716 1105 in
732 1061 767 1105 se
781 1047 998 1108 residentibus.
1039 1047 1088 1107 his
1103 1048 1147 1106 in-

159 1132 326 1206 peritorum
348 1129 500 1199 feriuntur,
517 1130 597 1191 oculi
613 1132 715 1190 omnia
730 1130 847 1204 subita,
871 1132 943 1206 quia
958 1147 1070 1191 causas
1086 1148 1147 1190 non

116 1226 288 1288 hanovere,
314 1210 505 1288 mirantium,¹
538 1213 717 1273 Pueriles
737 1221 810 1274 sunt
824 1223 854 1274 et
868 1214 984 1290 aliquid
998 1213 1146 1275 habentes

158 1298 335 1358 liberalibus
350 1297 449 1357 similo
463 1296 522 1356 hae
537 1305 634 1372 artes,
652 1314 730 1373 quas
749 1293 943 1377 ἐγκυκλίους
958 1298 1065 1358 Graeci
1081 1305 1147 1371 [oo-

158 1389 237 1444 cont.
273 1382 407 1456 Denique
419 1397 496 1456 pnes
510 1385 604 1458 poulo
618 1389 688 1442 onte
702 1384 783 1455 dici,
804 1376 1018 1462 ἐλευθερίους
1034 1383 1147 1458 adpel-

158 1469 225 1527 lant
240 1467 376 1538 θναεείε]
401 1465 496 1525 nostri
514 1465 571 1525 has
585 1465 774 1525 liberales
791 1473 913 1526 vocant.
945 1467 1032 1525 solae
1047 1475 1146 1526 autem

159 1549 347 1610 liberales
361 1556 447 1623 sunt,
470 1549 577 1623 immo,
594 1556 627 1610 ut
641 1550 741 1609 dicam
756 1549 876 1623 verius,
897 1549 1059 1621 liberae,
1080 1551 1146 1623 qui-

114 1633 215 1694 asbus
234 1648 326 1693 curae
341 1632 439 1693 virtus
455 1640 512 1692 εει.
551 1633 843 1707 „Quemadmodum
861 1632 966 1708 inquit,
982 1639 1029 1691 est
1042 1633 1147 1706 aliqua

157 1733 230 1794 pars
248 1716 465 1792 philosophiae
483 1718 639 1791 naturalis,
655 1726 703 1778 est
716 1718 818 1793 aliqua
833 1717 964 1788 moralis,
983 1722 1032 1774 est
1043 1716 1148 1790 aliqua

156 1801 323 1874 rationalis,
345 1799 390 1861 sic
405 1809 436 1861 et
455 1799 534 1861 haec
551 1817 676 1876 quoque
691 1802 858 1862 liberalium
876 1800 982 1861 artium
997 1798 1088 1858 turba
1103 1800 1146 1858 lo·

157 1901 225 1945 cum
243 1886 301 1945 sibi
316 1884 346 1944 in
363 1885 560 1960 philosophia
576 1885 718 1947 vindicat.
759 1902 827 1955 cum
842 1892 965 1945 ventum
978 1890 1026 1943 est
1040 1882 1079 1942 ad
1095 1900 1147 1942 na-

156 1971 270 2030 turales
289 1970 503 2043 quaestiones,
529 1970 715 2044 geometriae
731 1969 905 2030 testimonio
922 1974 1033 2028 statur:
1062 1983 1146 2041 ergo,

116 2053 230 2127 25quio
256 2053 396 2128 adiuvat,
422 2069 495 2128 pars
523 2057 600 2113 est.“
644 2053 739 2114 Multa
759 2054 905 2114 adiuvant
922 2068 980 2112 nos
1002 2066 1060 2111 nec
1075 2051 1146 2110 ideo

157 2143 259 2211 partes
276 2144 399 2197 nostrae
414 2145 493 2197 sunl.
532 2137 623 2196 immo
641 2138 667 2197 si
682 2146 784 2213 partes
800 2144 921 2210 essent,
942 2151 1002 2195 non
1021 2133 1146 2194 adiuva·

157 2226 239 2278 rent:
264 2220 351 2281 cibus
367 2221 550 2282 adiuturum
566 2223 707 2297 corporis
722 2231 785 2295 est,
807 2228 984 2282 nontamen
1000 2234 1074 2293 pars
1090 2226 1145 2277 est.

156 2303 283 2379 Aliquid
297 2305 387 2365 nobis
406 2313 541 2380 praestat
555 2305 741 2380 geometriae
755 2305 969 2366 ministerium:
989 2303 1035 2363 sic
1049 2301 1146 2377 philo·

158 2388 287 2463 sophiae
304 2390 481 2450 necessaria
496 2395 552 2464 est,
568 2390 724 2463 quomodo
741 2390 802 2464 ipsi
817 2389 913 2448 faber.
951 2387 1008 2447 sed
1023 2402 1080 2446 neo
1097 2385 1146 2444 hio

113 2473 341 2546 nogeometrlae
371 2489 444 2547 pars
469 2481 516 2533 est
546 2489 603 2532 nec
631 2473 682 2532 illa
707 2471 932 2547 philosophiae.
985 2469 1147 2529 Praeterea

156 2564 286 2633 utraque
308 2557 386 2616 fines
409 2573 484 2617 suos
505 2555 612 2617 habet:
642 2557 766 2631 sapiens
790 2572 901 2616 causas
917 2554 1099 2614 naturalium
1117 2559 1147 2612 et

157 2642 276 2715 quaerit
296 2647 326 2700 et
346 2641 445 2714 novit,
475 2657 604 2715 quorum
625 2656 771 2701 numeros
785 2654 1010 2714 mensurasque
1024 2653 1145 2712 geome

156 2731 218 2785 tres
234 2725 428 2799 persequitur
442 2731 472 2782 et
488 2723 641 2798 subputat.
682 2740 742 2799 qun
757 2724 875 2783 ratione
890 2727 1031 2784 constent
1046 2721 1145 2781 coele·

156 2807 230 2881 stia,
247 2823 326 2882 quae
341 2807 400 2865 illis
416 2807 516 2865 silvis
531 2823 651 2881 quaeve
666 2814 788 2882 natura,
806 2809 932 2883 sapiens
946 2807 1018 2866 scit:
1036 2821 1145 2865 cursus

156 2899 186 2952 et
199 2906 346 2950 recursus
364 2897 393 2948 et
409 2891 557 2963 quasdam
574 2891 822 2965 observationes,
853 2908 908 2966 per
923 2906 1000 2966 quas
1016 2889 1145 2949 descen·

157 2974 232 3034 dunt
246 2981 276 3032 et
296 2972 475 3032 adlevantur
495 2990 532 3033 ac
555 2975 691 3049 speciem
714 2976 862 3035 interdum
890 2973 1032 3035 stantium
1057 2986 1145 3047 prae·

155 3057 237 3131 bent,
254 3072 323 3116 cum
338 3057 524 3117 coelestibus
540 3067 621 3118 stare
636 3075 697 3118 non
712 3059 810 3132 liceat,
829 3061 943 3132 colligit
956 3054 1144 3117 mathemati·

113 3152 221 3213 meus.
264 3155 343 3215 quae
360 3157 454 3202 causa
469 3141 498 3200 in
515 3143 643 3216 speculo
658 3143 807 3217 imagines
824 3143 987 3218 exprimat,
1005 3143 1082 3201 sciet
1097 3156 1145 3200 sa·

157 3225 262 3300 piens=
278 3224 352 3283 illud
370 3225 422 3285 tibi
437 3233 609 3300 geometres
625 3234 730 3300 potest
744 3225 857 3300 dicere,
873 3233 1018 3302 quantum
1034 3225 1146 3283 abesse

156 3308 267 3369 debeat
282 3325 396 3384 corpus
412 3309 450 3369 ab
466 3309 597 3383 imagine
612 3318 642 3370 et
657 3312 756 3385 qualis
779 3311 876 3370 forma
896 3310 1014 3384 speculi
1037 3309 1144 3382 quales

154 3394 301 3468 imagines
322 3393 441 3453 reddat.
485 3409 628 3468 magnum
650 3409 722 3454 esse
742 3395 838 3455 solem
853 3392 1058 3470 philosophus
1074 3408 1146 3466 pro-

153 3477 252 3539 babit:
279 3484 412 3554 quantus
439 3478 492 3551 sit,
519 3477 765 3552 mathematicus,
793 3480 845 3554 qui
869 3495 929 3539 usu
955 3477 1091 3551 quodam
1117 3482 1147 3535 et
