2422 3862
190 207 250 271 146
474 207 511 266 t.
531 204 675 265 ANNAEl
699 202 874 266 SENECAE

188 374 244 421 est.
271 353 381 420 virtute
403 359 487 419 eniih
507 357 652 418 obruitur.
692 357 952 432 Quemadmodum
978 359 1096 419 minuta
1114 359 1166 420 ‘ltr-

187 447 269 505 mina
285 443 406 503 claritas
421 441 497 505 solis
513 442 671 513 obseurat,
687 441 733 502 sic
745 441 886 517 dolores,
896 442 1163 516 'molestissimu-

186 528 250 589 rias
264 525 583 601 virtusm'agnitudine
599 542 655 587 sua
670 526 755 587 elidit
771 528 863 602 'atque
878 525 1021 602 obprimit
1042 520 1072 586 e't
1088 543 1163 602 quo·

189 618 321 687 cumque
336 610 474 683 adfulsit,
489 610 538 669 ibi
558 609 703 685 quiequid
726 608 794 670 sin'e
814 610 865 669 illa
882 610 1026 685 adparet,
1049 611 1163 671 enslin·

188 694 304 772 guitur:
327 710 384 755 nec
406 695 503 768 magis
524 694 616 754 ullam
638 693 807 768 portionem
830 693 943 754 habent
958 693 1163 768 incommoda,

147 803 179 854 21
189 796 258 841 cum
272 780 301 838 in
318 778 458 838 virtutem
472 776 657 851 inciderunt,
679 794 771 852 quam
788 777 908 836 inmari
930 776 1061 838 nimbus.
1098 778 1163 838 Hoc

188 873 221 924 ut
236 863 317 923 scias
334 863 376 921 ita
390 875 476 933 esse,
496 861 535 920 ad
551 876 641 921 omne
656 862 816 936 pulchrum
838 860 998 922 virbonus
1020 861 1088 921 sine
1103 863 1164 922 ullu

190 946 390 1009 cunctatione·
395 953 569 1021 procurret:
592 952 651 1006 stet
665 945 726 1006 illic
741 945 812 1006 lieet
827 945 978 1019 carnifex,
993 951 1053 1006 stet
1067 951 1164 1007 tortor

189 1039 280 1107 atque
301 1031 395 1106 ignis,
419 1029 628 1105 perseverabit
647 1036 705 1089 nec
726 1029 799 1104 quid
818 1044 984 1104 passurus,
1006 1029 1065 1090 sed
1091 1029 1163 1104 quid

189 1116 325 1191 lauturus
340 1114 392 1186 sit,
415 1112 565 1188 adspiciet
578 1120 610 1172 et
629 1129 664 1173 se
678 1113 827 1173 honestae
847 1113 891 1172 rei
910 1113 1162 1188 tamquambono

190 1197 255 1257 viro
272 1197 391 1258 credet:
412 1197 514 1256 utilem
535 1196 616 1256 illam
636 1196 693 1258 sibi
719 1195 879 1268 iudicabit,
902 1203 1010 1271 tutam,
1033 1212 1161 1272 prospe-

188 1299 263 1341 ram.
286 1281 432 1341 Eumdem
443 1281 544 1340 locum
554 1280 679 1340 habebit
692 1280 776 1356 apud
786 1279 869 1340 illum
884 1280 1015 1341 honesta
1029 1296 1092 1355 res,
1106 1281 1162 1340 sed

188 1364 283 1424 tristis
299 1371 390 1440 atque
406 1379 533 1439 aspera,
557 1380 647 1439 quem
662 1365 709 1424 vir
722 1364 822 1425 bobus
837 1378 957 1440 pauper
973 1371 1026 1424 aut
1040 1366 1112 1425 exul
1127 1379 1161 1424 ae

146 1448 333 1524 fflpallidus.
375 1449 517 1522 Agedum
535 1463 616 1521 pone
633 1447 747 1509 exalia
768 1455 853 1524 parte
875 1448 971 1509 virum
987 1448 1103 1508 bonum
1119 1447 1161 1507 di·

142 1525 148 1536 ‘
189 1532 271 1594 viliis
295 1532 513 1603 abundantem,
534 1547 573 1591 ex
595 1535 688 1593 altera
708 1532 780 1592 nihll
801 1528 977 1606 habentem,
998 1531 1059 1592 sed
1080 1531 1109 1590 in
1128 1546 1163 1590 se

190 1617 306 1697 omnia:
331 1610 460 1690 ute'rque
482 1631 582 1690 aeque
609 1617 779 1677 virbonus
802 1615 873 1690 erit,
896 1614 1014 1677 etiamsi
1031 1615 1161 1679 iortuna

189 1700 305 1776 dispari
318 1706 428 1760 utetur.
450 1699 545 1774 idem,
562 1707 595 1760 ut
608 1700 682 1769 dixi,
698 1702 729 1760 in
744 1699 836 1761 rebus
851 1700 996 1760 iudicium
1007 1706 1064 1777 est,
1077 1699 1160 1777 quod

188 1785 217 1844 in
234 1783 424 1844 hominibus:
447 1798 545 1856 aeque
560 1783 720 1846 laudabilis
735 1784 829 1845 virtus
849 1792 898 1845 est
917 1782 947 1843 in
964 1799 1097 1859 corpore
1112 1801 1163 1844 va-

146 1869 250 1935 mlido
272 1884 309 1928 ac
329 1868 426 1927 libero
448 1867 548 1943 posita
564 1872 654 1942 quam
669 1867 699 1928 in
713 1868 853 1928 morbido
874 1883 910 1928 ae
924 1867 1037 1929 vincto.
1080 1868 1162 1943 Ergo

188 1960 269 2013 tuam
285 1967 410 2028 quoque
425 1952 564 2011 virtutem
579 1967 640 2011 non
654 1952 752 2028 magis
765 1952 920 2025 laudabis,
939 1952 965 2012 sl
977 1966 1094 2030 corpus
1109 1952 1162 2012 illi-

188 2036 291 2097 batum
306 2035 477 2110 [integrum]
501 2036 622 2095 lortuna
641 2035 823 2112 praestiterit
843 2051 934 2112 quam
954 2037 981 2096 si
1002 2052 1043 2096 ex
1055 2037 1163 2111 aliqua

188 2127 275 2195 parte
295 2121 473 2180 mulcatum:
497 2119 631 2195 alioquin
656 2120 716 2179 hoc
738 2120 794 2179 erit
813 2135 852 2180 ex
875 2134 1035 2181 servorum
1057 2119 1163 2180 habitu

189 2203 344 2263 dominum
361 2203 530 2263 aestimare.
560 2203 661 2265 omnia
675 2204 754 2264 enim
770 2204 884 2281 istm-in
900 2219 979 2279 quae
995 2203 1162 2264 dominium

189 2302 283 2347 casus
298 2289 434 2359 exercet,
453 2300 548 2346 serva
571 2294 655 2359 sunt,
678 2289 807 2364 pecunia
827 2295 858 2348 el
878 2303 994 2364 eorpus
1015 2296 1046 2349 et
1065 2288 1161 2349 hono-

188 2386 253 2445 res,
280 2370 434 2444 inbecilla,
461 2369 571 2445 fluida,
598 2371 749 2445 mortalia,
774 2370 986 2447 possessionis
1004 2371 1161 2432 incertae:

188 2454 239 2514 illa
253 2471 361 2516 rursus
375 2454 472 2515 libera
486 2462 516 2514 et
530 2455 641 2515 invicta
657 2472 752 2530 opera
766 2455 900 2528 virtutis,
918 2466 999 2531 quae
1013 2455 1076 2517 nd‘n
1092 2456 1161 2515 ideo

187 2540 284 2615 magis
301 2539 474 2615 adpetenda
488 2545 573 2610 sunt,
598 2540 624 2599 si
638 2539 799 2614 benignius
816 2556 835 2599 a
849 2541 971 2602 lorluna
987 2547 1161 2613 mactantur,

145 2633 180 2687 aa
189 2639 245 2683 nec
260 2625 374 2696 minus,
393 2624 419 2681 si
437 2621 540 2697 aliqua
559 2621 716 2698 iniquitate
737 2638 838 2683 rerum
853 2631 1040 2698 premuntur.
1075 2623 1161 2700 Quod

188 2707 319 2768 amicitia
338 2708 367 2766 in
388 2706 562 2766 hominibus
578 2715 639 2780 est,
659 2707 718 2766 hoc
739 2708 770 2766 in
789 2708 881 2768 rebus
896 2708 1056 2783 adpetitio.
1090 2724 1160 2781 non,

188 2799 272 2867 puto,
288 2792 385 2864 magis
401 2804 520 2849 amares
538 2789 634 2851 uirum
652 2789 766 2851 bonum
780 2792 963 2866 locupletem
980 2804 1073 2868 quam
1087 2807 1160 2868 pau-

189 2890 307 2951 perem,
337 2856 394 2933 nde
414 2872 570 2933 robustum
583 2880 613 2934 et
632 2876 815 2935 lacertosum
843 2891 935 2950 quam
961 2877 1106 2952 gracilem
1134 2883 1162 2934 et

188 2956 323 3032 languidi
344 2957 501 3032 corporis:
521 2973 594 3032 ergo
615 2974 654 3019 ne
673 2975 738 3018 rem
760 2958 884 3034 quidem
913 2961 1010 3035 magis
1032 2960 1161 3035 adpetes

188 3049 239 3102 aut
252 3040 369 3101 amabis
385 3040 510 3100 hilarem
530 3056 566 3101 ae
581 3048 720 3117 pacatam
736 3059 826 3118 quam
849 3041 1026 3104 distractam
1044 3051 1073 3104 ct
1088 3054 1159 3118 ope

145 3139 299 3194 asrosam.
343 3131 395 3185 out
411 3126 443 3185 ‘si
464 3125 524 3186 hoc
544 3134 606 3199 est,
628 3127 726 3201 magis
739 3127 848 3201 diliges
869 3127 1047 3188 exduobus
1060 3142 1160 3202 aequo

188 3208 278 3270 bonis
305 3208 377 3270 viris
401 3209 526 3269 nitidum
552 3219 582 3270 et
605 3218 726 3270 unctum
747 3218 840 3284 quam
862 3213 1107 3286 pulverulentum
1133 3217 1160 3269 et

186 3294 368 3353 horrentem.
405 3293 516 3353 deinde
532 3293 591 3354 huc
605 3310 706 3369 usque
721 3295 900 3370 pervenies,
915 3296 1073 3370 -utssmagls
1095 3294 1159 3354 dili·

187 3393 243 3453 gas
259 3376 406 3452 integrum
422 3378 563 3438 omnibus
584 3378 726 3438 membris
747 3378 941 3440 'etinlaesum
963 3386 1054 3455 quain
1075 3376 1158 3438 debl-

178 3476 243 3519 tem
254 3468 310 3520 aut
323 3464 454 3523 luscum.
481 3463 626 3538 paulatim
643 3462 795 3523 fastidium
811 3471 893 3523 tuum
909 3463 1077 3539 illuusque
1090 3478 1158 3536 pro-
