2422 3862
181 235 349 298 EPISTUL.
364 235 458 297 blau.
480 237 552 298 utu.
564 237 641 298 XlX.
663 238 720 298 ΕΡ.
732 247 759 301 5.
771 246 798 302 d.
820 245 895 314 (114.
909 244 982 312 115.)
1013 238 1077 304 ³79

95 388 209 464 gnitate
224 390 391 465 productus
403 389 511 451 adoret
522 406 559 450 ac
572 392 732 466 supplicet,
747 399 776 452 et
788 392 840 453 diu
853 394 1075 470 contemplatus

95 475 221 534 multum
243 481 414 533 exstantem
435 489 592 548 superque
616 491 790 536 mensuram
816 478 973 537 solitorum
999 479 1076 538 inter

95 574 153 617 uos
169 556 288 631 adspici
303 557 421 630 elatam,
437 555 535 617 oculis
550 558 621 618 mite
637 560 791 633 quiddam,
808 560 864 620 sed
880 560 1075 623 nihilominus

95 640 198 700 vivido
213 640 283 714 igne
298 638 511 715 flagrantibus,
528 649 598 701 tunc
614 643 725 703 deinde
740 643 820 702 illam
834 643 962 719 Vergilii
979 645 1076 706 nostri

96 739 205 785 vocem
221 739 330 783 verens
346 731 439 798 atque
454 724 607 785 adtonitus
623 726 758 787 emittat?

139 806 263 882 Oquum
280 814 307 867 te
320 823 477 869 memorem
490 806 597 883 uirgo?
617 827 744 885 iramque
758 811 843 870 baud
856 811 910 870 tibi
921 816 1015 874 cottus
1087 827 1103 880 5

134 894 268 951 mortalis
281 908 336 952 nec
350 908 407 952 coe
420 894 563 953 bominem
580 903 672 954 sorcut.

135 975 183 1036 Sis
194 974 276 1048 felix
290 981 478 1051 nostrumque
491 979 567 1037 leves
581 993 781 1052 quaecumque
796 979 935 1039 laborem.

93 1057 191 1119 aderit
203 1058 386 1134 lavabitque,
403 1061 429 1118 si
442 1060 544 1120 colere
556 1075 623 1119 eam
635 1060 831 1122 voluerimus.
855 1062 963 1122 colitur
974 1068 1075 1122 autem

93 1160 153 1203 non
175 1151 332 1202 taurorum
350 1142 460 1216 opimis
481 1141 664 1217 corporibus
687 1144 905 1205 contrucidatis
927 1160 984 1205 nec
999 1161 1074 1205 auro

93 1234 282 1302 argentoque
297 1241 452 1300 suspenso
470 1242 529 1286 nec
547 1226 577 1286 in
594 1227 759 1289 thesaurus
782 1228 863 1306 stipe
889 1229 999 1302 intusa,
1019 1229 1074 1288 sed

94 1312 144 1385 pia
160 1317 189 1369 et
203 1318 287 1370 recta
303 1311 465 1370 voluntate.
509 1309 619 1384 Nemo,
642 1312 782 1386 inquam,
803 1328 865 1372 uon
888 1328 992 1373 amore
1008 1313 1103 1371 eiusd

92 1393 222 1467 arderet,
230 1394 256 1452 si
268 1393 359 1452 nobis
371 1392 452 1453 illam
465 1393 568 1453 videre
581 1395 783 1469 contingeret:
799 1411 880 1454 nunc
892 1396 970 1454 enim
984 1397 1076 1454 multa

93 1475 296 1552 obstrigillant
318 1482 348 1537 et
373 1477 470 1537 aciem
490 1483 626 1538 nostram
649 1488 701 1539 aut
724 1479 890 1552 splendore
911 1478 1003 1538 nimio
1029 1492 1075 1536 re-

94 1562 266 1636 percutiunt
287 1568 339 1620 aut
359 1562 491 1623 obscuro
507 1561 647 1622 retinent.
676 1562 732 1622 sed
754 1562 795 1634 si,
819 1561 1075 1636 quemadmodum

93 1645 180 1706 visus
192 1647 349 1706 oculorum
363 1645 548 1720 quibusdam
563 1645 791 1706 medicamentis
807 1645 876 1706 acui
891 1645 970 1705 solet
984 1650 1015 1705 et
1027 1660 1075 1704 re·

94 1728 232 1804 purgari,
257 1729 302 1789 sic
324 1745 382 1790 nos
405 1728 502 1789 acient
527 1727 619 1789 animi
642 1730 772 1790 liberare
789 1726 1005 1803 inpedimentis
1022 1743 1074 1789 vo·

93 1815 247 1885 lucrimus,
269 1813 485 1887 poterimus
506 1815 738 1888 perspicere
759 1814 940 1875 virtutem
962 1811 1075 1872 etiam

94 1895 270 1956 obrutam
284 1912 424 1972 corpore,
441 1898 530 1958 ctiam
547 1905 727 1972 paupertate
743 1897 895 1972 obposita,
912 1897 1002 1957 etiam
1018 1895 1073 1956 hu-

93 1979 215 2040 militate
244 1991 275 2042 et
304 1980 428 2041 iniamia
457 1979 678 2043 obiacentibus.
728 1981 906 2053 cernemus,
939 1980 1103 2053 iuquam?

95 2064 349 2140 pulchritudinem
363 2067 444 2126 illam
460 2065 599 2142 quamvis
624 2066 750 2127 sordido
773 2066 940 2126 obtectam:
967 2078 1076 2124 rursus

94 2164 194 2223 aeque
215 2151 358 2210 malitiam
379 2158 409 2210 et
430 2150 604 2212 aerumnosi
627 2151 718 2210 animi
733 2158 891 2212 veternum
908 2147 1075 2224 perspicie-

95 2250 171 2307 mus,
182 2236 322 2309 quamvis
335 2236 445 2295 multus
459 2235 540 2294 circa
551 2233 722 2296 divitiarum
733 2235 914 2296 radiantium
928 2232 1077 2308 splendor

93 2317 230 2390 inpediat
246 2325 277 2377 et
292 2319 455 2379 intuentem
471 2318 541 2378 binc
556 2317 716 2394 bonorum,
731 2320 812 2379 illinc
828 2332 1004 2394 magnarum
1020 2332 1076 2390 po·

94 2401 246 2460 testatium
265 2402 343 2460 laisa
357 2403 410 2461 lux
425 2402 574 2461 verberet.
617 2403 702 2463 Tunc
718 2404 948 2477 intellegere
963 2400 1106 2460 nobistt

95 2481 244 2554 licebit,
267 2500 376 2558 quam
404 2486 685 2546 contemnenda
712 2485 911 2559 miremur,
936 2482 1077 2542 simillimi

95 2567 216 2641 pueris,
240 2566 352 2642 quibus
373 2581 464 2626 omne
484 2565 633 2628 ludicrum
655 2568 684 2627 in
699 2569 796 2643 pretio
812 2575 874 2628 esta
899 2565 1076 2642 parentibus

94 2651 210 2725 quippe
231 2667 288 2712 nec
310 2650 409 2710 minus
426 2649 569 2710 iratribus
587 2653 763 2726 praeierunt
777 2666 874 2726 parvo
889 2665 961 2709 aere
976 2655 1078 2724 empta

92 2735 226 2794 monilia.
253 2735 326 2811 quid
342 2749 415 2810 ergo
436 2734 513 2794 inter
529 2751 587 2795 nos
608 2741 638 2794 et
653 2735 721 2795 illos
737 2733 879 2809 interest,
905 2741 938 2795 ut
951 2733 1076 2793 Ariston

93 2819 148 2892 ait,
172 2818 231 2879 nisi
247 2820 331 2895 quod
346 2834 403 2879 nos
419 2817 500 2879 circa
516 2818 636 2879 tabulas
652 2827 682 2880 et
703 2826 819 2880 statuas
842 2817 1010 2879 insanimus
1027 2833 1075 2877 ca·

93 2904 157 2963 rius
173 2904 286 2979 ineptit
312 2904 380 2965 illos
396 2903 507 2979 reperti
523 2901 655 2964 inlitora
671 2904 779 2965 calculi
796 2904 901 2964 laeves
917 2907 947 2963 et
960 2901 1076 2978 aliquid

93 2986 241 3048 habentes
258 2987 412 3049 varietatis
427 2988 594 3061 delectant,
617 3004 675 3049 nos
690 2987 856 3064 ingentium
871 2988 1008 3047 maculae
1025 3000 1076 3046 co·

93 3070 276 3144 lumnarum,
297 3073 363 3132 sive
378 3089 417 3131 ex
431 3071 595 3150 Aegyptiis
610 3071 712 3134 arenis
729 3073 795 3134 sive
809 3088 849 3132 ex
863 3071 988 3133 Africae
1003 3070 1076 3131 scli-

94 3155 248 3216 tudinibus
264 3157 412 3217 advectae
427 3158 577 3232 porticum
592 3156 726 3233 aliquam
741 3157 791 3216 vel
806 3171 952 3232 capacem
969 3152 1077 3231 populi

94 3241 304 3301 coenaticnem
331 3241 440 3300 lerunt.
489 3239 634 3301 Miramur
661 3240 792 3315 parietes
818 3240 900 3302 tenui
924 3239 1105 3298 marmore9

94 3322 244 3398 inductos,
261 3339 330 3383 cum
342 3323 485 3397 sciamus,
500 3326 590 3399 quale
603 3326 641 3386 sit
653 3325 737 3400 quod
749 3323 956 3386 absconditur.
978 3320 1075 3382 oculis

95 3407 207 3467 nostris
226 3407 416 3482 inponimus
447 3415 476 3468 et
497 3424 565 3468 cunr
581 3425 655 3470 auro
672 3415 751 3469 tecta
768 3406 973 3484 perfodimus,
1003 3403 1076 3478 quid

95 3486 176 3548 aliud
205 3506 296 3566 quam
325 3492 485 3553 mendacio
516 3494 707 3568 gaudemust
749 3492 863 3554 scimus
899 3489 980 3549 enim
1018 3485 1075 3546 sub
