2422 3862
264 213 433 274 unsrun.
450 213 544 276 non.
566 215 640 274 cre.
655 215 690 274 ιι.
712 215 808 277 nne.
830 221 902 290 (oo.)
1033 217 1075 282 ca

97 368 266 443 sapientum
290 375 391 438 utere,
418 373 451 426 ut
470 367 568 440 magis
589 367 628 427 ad
650 382 714 427 rem
736 367 894 430 existimes
913 371 1074 444 pertinere,

97 455 176 528 qus,
200 467 296 527 quam
311 451 385 526 quid
400 450 561 524 acceperit.
599 450 686 511 Vale.

376 586 592 644 EPISTULA
619 588 692 644 Vlll.
721 591 793 660 (ιο.)

347 680 457 734 senech
475 683 585 734 chrcro
606 696 657 734 svo
677 696 816 735 sncvrcu.

151 784 185 845 Si
200 785 291 851 vales
306 791 336 844 ot
355 791 385 845 te
402 784 526 860 dignum
545 794 650 861 putas,
675 787 726 862 qui
742 787 907 862 aliquando
923 787 979 850 lios
995 794 1101 863 tuus,1

95 869 221 944 gaudeo.
251 883 321 935 mea
343 870 423 928 enim
443 871 539 944 gloria
560 871 629 943 erit,
653 871 680 931 si
696 879 724 932 te
740 871 843 944 istinc,
866 872 917 932 ubi
934 872 1002 932 sine
1016 889 1075 948 spe

94 951 225 1025 exeundi
251 951 425 1026 fluctuaris,
459 962 632 1021 extraxere
668 955 765 1015 illud
799 963 921 1023 autern
950 963 1000 1027 te,
1028 957 1075 1016 mi

93 1037 232 1109 Lucili,
265 1053 361 1112 rogo
389 1044 507 1113 atque
534 1038 683 1113 hortor,
715 1046 758 1099 ιιι
782 1038 1074 1115 philosophiam

93 1123 125 1187 in
148 1119 391 1197 praecordia
412 1119 482 1181 ima
506 1123 690 1183 demittas
712 1131 748 1184 et
770 1124 1075 1199 experimentum

93 1207 300 1281 proiectus
328 1205 382 1265 tui
409 1207 546 1281 capias
573 1223 646 1266 non
674 1206 853 1268 oratione
883 1224 952 1268 nec
975 1210 1073 1270 sori-

93 1299 169 1365 pto,
200 1289 272 1350 sed
298 1288 414 1356 animi
438 1290 639 1364 firmitate,
663 1297 715 1365 [et]
739 1292 996 1367 cupiditatum
1017 1295 1073 1354 dl·

92 1370 323 1443 minutione:
346 1374 464 1439 verba
485 1374 603 1443 rehus
623 1374 754 1450 proba
776 1376 870 1437 Aliud
882 1376 1103 1452 propositumv

93 1466 139 1519 est
159 1457 405 1531 declamantibus
426 1465 457 1518 et
476 1458 692 1523 adsensionem
715 1475 848 1522 coronae
871 1460 1073 1536 captantibus,

93 1543 174 1611 uliud
197 1540 262 1615 his,
286 1541 340 1617 qui
359 1542 503 1603 iuvenum
523 1550 554 1602 et
573 1545 741 1606 otiosorum
763 1559 853 1604 aures
869 1544 1074 1619 disputatione

95 1627 177 1700 varia
192 1633 246 1698 aut
258 1625 384 1696 volubili
399 1626 547 1691 detinent:
571 1628 674 1689 lacere
685 1628 777 1689 docet
788 1627 994 1703 philosophia,
1013 1645 1073 1689 non

93 1710 214 1783 dicere,
241 1717 273 1769 et
290 1709 351 1778 hoc
373 1710 480 1785 exigit,
503 1718 537 1779 ut
557 1712 599 1780 ad
618 1713 717 1786 legem
733 1728 821 1772 suam
836 1710 970 1786 quisque
984 1712 1074 1786 vivat,

93 1813 153 1856 von
176 1794 308 1867 (irmioni
330 1794 390 1854 vila
410 1793 587 1869 dissentiat,
608 1805 643 1863 ut
655 1797 724 1870 ipsa
737 1795 816 1856 inter
833 1811 868 1855 se
884 1796 944 1855 vita
960 1799 1074 1868 [conel-

91 1886 159 1951 nal,
183 1895 243 1944 non
265 1879 345 1943 varii
363 1884 392 1941 et
411 1881 502 1952 attus,
525 1896 615 1954 quam
635 1897 721 1954 quem
734 1882 799 1952 illa]
815 1879 916 1951 iussit,
940 1880 1074 1943 omnium

93 1964 247 2025 actionum
275 1962 471 2023 dissensione
499 1961 611 2032 coloris
633 1965 681 2023 sit.
714 1964 876 2024 maximum
899 1963 958 2025 hoc
979 1971 1027 2024 est
1045 1971 1075 2024 et

94 2047 232 2112 officium
252 2046 421 2120 sapientiae
441 2053 472 2106 et
488 2046 648 2121 indicium,
671 2055 703 2108 ut
717 2046 819 2107 verbis
835 2063 931 2122 opera
945 2064 1073 2110 concor-

93 2133 181 2204 dent,
210 2137 246 2198 ιιι
264 2131 335 2205 ipse
353 2129 468 2205 ubique
490 2147 546 2207 par
567 2131 625 2201 sibi
649 2132 793 2207 idemque
813 2132 861 2193 sit.
899 2133 992 2207 „Quis
1014 2133 1074 2193 hoc

94 2213 302 2291 [ιιιιιιειιιιιίιιιι
330 2213 436 2286 Pauci,
454 2215 546 2291 aliqui
558 2223 669 2283 tamen.
691 2217 1073 2291 astenimdiliicile[hoc]:

93 2315 150 2360 neo
169 2299 232 2360 hoc
254 2299 339 2371 dico,
360 2299 529 2375 sapientem
543 2316 605 2360 uno
622 2316 745 2376 semper
759 2301 867 2361 iturum
882 2303 996 2377 gradu,
1018 2302 1074 2365 sed

92 2401 155 2444 una
168 2383 231 2443 via.
269 2381 407 2443 Observa
422 2381 540 2458 itaqua,
562 2384 709 2460 numquid
724 2387 818 2447 vastis
833 2393 885 2447 tua
900 2386 1106 2460 domusquos

94 2468 293 2539 dissentiant,
315 2467 463 2541 numquid
479 2467 509 2526 in
524 2476 553 2529 te
568 2467 702 2530 liberalis
717 2469 776 2540 sis,
792 2467 822 2543 in
837 2479 908 2531 tuos
920 2468 1075 2541 sordidus,

93 2550 249 2628 numque
266 2566 380 2625 comtes
401 2552 571 2626 frugaliter,
601 2553 746 2621 aedifices
768 2554 936 2617 luxuriose.
978 2551 1074 2612 Unam

94 2637 191 2698 semel
205 2635 247 2696 ad
263 2651 355 2711 quam
375 2633 463 2695 vivas
477 2637 616 2710 regulam
628 2638 745 2711 prende
761 2646 791 2698 et
804 2638 844 2706 ad
860 2636 939 2697 hanc
954 2651 1075 2697 omnem

94 2721 186 2783 vitam
203 2727 288 2792 tuam
302 2735 452 2795 exaequo.
491 2718 617 2797 Quidam
637 2738 671 2782 se
686 2722 768 2787 domi
785 2720 981 2795 contrahunt,
1000 2719 1074 2781 dila-

94 2812 158 2865 tant
179 2803 257 2870 loris
278 2812 309 2866 et
328 2804 511 2869 extendunt:
533 2805 634 2869 vitium
656 2813 705 2866 est
719 2806 796 2871 haee
811 2804 974 2867 diversitas
989 2812 1020 2865 et
1035 2806 1075 2864 si·

95 2904 189 2964 gnum
197 2889 369 2949 vacillantis
380 2889 470 2953 animi
483 2905 521 2953 ac
531 2889 666 2951 nondum
676 2888 818 2950 habentis
829 2897 964 2952 tenorem
976 2905 1075 2950 suum.

94 2972 276 3039 Etiamnunc
297 2973 413 3047 dicam,
434 2973 518 3036 unde
538 2973 578 3037 sit
597 2973 658 3043 ista¹
675 2974 878 3039 inconstantia
900 2982 929 3035 et
944 2973 1105 3033 issimi-4

96 3058 192 3119 litudo
212 3074 314 3133 rerum
336 3057 611 3134 consiliorumque:
639 3075 728 3120 nemo
745 3060 889 3135 proponit
905 3058 979 3131 sibi,
1003 3057 1075 3133 quid

90 3143 182 3216 velit,
206 3157 279 3216 neo,
303 3142 330 3203 si
352 3141 529 3217 proposuit,
552 3150 731 3219 perseverat
751 3143 856 3215 ineo,
877 3140 1076 3205 sedtranssi-

97 3220 135 3287 lit.
164 3243 223 3288 nec
246 3233 361 3299 tantum
383 3235 491 3300 mutat,
514 3227 571 3291 sed
591 3225 669 3287 rodit
684 3235 713 3287 el
727 3228 756 3288 in
773 3243 824 3299 ea,
848 3243 927 3304 uuae
942 3227 1078 3287 deseruit

97 3325 132 3370 ac
153 3310 325 3384 damnavit,
347 3311 522 3380 revolvitur.
566 3311 671 3386 ltaque
691 3319 725 3371 ιιι
743 3313 913 3386 relinquam
929 3310 1106 3370 definitio-c

97 3393 344 3472 nes'saplentiae
356 3402 476 3460 veteres
491 3401 521 3454 et
535 3402 628 3456 totum
646 3397 822 3471 conplectar
837 3395 987 3456 humanae
1000 3394 1080 3453 vitae

98 3483 235 3553 modurn,
263 3479 325 3541 hoc
345 3494 478 3552 possum
504 3485 669 3546 contentus
696 3497 788 3546 esse·-
820 3479 923 3562 qnid
947 3485 1013 3541 est
1034 3491 1100 3536 su·
