2422 3862
177 225 240 292 808
470 224 504 284 L.
523 223 672 284 ANNAEI
692 223 868 284 SENECAE

175 394 242 439 rum
258 375 408 450 castigant
422 374 574 450 quosdam
588 381 619 435 et
634 381 778 435 coercent
793 381 825 435 et
840 373 981 450 inrogant
995 390 1114 451 poenas
1130 383 1161 436 et

173 459 341 537 aliquando
358 457 464 534 specie
477 458 550 519 boni
566 458 704 533 puniunt.
731 459 788 519 Vis
804 459 881 519 deos
896 457 1085 534 propitiaret
1107 459 1160 520 bo·

133 558 166 610 51
175 561 234 606 nus
247 551 324 605 esto.
353 544 429 604 satis
446 543 516 603 iilos
529 541 637 616 coluit,
653 541 797 618 quisquis
812 542 944 603 imitatus
959 549 1017 602 est.
1060 542 1160 603 Ecce

175 627 510 703 alteraqnaestio,
533 627 726 702 quomodo
743 625 966 687 hominibus
984 627 1039 685 sit
1054 633 1158 688 uten-

176 714 270 773 dum.
315 711 393 785 Quid
408 711 549 786 agimust
576 726 656 786 quae
673 711 782 771 damus
797 716 984 786 praeceptat
1006 717 1039 770 nt
1054 727 1158 786 parcn-

175 813 244 857 mus
256 794 397 870 sangnini
411 794 566 855 humanat
588 794 766 870 quantulum
780 802 837 866 est,
853 795 881 854 ei
897 812 957 856 non
973 811 1096 868 nocere,
1112 796 1159 855 cni

176 880 292 941 debeas
307 879 475 954 prodesset
497 894 608 953 magna
627 879 744 938 scilicet
758 880 826 940 laus
841 886 903 949 est,
927 878 953 938 si
968 878 1061 939 horno
1077 895 1159 938 man·

176 971 283 1024 suetus
309 961 425 1024 homini
451 970 508 1022 est.
541 961 782 1037 praecipiemus,
808 969 841 1023 ut
865 963 1016 1037 naufrago
1038 979 1158 1023 manum

175 1047 327 1122 porrigat,
352 1047 464 1107 erranti
490 1047 568 1105 viam
593 1053 756 1118 monstret,
782 1063 851 1106 cum
872 1046 1028 1108 esuriente
1051 1063 1158 1123 panem

177 1146 266 1191 suurn
288 1131 425 1191 dividatt
468 1129 596 1204 Quando
618 1131 735 1203 omnia,
758 1146 838 1204 quae
859 1132 1047 1206 praestanda
1061 1147 1097 1192 ac
1117 1132 1158 1189 vi-

176 1215 270 1275 tanda
284 1221 370 1287 sunt,
386 1215 506 1274 dicamt
527 1221 594 1288 [car
607 1221 705 1275 uatem
720 1211 851 1286 dromi]
873 1231 940 1274 cum
957 1216 1077 1290 possim
1091 1215 1157 1275 bre-

134 1299 252 1360 seviter
264 1299 344 1359 trano
359 1299 400 1357 itti
415 1297 575 1358 formulam
589 1296 713 1358 humani
729 1299 821 1358 officii
835 1298 972 1359 tradere:
989 1315 1079 1360 omne
1089 1299 1157 1370 hoc,

177 1383 260 1458 quod
273 1383 370 1457 vides,
382 1399 444 1458 quo
457 1383 560 1442 divina
571 1390 664 1458 atque
676 1382 809 1443 humana
821 1385 968 1443 conclusa
980 1392 1059 1458 sunt
1068 1399 1159 1444 unum

112 1495 116 1545 j
176 1475 237 1528 est:
260 1467 395 1528 membra
409 1482 516 1527 sumus
531 1465 671 1541 corporis
686 1467 796 1542 magni.
818 1473 927 1528 natura
938 1484 996 1527 nos
1010 1473 1158 1542 cognatos

110 1552 115 1613 ἔ
176 1552 286 1625 edidit,
312 1569 381 1612 cnm
401 1566 440 1610 ex
461 1551 560 1611 isdem
582 1557 611 1610 et
632 1551 660 1609 in
677 1551 785 1610 eadem
800 1552 949 1626 gigneret.
977 1551 1056 1611 haec
1070 1550 1158 1611 nobis

107 1628 113 1704 ἱ
176 1651 311 1696 amorem
325 1635 435 1696 indidit
454 1643 589 1695 mutuum
611 1643 641 1695 et
660 1633 824 1695 sociabiles
845 1635 926 1696 fecit.
955 1636 1006 1695 itia
1027 1651 1159 1708 aequum

175 1720 350 1796 iustumque
365 1720 538 1794 conposuit.
568 1734 606 1778 ex
627 1718 707 1778 itlius
722 1720 939 1780 constitutione
952 1718 1093 1778 miserius
1110 1725 1159 1777 est

105 1816 108 1835 ²
175 1819 287 1863 nocere
303 1820 394 1878 quam
409 1804 498 1863 iaedi.
521 1819 560 1862 ex
574 1804 654 1862 iliius
666 1803 793 1878 imperio
809 1811 935 1878 paratae
949 1803 1010 1863 sint
1023 1801 1157 1863 iuvantis

100 1902 104 1921 ·’
132 1894 292 1949 comanus.
336 1889 390 1947 llle
407 1904 514 1949 versus
530 1879 561 1948 e't
574 1887 604 1946 in
620 1893 747 1962 pectore
762 1895 792 1947 et
809 1889 838 1946 in
856 1904 910 1948 ore
928 1889 981 1947 sit:

280 1973 374 2034 Homo
389 1989 462 2046 sunt,
476 1973 602 2032 humani
613 1973 689 2031 nibil
702 1988 722 2032 a
738 1976 928 2033 mentientem
938 1977 1022 2047 pato.

175 2056 351 2117 Habeamus
366 2057 396 2117 in
412 2072 582 2129 commune,
599 2056 681 2130 quod
695 2057 756 2115 nati
767 2073 884 2117 sumus.
908 2057 1042 2116 societas
1055 2061 1159 2114 nostra

175 2140 311 2212 lapidum
326 2139 519 2200 fornicationi
535 2139 689 2199 simillima
703 2147 766 2213 est,
790 2156 870 2216 quae
892 2156 1018 2214 casura,
1039 2137 1101 2201 nisi
1115 2138 1158 2196 in-

134 2222 274 2281 54vicem
290 2223 434 2294 obstaret,
450 2223 509 2282 hoc
523 2223 593 2299 ipso
610 2222 786 2284 sustinetur.
829 2224 921 2284 Post
934 2224 1030 2285 deos
1046 2222 1157 2283 homi-

176 2321 325 2382 nesque
345 2305 621 2381 dispiciamus,
643 2309 834 2384 quomodo
852 2309 969 2369 rebus
991 2308 1159 2368 situnen-

176 2389 270 2451 dnm.
314 2391 347 2449 In
369 2405 594 2465 supervacuum
616 2400 784 2467 praecepta
798 2393 993 2462 iactavimus,
1010 2392 1069 2450 nisi
1087 2389 1161 2450 illud

176 2473 389 2551 praecesserit
413 2475 533 2551 quatem
550 2476 589 2534 de
606 2492 800 2551 quacumque
813 2492 847 2535 re
862 2475 976 2536 habere
991 2476 1158 2535 debeamus

176 2559 361 2634 opinionem,
378 2560 417 2619 de
435 2567 629 2635 paupertate,
645 2560 685 2620 de
700 2560 822 2632 divitiis,
840 2562 879 2619 de
894 2561 999 2635 gloria,
1016 2560 1056 2620 de
1074 2559 1157 2633 igno-

175 2645 281 2717 minia,
303 2644 342 2704 de
358 2645 469 2718 patria,
492 2645 531 2703 de
545 2644 647 2704 exilio.
670 2645 866 2705 aestimemus
882 2645 1002 2719 singula
1018 2644 1098 2702 sarna
1112 2658 1159 2700 re-

134 2732 167 2787 55
175 2736 256 2786 mota
270 2736 301 2787 et
316 2745 516 2802 quaeramus,
540 2728 613 2804 quid
629 2727 704 2800 sint,
726 2745 787 2788 non
812 2729 884 2804 quid
902 2733 1058 2788 vocentur.
1104 2726 1159 2784 Ad

175 2811 342 2869 virtutes
357 2818 613 2872 transeamus.
656 2811 827 2887 Praecipiet
841 2813 960 2887 aliquis,
975 2817 1008 2872 ut
1026 2811 1158 2884 pruden-

175 2893 246 2953 tiam
271 2894 371 2966 magni
397 2894 607 2968 aestimemuS,
634 2903 666 2957 ut
693 2896 898 2956 tortitudinem
921 2897 1158 2970 conplectamur,

177 2977 418 3049 [temperantiam
434 2985 592 3051 amemus],
607 2979 764 3050 iustitiam,
782 2981 808 3040 si
821 2980 888 3041 fieri
904 2987 1013 3055 potest,
1030 2978 1159 3053 propius

177 3059 266 3118 etiarn
288 3077 378 3134 quam
398 3069 515 3122 ceteras
539 3063 627 3124 nobis
652 3063 851 3138 adplicemns.
880 3064 936 3124 sed
958 3062 999 3122 nit
1023 3078 1159 3137 agemus,

178 3143 202 3201 si
220 3159 410 3220 ignoramuS,
429 3147 501 3220 quid
517 3147 556 3206 sit
571 3149 676 3222 virtus,
691 3165 753 3208 nna
769 3147 861 3209 sitan
878 3148 982 3222 plnres
997 3153 1159 3222 separatae

176 3234 227 3286 aut
241 3228 386 3303 innexae,
410 3247 448 3289 an
468 3230 519 3305 qui
534 3248 624 3291 unam
640 3232 746 3307 habet,
769 3240 798 3293 et
813 3240 930 3293 ceteras
945 3232 1071 3301 habeat,
1098 3246 1159 3305 quo

133 3311 251 3372 deinter
266 3328 300 3371 se
315 3312 466 3374 differant.
494 3314 560 3375 Non
576 3321 624 3374 est
638 3332 769 3376 necesse
784 3317 871 3377 fabro
884 3317 923 3375 de
938 3316 1052 3375 fabrica
1065 3331 1159 3390 quae-

175 3411 257 3467 rere,
281 3396 364 3468 quod
380 3398 445 3457 eius
462 3397 588 3472 initium,
612 3400 681 3473 quis
703 3417 779 3460 usus
800 3400 852 3473 sit,
876 3417 936 3460 non
953 3399 1050 3474 magis
1068 3416 1159 3474 quam

177 3481 360 3557 parrtomimo
382 3481 421 3539 de
437 3489 500 3541 arte
517 3482 663 3542 saltandi:
685 3499 792 3544 ornnes
807 3485 884 3544 istae
900 3493 980 3545 artos
996 3500 1030 3543 se
1047 3483 1157 3556 sciunt,
