2422 3862
389 447 423 530 l.
445 443 586 529 lllllllll
608 443 780 528 Sllllllbll

264 580 509 644 manorum
535 579 657 643 onoc
679 581 735 641 nr
758 579 909 641 sicui.

389 769 517 820 Volumine
531 771 612 832 primo
630 771 788 821 contaretur

66 875 161 946 libini.)
180 875 345 940 Dialogornm
363 874 421 926 libri
439 873 493 929 XII,

98 949 118 996 I.
140 945 223 1007 Quare
242 946 327 1007 aliqua
346 944 508 994 incommoda
526 944 600 992 bonis
621 945 683 994 viris
702 945 820 995 accidant
839 959 897 994 cum
917 943 1004 1008 prori-

169 1016 256 1066 dentia
273 1015 307 1063 sit
325 1011 371 1077 (de
389 1013 563 1078 providentia)
628 1049 999 1063 ........

97 1087 129 1138 II.
156 1085 208 1134 Nec
232 1083 351 1133 iniuriam
374 1097 421 1131 nec
441 1082 621 1132 contumeliam
647 1085 761 1149 accipere
784 1084 924 1148 sapientem
950 1081 1003 1147 (de

169 1152 311 1203 constantia
329 1150 467 1216 sapientis)

97 1223 140 1275 ΠΙ.
161 1222 204 1274 IV.
225 1221 257 1274 V.
277 1220 315 1269 De
335 1220 372 1269 ira
391 1220 447 1270 libri
466 1228 518 1271 tres
573 1257 996 1271 .........

98 1289 142 1342 Vl.
167 1289 346 1341 niustriam
363 1290 395 1340 de
413 1290 584 1340 consolatione
625 1327 995 1341 ........
1056 1289 1105 1340 111

98 1362 155 1413 VII.
174 1361 212 1410 De
230 1361 284 1411 vita
301 1359 375 1408 beata
417 1395 996 1410 ............
1058 1357 1108 1409 139

98 1432 163 1485 VIII.
183 1428 220 1479 De
239 1430 291 1479 otio
313 1464 997 1480 ..............
1056 1427 1108 1479 164

97 1499 141 1553 ΙΧ.
168 1499 205 1548 De
223 1497 406 1563 tranquillitate
424 1500 502 1550 animi
521 1533 995 1550 ..........
1056 1497 1106 1548 171

97 1570 131 1620 X.
155 1569 192 1619 lle
210 1569 333 1619 brevitate
354 1570 419 1618 vitae
469 1604 996 1620 ...........
1057 1566 1106 1618 197

97 1639 143 1692 ΧΙ.
168 1640 210 1689 Ad
225 1638 356 1704 Polybium
375 1639 406 1688 de
425 1638 597 1689 consolatione
624 1674 996 1688 ........
1055 1637 1107 1689 218

96 1709 154 1763 Xll.
179 1708 219 1759 nd
237 1708 352 1757 Helviam
371 1716 477 1758 matrem
494 1708 526 1758 (le
544 1707 718 1759 consolatione
1055 1705 1106 1758 237

61 1777 180 1844 (Epigr.)
199 1779 389 1842 Epigrammata
407 1793 484 1844 super
503 1780 579 1828 exilio
625 1814 995 1828 ........
1055 1777 1105 1829 261

61 1846 159 1914 (Lnd.)
181 1847 269 1898 Ludus
287 1847 319 1897 de
337 1855 418 1897 morte
434 1847 533 1897 Claudii
572 1884 995 1898 .........
1055 1847 1107 1898 264

61 1916 129 1984 (Ol.)
157 1916 193 1967 De
211 1915 344 1967 clementia
357 1916 414 1966 libri
431 1918 481 1967 duo
519 1953 996 1969 ..........
1054 1918 1106 1969 276

382 2038 510 2090 Volumina
528 2041 612 2089 altero
631 2040 788 2090 continentur

60 2141 119 2209 (B.)
142 2142 180 2194 De
199 2143 327 2194 beneflciis
348 2143 406 2194 libri
425 2152 522 2210 septem
571 2180 994 2195 .........
1091 2144 1103 2195 l

60 2212 145 2279 (ΝΟ.)
166 2213 323 2263 NaturaIIum
344 2217 520 2276 quaestionum
538 2212 596 2264 libri
613 2221 712 2279 septem
778 2250 994 2264 .....
1055 2214 1103 2266 157

388 2334 516 2383 Volumina
533 2338 608 2386 tertio
626 2335 781 2385 continentur

1091 2439 1102 2486 l

60 2503 132 2569 (Fr.)
156 2503 194 2553 De
214 2504 315 2554 amissIs
332 2504 404 2555 libris
422 2505 568 2555 testimonia
585 2513 699 2557 veterum
716 2513 741 2556 et
760 2505 900 2573 fragmenta
919 2520 950 2555 ex
968 2505 1000 2554 iis
1052 2574 1104 2626 4¹8

165 2582 265 2623 serrata
451 2595 453 2597 ·
570 2588 576 2600 ·

59 2641 161 2709 (Rem.)
184 2641 220 2692 De
240 2644 361 2694 remediis
379 2642 543 2693 fortuitorum
558 2644 623 2694 liber
671 2680 992 2694 .......
1051 2645 1103 2696 446

58 2765 195 2828 Excerptc
211 2772 236 2815 et
252 2765 399 2830 stupparita:

58 2867 94 2916 De
113 2874 262 2932 paupertate
308 2905 336 2921 .,
361 2903 991 2918 .............
1051 2869 1103 2922 458

58 2938 97 2987 De
115 2938 228 2987 moribus
255 2973 260 2986 .
307 2973 313 2986 .
344 2936 346 2941 '
359 2972 990 2988 .............
1050 2942 1102 2991 462

57 3007 159 3057 Martini
176 3006 323 3056 Dumiensis
343 3007 374 3058 cle
392 3005 503 3056 formula
515 3005 637 3056 honestas
652 3007 719 3057 ritae
735 3004 799 3056 liber
830 3044 836 3055 .
882 3043 887 3055 .
934 3044 940 3057 .
986 3047 992 3059 .
1050 3009 1103 3061 466

57 3075 187 3141 Epistolae
205 3074 317 3126 Senecae
336 3077 369 3126 ad
387 3075 494 3125 Paulum
513 3076 656 3142 apostolum
675 3083 700 3126 et
714 3076 786 3126 Pauli
806 3076 838 3126 ad
858 3075 979 3128 Senecam
1049 3079 1102 3129 476

56 3145 223 3210 Epitaphium
240 3143 354 3196 Senecae
412 3181 992 3198 ............
1048 3147 1101 3199 482
