2422 3862
205 220 373 280 nrlsrun.
390 220 483 280 non.
505 221 576 281 tre.
590 222 656 281 xv.
678 221 735 280 aa.
751 232 777 283 a.
790 231 816 284 s.
838 224 966 302 (ansa)
1012 224 1076 287 aaa

94 372 241 432 dicimus:
265 373 321 433 sed
336 372 368 432 di
384 379 509 433 autnon
525 372 692 434 exaudiunt
707 382 759 433 aut
775 374 965 434 miserentur.
1009 375 1105 450 Eg03

93 472 143 515 me
159 457 275 516 omissa
291 454 501 517 misericordia
516 455 676 517 vindicabo
692 465 722 516 el
732 457 784 517 libi
796 458 946 532 ingentem
960 459 1074 533 epistu-

93 541 154 598 lam
168 540 335 614 inpingam,
351 556 442 615 quam
457 547 489 600 tu
505 541 531 600 si
546 541 658 601 invitus
675 542 768 615 leges,
784 541 891 601 dicito:
909 556 987 616 „ego
1003 541 1075 601 mihi

92 624 153 684 hoc
169 624 336 698 contraxi,“
352 630 444 698 teque
460 624 537 684 inter
551 624 620 685 illos
632 640 767 697 numera,
783 641 862 699 quos
873 639 953 684 uxor
964 640 1074 700 magno

93 709 186 768 ducta
201 706 313 767 ambitu
328 714 464 783 torquet,
485 707 564 767 inter
581 709 665 781 illos,
687 724 767 782 quos
782 708 905 767 divitiae
921 724 976 783 per
993 725 1075 769 sum·

93 808 175 851 mum
191 792 363 866 adquisitae
377 792 521 851 sudorem
542 793 619 852 male
640 791 767 867 babent,
790 791 972 866 interillos,
995 809 1074 866 quos

93 875 229 935 honores
245 876 328 935 nulla
342 891 402 934 nou
418 884 481 954 arte
496 882 589 950 atque
611 891 708 950 opera
723 875 806 951 petiti
824 876 1024 950 discruciant,
1046 884 1077 950 et

92 965 214 1018 ceteros
229 960 377 1018 malorum
392 975 518 1020 suorum
533 966 692 1034 conpotes.
737 959 797 1019 Sed
814 965 846 1019 ut
861 959 977 1020 omisso
994 960 1105 1035 prin-4

92 1043 173 1117 cipio
190 1058 254 1101 rem
270 1043 369 1117 ipsam
384 1043 560 1118 adgrediar:
582 1044 699 1117 „beata
714 1043 862 1118 inquiunt,
880 1043 940 1104 vila
955 1051 1076 1104 constat

92 1142 132 1185 ex
154 1124 324 1186 actionibus
346 1125 447 1187 rectis.
477 1127 518 1186 ad
541 1125 678 1189 actiones
698 1135 798 1187 rectas
820 1134 985 1202 praecepta
1006 1143 1074 1202 per·

93 1211 224 1270 ducunt:
258 1225 332 1284 ergo
358 1211 397 1269 ad
424 1211 544 1271 beatam
573 1210 663 1270 vitam
691 1216 857 1286 praccepta
886 1210 1075 1272 sufficiunt.“

93 1294 160 1353 Non
177 1309 301 1369 semper
315 1294 354 1353 ad
370 1293 507 1355 actiones
522 1302 622 1354 rectas
638 1303 802 1371 praecepta
818 1294 1002 1370 perducunt,
1018 1295 1075 1354 scd

93 1393 162 1437 cum
184 1375 360 1452 obsequens
381 1379 534 1453 ingenium
556 1386 618 1438 est=
650 1378 814 1454 aliquando
835 1379 948 1439 trustra
969 1379 1075 1439 admo·

93 1467 217 1532 ventur,
240 1462 267 1520 si
287 1462 420 1522 animum
444 1462 606 1538 opiniones
627 1463 771 1522 obsident
789 1478 913 1537 pravae.
957 1460 1103 1529 Deinde5

93 1545 212 1605 etiamsi
228 1553 310 1605 recte
326 1546 447 1619 iaciunt,
465 1547 605 1607 nesciunt
620 1547 721 1605 lacere
737 1561 772 1604 sc
784 1552 875 1605 recle.
900 1560 960 1604 non
975 1552 1076 1620 potest
1121 1614 1124 1620 ¹

93 1629 174 1688 enim
190 1631 353 1705 qnisquam
367 1629 427 1689 nisi
442 1630 480 1690 ab
497 1629 581 1689 initio
595 1629 743 1690 formatus
758 1635 788 1688 ει
802 1628 991 1689 toleratione
1003 1644 1075 1689 con·

94 1714 214 1787 positus
230 1729 337 1773 omnes
353 1714 481 1789 exsequi
496 1728 654 1786 numeroS,
676 1720 709 1773 ut
724 1713 814 1785 sciat,
838 1712 960 1787 quando
983 1728 1074 1787 opor·
1196 1776 1199 1783 ,

94 1803 156 1855 teat
170 1804 200 1857 et
214 1797 244 1856 in
260 1806 406 1873 quantum
418 1805 528 1858 etcum
540 1813 601 1872 quo
614 1804 645 1857 et
658 1795 915 1872 quemadmodum
928 1803 958 1856 et
970 1812 1077 1871 quare.
1112 1804 1117 1810 '

94 1897 155 1940 non
178 1888 280 1955 potest
300 1888 363 1943 toto
385 1881 485 1942 animo
501 1881 540 1940 ad
555 1880 687 1942 honesta
700 1881 821 1951 conari,
845 1895 884 1939 ne
899 1885 1076 1940 constanter

95 1964 219 2038 quidem
235 1973 287 2026 aut
307 1965 450 2037 libenter,
474 1965 530 2025 sed
550 1965 709 2040 respiciet,
731 1965 788 2025 sed
808 1963 977 2024 haesitabit.
1021 1962 1104 2038 „Sin

93 2048 237 2124 honesta,
254 2049 364 2126 inquit,
381 2049 461 2110 actio
476 2065 514 2108 ex
530 2047 705 2125 praeceptis
723 2047 818 2121 venit,
842 2048 881 2107 ad
895 2047 1015 2108 beatam
1030 2047 1074 2106 vi-

93 2139 154 2192 tam
174 2140 340 2208 praecepta
359 2133 481 2194 abunde
504 2141 590 2194 sunt:
617 2134 702 2208 atqui
723 2133 814 2208 illud,
841 2147 914 2206 ergo
935 2137 965 2191 et
984 2131 1075 2192 hoc.“

93 2216 148 2275 His
165 2217 422 2292 respondebimus
437 2217 574 2278 actiones
589 2217 737 2279 honestas
753 2224 789 2278 et
809 2216 984 2292 praeceptis
999 2215 1075 2289 lieri,

93 2316 155 2360 non
171 2307 316 2362 tantum
330 2303 515 2377 praeceptis.
538 2301 591 2377 „Si
604 2303 690 2376 aliae,
703 2301 807 2376 inquit,
820 2309 900 2362 artes
914 2306 1075 2361 contentae
1087 2304 1103 2360 7

93 2391 166 2444 sunt
180 2385 368 2458 praeceptis,
391 2392 533 2446 contenta
550 2382 654 2446 enitet
670 2385 833 2461 sapientia:
859 2400 929 2443 nam
949 2390 980 2443 et
998 2383 1075 2442 haec

93 2484 145 2527 ars
160 2466 239 2525 vitae
253 2472 309 2526 est.
331 2469 415 2541 atqui
428 2468 662 2540 gubernatorem
678 2470 750 2529 lacit
764 2467 823 2541 ille,
839 2468 891 2542 qui
905 2465 1075 2541 praecepit=

85 2550 150 2624 ,sic
166 2564 256 2607 move
269 2548 522 2623 gubernaculum,
547 2551 592 2609 sic
613 2553 682 2610 vela
697 2550 855 2620 submitte,
876 2550 922 2608 sic
938 2547 1076 2608 secundo

93 2640 186 2692 venta
205 2639 299 2705 utere,
321 2632 366 2692 sic
383 2632 516 2693 adverso
534 2633 653 2706 resiste,
666 2632 711 2692 sic
730 2628 855 2692 dubium
872 2646 1075 2690 communem,-

94 2732 156 2792 que
170 2716 224 2776 tibi
240 2716 381 2776 vindica.‘
404 2716 482 2777 alios
498 2731 623 2792 quoque
634 2715 768 2775 artifices
784 2721 950 2789 praecepta
966 2715 1075 2774 confir-

94 2809 192 2860 mant:
225 2816 299 2875 ergo
331 2801 359 2860 in
393 2801 451 2861 boc
483 2799 563 2860 idem
596 2805 739 2875 poterunt
763 2797 896 2858 artifices
924 2797 1076 2859 vivendi.“

94 2885 208 2945 Omnes
224 2885 301 2945 istae
320 2893 400 2945 artes
418 2884 499 2945 circa
513 2885 713 2945 instrumenta
725 2881 804 2944 vitae
816 2890 984 2958 occupatae
997 2889 1106 2958 sunta

94 2985 155 3028 non
181 2969 262 3028 circa
282 2976 375 3030 totam
398 2969 500 3030 vitam.
528 2969 631 3044 itaque
651 2968 744 3028 multa
768 2967 835 3028 illas
862 2966 999 3028 inhibent
1023 2982 1076 3026 ex·

93 3053 245 3113 trinsecus
262 3061 291 3112 ει
305 3053 478 3128 inpediunt,
501 3069 591 3129 spes,
614 3051 782 3127 cupiditas,
807 3052 911 3112 timor:
940 3059 971 3111 al
990 3049 1076 3123 haec,

95 3152 175 3211 quae
197 3144 292 3198 artem
312 3138 393 3197 vitae
414 3138 559 3213 professa
579 3143 641 3210 est,
667 3138 750 3196 nulla
769 3150 818 3208 re,
845 3135 1023 3209 quominus
1042 3151 1077 3194 se

94 3229 252 3295 exerceat,
274 3222 369 3282 aretari
384 3228 494 3295 potest.
517 3220 641 3281 discutit
655 3220 735 3280 enirn
750 3219 957 3294 inpedimenta
973 3227 1003 3279 et
1018 3226 1077 3278 tra-

94 3312 155 3364 ctat
166 3305 333 3366 obstantia:
349 3305 397 3365 vis
409 3304 497 3376 scire,
511 3320 601 3380 quam
613 3303 770 3364 dissimilis
782 3304 821 3364 sit
832 3303 958 3364 aliarum
970 3302 1078 3362 artium

95 3388 235 3450 condicio
251 3397 281 3450 et
291 3389 402 3450 huius?
416 3389 516 3448 inillis
533 3389 710 3450 excusatius
723 3396 770 3450 est
782 3388 937 3448 voluntate
950 3398 1079 3462 peccare

96 3488 188 3545 quarn
203 3489 292 3547 casu,
314 3474 345 3533 in
367 3473 425 3534 hac
446 3473 579 3534 maxima
593 3476 685 3550 culpa
699 3480 747 3533 est
762 3479 873 3548 sponte
890 3470 1077 3542 delinquere.
