2422 3862
160 235 223 300 ota
399 215 402 219 ’
455 235 489 294 a.
509 233 656 293 annam
677 230 852 293 sauucnu

161 387 237 449 locis
253 387 380 447 fractum
395 391 426 446 et
440 390 591 445 extortum
603 381 704 443 credis
716 385 853 444 locorum
867 382 1033 443 mutatione
1048 398 1146 459 posse

162 469 286 533 sanarit
307 469 403 530 maius
419 475 466 529 est
479 468 561 528 istud
576 469 696 539 malum,
714 482 806 542 quam
820 473 854 526 ut
868 466 1040 541 gestatione
1056 483 1146 529 cure-

120 563 219 621 19lur.
247 552 452 628 Peregrinatio
465 567 527 612 non
543 552 615 612 facit
625 550 784 625 medicum,
800 566 861 611 nort
878 558 1041 612 oratorem.
1063 553 1147 613 nulla

162 656 213 700 ars
239 640 308 699 loco
336 637 478 697 discitur:
511 635 586 711 quid
611 641 707 709 ergo?
739 635 905 710 sapientia,
931 651 983 695 res
1009 634 1146 697 omnium

162 717 308 796 maxima,
330 721 360 781 in
382 721 488 782 itinere
512 718 684 794 colligitur?
725 719 845 779 Nullum
865 726 927 793 est,
952 719 1146 795 mihicrede,

161 808 233 882 iter,
255 805 339 880 quod
359 813 388 865 te
403 812 490 865 extra
510 802 708 879 cupiditates,
735 810 818 862 extra
834 802 913 879 iras,
938 811 1026 865 extra
1045 813 1147 866 metus

162 892 264 952 sistat:
289 896 341 950 aut
356 889 381 948 si
398 889 482 964 quod
496 897 589 962 esset,
604 886 725 963 agmine
737 887 818 948 iacto
833 903 910 962 gens
925 887 998 948 illuc
1012 888 1148 949 humana

161 980 312 1050 pergeret.
340 973 456 1033 tamdiu
477 973 535 1031 ista
555 971 708 1046 urgebunt
724 972 803 1031 mala
816 970 1077 1048 macerabuntque
1091 989 1148 1049 per

162 1065 259 1118 terras
275 1072 312 1117 ac
326 1057 421 1116 maria
436 1071 556 1130 vagum,
574 1054 719 1130 quamdiu
730 1056 878 1116 malorum
889 1057 1062 1130 gestaveris
1074 1072 1147 1117 cau·

119 1149 224 1203 ausas.
246 1141 362 1215 Fugam
378 1140 429 1200 tibi
445 1155 506 1200 non
522 1140 675 1215 prodesse
688 1139 829 1199 mirarist
850 1148 950 1199 tecum
966 1146 1045 1215 sunt,
1064 1157 1146 1216 quae

163 1225 253 1301 iugis.
282 1232 312 1284 te
332 1223 421 1298 igitur
439 1225 583 1295 emenda,
606 1239 699 1284 onera
719 1224 774 1285 tibi
796 1223 921 1284 detrahe
942 1232 972 1286 et
991 1225 1146 1297 [emenda]

163 1310 317 1370 desideria
345 1309 424 1368 intra
452 1310 616 1368 salutarem
643 1308 767 1369 modum
793 1306 926 1368 contine,
958 1324 1080 1369 omnem
1106 1324 1153 1380 ex,

162 1395 263 1453 animo
286 1393 379 1452 erade
399 1393 574 1468 nequitiam.
619 1390 651 1452 Si
677 1393 725 1452 vis
745 1390 1006 1467 peregrinationes
1032 1392 1148 1453 habere

162 1477 329 1551 iucundas,
359 1484 443 1538 tuum
474 1476 614 1536 comitem
643 1492 727 1535 sana.
763 1475 900 1537 haerebit
926 1475 980 1536 tibi
1009 1477 1147 1550 avaritia,

164 1562 309 1638 quamdin
333 1576 428 1621 avaro
450 1561 640 1635 sordidoque
664 1559 849 1622 convixeris.
878 1559 1017 1620 haerebit
1035 1566 1146 1635 tumor,

164 1645 309 1722 quamdiu
327 1646 462 1722 superbo
479 1643 724 1706 conversaberis.
752 1660 918 1719 numquam
940 1643 1096 1720 saevitiam
1113 1643 1146 1703 in

162 1730 286 1791 tortoris
302 1730 501 1790 contubernio
518 1743 627 1805 pones.
647 1728 811 1788 incendent
822 1729 963 1789 libidines
976 1735 1045 1789 tuas
1056 1727 1145 1788 adul·

120 1818 295 1874 alterorum
317 1814 468 1875 sodalitia.
514 1812 546 1874 Si
567 1813 644 1872 velis
659 1811 740 1872 vitiis
757 1814 843 1886 exui,
864 1814 955 1888 longe
970 1827 989 1872 a
1003 1811 1147 1872 vitiorum

163 1899 311 1973 exemplis
337 1898 544 1959 recedendum
573 1904 635 1956 est:
664 1912 792 1971 avarus,
819 1902 996 1971 corruptor,
1022 1910 1146 1972 saevus,

161 1982 388 2055 fraudulentus,
413 1983 537 2045 multum
560 1981 704 2055 nocituri,
731 1981 757 2042 si
783 1996 882 2056 prope
908 1996 927 2039 a
950 1986 981 2040 te
1006 1979 1146 2054 luissent,

162 2066 240 2126 intra
263 2074 292 2125 te
313 2074 398 2126 sunt:
426 2067 465 2127 ad
485 2067 628 2127 meliores
648 2066 759 2125 transi:
785 2080 855 2125 cunr
876 2063 1042 2124 Catonibus
1065 2065 1145 2135 vive,

163 2165 231 2210 cum
255 2147 374 2221 Laelio,
402 2165 470 2209 cum
496 2150 666 2210 Tuberone.
701 2150 786 2224 quod
814 2148 841 2208 si
866 2148 1031 2209 convivere
1056 2147 1147 2208 etiam

164 2230 288 2292 Graecis
310 2232 408 2308 iuvat,
431 2249 499 2292 oum
515 2232 656 2306 Socrate,
680 2249 748 2293 cum
763 2233 887 2294 Zenone
907 2246 1050 2298 versare:
1072 2233 1148 2291 alter

162 2323 192 2376 te
208 2315 330 2376 docebit
343 2317 435 2387 mori,
452 2315 479 2376 si
496 2331 625 2376 necesse
640 2318 711 2391 erit,
727 2317 817 2391 alter,
838 2325 1001 2391 antequam
1016 2331 1148 2376 necessa

120 2409 155 2462 aa
163 2400 228 2460 erit
249 2399 319 2460 vive
334 2416 403 2460 cum
419 2400 608 2478 Chrysippo,
626 2417 695 2462 cum
710 2400 886 2462 Posidonio.
910 2399 942 2461 hi
958 2400 1012 2461 tibi
1027 2400 1149 2461 tradent

162 2485 365 2545 humanorum
379 2485 613 2560 divinorumque
626 2485 777 2546 notitiam:
800 2485 830 2544 hi
845 2484 992 2545 iubebunt
1006 2483 1037 2543 in
1053 2498 1148 2558 opere

162 2584 234 2630 esse
255 2584 312 2629 nec
332 2576 449 2630 tantum
470 2568 546 2630 scite
567 2569 652 2644 loqui
673 2576 703 2629 et
721 2569 751 2629 in
771 2569 1006 2630 oblectationem
1021 2568 1147 2629 audien-

161 2652 234 2713 tium
257 2654 353 2713 verba
377 2654 505 2727 iactare,
531 2653 588 2713 sed
611 2653 744 2713 animum
769 2652 915 2715 indurare
940 2659 970 2713 et
995 2653 1147 2712 adversus

161 2737 260 2796 minas
273 2738 399 2811 erigere.
422 2755 519 2798 unus
534 2745 594 2798 est
611 2738 690 2797 enirn
704 2737 818 2799 huius
835 2739 939 2798 vitae
955 2737 1147 2797 fluctuan-

161 2818 212 2879 tis
238 2827 274 2879 et
297 2820 478 2880 turbidae
498 2829 638 2896 portus
662 2828 853 2882 eventura
880 2827 1146 2893 contemnere,

163 2908 245 2962 stare
266 2903 396 2962 fidenter
415 2904 602 2980 adopertum.
631 2906 691 2966 tela
712 2906 851 2968 fortunae
871 2906 1004 2966 adverso
1021 2910 1149 2981 pectore

120 2985 315 3062 aeexcipere,
331 3002 391 3048 non
404 2989 568 3050 latitantem
579 3005 636 3051 nec
646 2991 907 3065 tergiversantem.
932 2989 1147 3064 Magnanimos

162 3087 220 3132 nos
242 3075 351 3130 natura
373 3073 520 3146 produxit
540 3082 570 3134 et
589 3082 622 3135 ut
643 3074 827 3150 quibusdam
849 3075 1029 3134 animalibus
1049 3073 1148 3134 ferum

163 3153 256 3225 dedit,
272 3155 456 3230 quibusdam
472 3157 646 3233 subdolum,
664 3157 848 3232 quibusdam
862 3159 1018 3234 pavidum,
1035 3158 1078 3218 ita
1093 3173 1149 3218 no·

161 3237 210 3299 bis
225 3239 393 3313 gloriosum
408 3249 438 3302 at
458 3244 615 3303 excelsum
632 3244 786 3319 spiritum,
809 3249 1006 3319 quaerentem
1022 3240 1076 3301 ubi
1092 3241 1148 3302 ho·

162 3323 352 3403 uastissima,
374 3342 435 3386 non
457 3326 510 3386 ubi
530 3325 682 3386 tutissime
701 3326 800 3401 vivat,
822 3326 1005 3387 simillimum
1019 3326 1147 3397 mundo,

162 3424 268 3484 quem,
293 3416 438 3483 quantum
452 3411 622 3471 mortalium
639 3426 738 3485 passu
751 3412 835 3485 licet,
857 3411 997 3486 sequitur
1012 3410 1148 3470 aemula·

120 3499 280 3567 ultraque.
311 3492 427 3568 profert
447 3508 496 3566 se,
518 3493 635 3554 laudari
656 3488 825 3569 et‘adspici
848 3495 952 3554 credit.
996 3493 1148 3552 Dominus
