2422 3862
264 229 310 285 DE
324 227 493 284 REMEDllS
507 227 763 285 FORTUITORUM
777 228 891 286 LIBER.
999 225 1060 290 457

82 387 189 452 templu
205 381 273 452 virt,
291 397 363 452 quae
385 398 416 436 se
432 380 513 434 nimis
532 381 656 452 suspicit.
684 379 744 436 Duc
755 383 827 436 benc
845 381 994 437 institutam
1012 389 1088 445 neci

83 465 215 520 maternis
227 465 396 535 inquinatam
406 464 497 533 vitiis,
516 479 573 518 non
592 464 670 518 cuius
683 464 812 519 auriculis
827 466 963 536 utrimque
976 468 1060 538 patri·

83 548 178 603 monia
190 548 255 603 bina
270 548 461 619 dependeant,
476 562 533 603 non
545 563 629 618 quam
645 548 812 618 margaritae
827 547 979 618 suffocent,
1004 567 1060 605 non

83 632 128 687 cui
139 632 230 687 minus
243 633 277 686 sit
288 632 317 686 in
328 632 393 687 dote
408 647 491 702 quam
503 630 532 685 in
542 636 638 700 veste,
653 646 709 685 non
723 647 805 701 quam
818 628 980 705 [iithatcnte
992 635 1061 690 sella

83 712 295 789 circu[m]latam
312 732 365 787 per
383 716 480 770 urbem
498 714 620 786 populus
633 714 668 769 ab
685 714 760 768 omni
777 719 857 785 parte
870 731 960 786 aeque
977 732 1060 787 quam

81 799 196 853 maritus
208 799 377 870 inspexerit,
389 799 467 854 cuius
480 797 596 854 sarcinis
608 796 707 852 domus
719 814 775 853 non
790 798 825 852 sit
836 805 965 870 angusta.
982 799 1060 856 Hanc

82 882 162 936 tacite
184 882 221 937 ad
238 899 332 937 mores
350 889 412 937 tuos
428 882 559 953 rediges,
579 896 663 952 quam
676 882 801 937 nondum
813 888 998 953 corruperunt
1007 901 1059 955 pu-

81 965 144 1020 blici
158 961 369 1040 [corruptores].

146 1049 294 1118 „Uxorem
307 1051 411 1104 bonam
424 1047 535 1104 amisi.“
556 1045 619 1102 Non
632 1050 783 1103 erubesces
800 1045 870 1102 flere
887 1053 913 1103 et
929 1050 1089 1111 intulere-8

82 1132 163 1187 bilem
179 1149 283 1189 vocare
303 1133 458 1189 iacturam?
483 1130 542 1186 Hoc
560 1146 646 1185 unum
657 1131 751 1200 deest,
767 1135 857 1186 utrum
875 1131 950 1188 illam
961 1134 1059 1205 lugeas

81 1231 117 1270 an
131 1231 196 1276 non,
212 1232 275 1270 cum
288 1217 415 1273 maritum
426 1221 453 1269 te
465 1214 650 1285 cogitaveris,
665 1219 691 1269 et
703 1215 794 1271 virum
805 1215 906 1286 cogita.

145 1298 258 1368 „Amisi
270 1315 388 1354 uxorem
400 1295 534 1353 bonam.“
558 1295 645 1353 Soror
656 1297 818 1369 recuperari
828 1298 903 1353 bona
921 1315 979 1355 non
994 1306 1086 1371 pot-9
1153 1309 1155 1313 '

82 1387 124 1436 est
136 1399 189 1438 nec
201 1390 304 1438 mater:
326 1399 397 1438 uxor
412 1381 600 1438 adventicium
611 1382 715 1436 bonum
728 1387 778 1437 est.
798 1397 855 1436 nun
868 1388 911 1437 est
921 1382 992 1438 inter
1003 1384 1058 1454 illa,

82 1480 153 1535 quae
174 1469 262 1522 semel
280 1467 430 1538 unicuique
449 1465 619 1536 contingunt.
644 1465 744 1520 multos
759 1464 807 1519 tibi
825 1481 974 1521 numerare
992 1483 1057 1537 pos·
1123 1470 1125 1475 '

82 1564 157 1619 sum,
169 1551 269 1621 quibus
280 1553 383 1607 bonam
394 1565 512 1605 uxorem
524 1547 682 1620 lugentibus
695 1549 792 1603 melior
808 1549 931 1620 contigit.

145 1633 237 1704 Mors,
250 1635 378 1705 exilium,
392 1636 497 1702 luctus,
510 1640 591 1688 dolor
604 1648 660 1688 non
672 1637 736 1687 sunt
747 1632 885 1703 supplicia
897 1631 949 1687 sed
960 1632 1060 1689 tributa

80 1716 205 1773 vivendi.
222 1719 363 1774 neminem
377 1719 504 1773 illaesum
517 1722 571 1773 tata
583 1717 774 1778 transmittunt.
802 1716 880 1770 Felix
892 1720 933 1771 est
945 1731 1001 1772 non
1012 1717 1058 1788 qui

80 1800 141 1855 aliis
159 1801 285 1871 videtur,
307 1802 360 1858 sed
374 1802 421 1873 qui
441 1801 508 1857 sibi:
528 1800 608 1857 vides
628 1805 735 1870 autem,
752 1815 836 1870 quam
852 1816 916 1856 rara
932 1799 1059 1856 demisit

79 1882 132 1939 ista
148 1884 272 1940 felicitas.
