2422 3862
181 213 245 278 456
490 219 519 274 L.
534 217 673 274 ΑΝΝΑΕΙ
687 215 850 274 SENECAE

245 370 399 442 „Inimioos
409 368 532 424 habeo.“
554 369 624 422 lllud
636 373 678 423 est
687 368 777 438 peius,
791 369 867 438 quod
878 369 982 423 amieos
994 384 1051 424 non
1062 368 1164 427 habes.

156 459 173 510 2
245 495 263 523 ,‚
273 454 427 508 Amicum
441 451 615 523 perdidi.“
642 451 700 506 lam
713 451 785 505 enim
796 450 930 507 habuisse
941 458 968 506 te
980 458 1088 507 eertum
1101 457 1166 509 est?

248 536 401 608 „Amicum
410 534 551 606 perdidi.“
572 534 664 590 Alium
675 550 795 605 quaere,
808 541 835 590 et
847 535 885 589 ibi
896 551 960 590 eum
972 551 1105 606 quaeras,
1117 536 1165 594 ubi

184 621 328 681 invenias:
345 634 449 690 quaere
461 619 532 673 inter
543 619 673 673 liberales
686 623 770 687 artes,
782 619 853 673 inter
863 617 982 674 honesta
995 624 1021 674 et
1033 625 1111 675 reeta
1123 621 1164 674 of·

185 705 258 761 licia.
283 718 388 774 quaere
403 702 431 754 in
442 700 593 756 laboribus.
610 700 647 756 ad
663 717 790 756 mensam
807 717 853 757 res
871 702 922 756 ista
934 717 991 756 non
1009 703 1163 772 quaeritur.

186 803 290 858 quaere
302 786 423 856 aliquem
434 785 515 856 frugi.

248 867 387 942 „Perdidi
400 867 549 922 amioum.“
568 868 679 923 Fortem
690 869 813 923 animum
829 867 918 937 habe,
939 869 963 923 si
974 883 1078 923 unum:
1099 884 1160 922 eru-

184 957 284 1021 besce,
303 952 326 1005 si
344 951 465 1005 unicum.
488 950 572 1022 quid,
587 957 617 1006 tu
627 952 655 1006 in
667 957 742 1006 tanta
752 957 917 1023 tempestate
930 951 966 1007 ad
978 967 1064 1006 unam
1076 966 1163 1007 aneo·

185 1053 244 1091 ram
257 1035 374 1089 stabas?

155 1120 171 1171 l
267 1116 340 1171 XVI.
363 1117 538 1186 „Uxorem
554 1120 682 1174 bonam
697 1118 827 1172 amisi.“
837 1117 934 1174 Utrum
945 1118 1099 1173 inveneras
1113 1116 1160 1171 bo-

183 1219 248 1258 nam
261 1217 297 1257 an
311 1202 442 1256 feceras?
465 1201 488 1254 si
502 1201 667 1271 inveneras,
686 1200 778 1256 adhue
790 1200 895 1256 habere
912 1207 938 1255 te
953 1216 1041 1271 posse
1060 1199 1158 1255 exhor

184 1285 338 1356 intelligas,
348 1283 425 1354 lieet,
438 1283 514 1354 quod
524 1283 658 1341 habuistis
671 1285 695 1339 si
707 1287 831 1354 feceras,
849 1287 922 1339 bene
934 1299 1033 1356 spera:
1053 1299 1099 1337 res
1110 1299 1160 1353 pe·-

184 1369 244 1439 riit,
256 1368 351 1424 salvus
366 1373 407 1421 est
419 1367 525 1422 artifex.

154 1457 171 1508 Ξ
247 1448 350 1525 [„Sine
362 1466 449 1505 uxore
463 1452 553 1504 sum.“
576 1450 611 1505 Et
623 1451 683 1506 sine
696 1451 869 1509 adversario.
892 1452 947 1507 iam
958 1450 998 1504 tui
1010 1464 1160 1519 rerumque

184 1535 313 1591 dominus
328 1538 436 1588 tuarum
449 1550 513 1588 esse
527 1534 635 1605 incipis.

246 1617 392 1688 „Uxorem
405 1619 508 1672 bonam
519 1633 552 1673 ae
564 1617 696 1674 decoram
706 1617 844 1690 perdidi.“
861 1615 941 1674 Stulti
953 1623 995 1697 est
1007 1616 1160 1689 compedes

185 1717 251 1757 suas
263 1700 390 1772 quamvis
405 1716 506 1755 aureas
518 1698 633 1774 amare]

154 1789 172 1843 3
246 1782 360 1853 „Amisi
372 1799 489 1838 uxorem
508 1785 639 1840 bonam.“
671 1783 744 1852 Quid
762 1785 791 1840 in
810 1784 855 1839 illa
867 1785 1029 1854 probabas?
1050 1783 1162 1854 pudici-

183 1868 270 1924 tiam‘t
290 1868 486 1938 quammultae
498 1867 924 1939 diueustoditamperdiderunt!
944 1867 1053 1922 decus?
1076 1882 1163 1936 quam

183 1952 285 2007 multae
308 1951 380 2005 inter
403 1952 508 2021 probra
526 1952 685 2008 matronalis
707 1952 812 2007 ordinis
835 1968 900 2007 esse
919 1956 1073 2021 coeperunt
1090 1950 1163 2004 inter

169 2035 312 2106 exempla
324 2033 541 2089 nominatarum!
562 2035 717 2091 delectabat
729 2041 755 2091 te
771 2034 843 2091 fides
856 2035 939 2089 eius?
959 2049 1043 2104 quam
1060 2035 1162 2087 multas

184 2135 219 2173 ex
232 2117 342 2188 optimis
354 2118 518 2188 coniugibus
529 2119 668 2190 pessimas
680 2119 823 2176 videmus!
836 2135 871 2172 ex
883 2117 1102 2189 diligentissimis
1115 2133 1163 2170 so-

153 2209 170 2260 4
183 2201 342 2268 latissimas,
355 2215 390 2254 ex
400 2200 600 2256 liberalissimis
612 2203 823 2274 rapacissimas!
845 2200 971 2257 Omnium
984 2198 1098 2270 quidem
1110 2201 1162 2253 im-

182 2283 334 2355 peritorum
358 2282 480 2352 animus,
504 2285 624 2339 maxime
646 2291 739 2341 tamen
760 2285 789 2338 in
810 2284 916 2339 lubrico
940 2282 1084 2336 muliebris
1111 2288 1162 2336 est.

183 2366 291 2422 etiarnsi
312 2366 414 2420 bonam
435 2382 552 2421 uxorem
566 2367 702 2438 habuisti,
723 2384 781 2422 non
801 2373 882 2438 potes
905 2363 1043 2420 affirmare
1070 2366 1098 2419 in
1117 2367 1163 2421 illo

184 2447 271 2528 [eam]
280 2464 493 2521 permansuram
502 2450 588 2506 fuisse
598 2451 751 2523 proposito.
763 2449 831 2506 nihil
844 2456 885 2504 est
896 2455 951 2505 tam
961 2449 1065 2504 mobile
1078 2464 1163 2519 quam

152 2549 170 2601 5
184 2535 348 2590 feminarum
366 2533 513 2604 voluntas,
528 2532 596 2588 nihil
612 2539 667 2590 tam
681 2551 796 2606 vagum.
816 2534 950 2588 Veterum
970 2533 1163 2586 matrimonio-

183 2634 245 2673 rum
258 2616 376 2690 repudia
387 2617 571 2688 eognovimus
585 2623 612 2672 et
628 2617 769 2673 foediores
781 2616 900 2673 divortio
914 2615 985 2669 male
1006 2615 1162 2670 cohaeren-

182 2702 249 2757 tium
266 2702 350 2756 rixas.
376 2715 459 2770 quam
472 2701 573 2755 multae
590 2716 660 2771 quos
677 2700 705 2754 in
721 2700 912 2756 adolescentia
931 2705 1114 2768 amaverunt,
1135 2700 1163 2752 in

183 2790 325 2839 senectute
344 2783 481 2838 communi
495 2784 679 2853 reliquerunt!
699 2783 827 2854 quotiens
847 2783 920 2838 anile
936 2780 1089 2837 divortium
1101 2782 1163 2836 risi·

183 2869 259 2920 mus!
283 2882 366 2935 quam
377 2867 524 2921 multarum
536 2871 617 2921 notus
628 2883 707 2924 amor
719 2866 784 2922 odio
796 2867 904 2921 notiore
915 2869 1035 2920 mutatus
1050 2869 1107 2919 est!

246 2946 330 3017 „Sed
341 2947 413 3005 haee
424 2955 452 3004 et
465 2949 514 3003 fuit
530 2952 604 3006 bona
615 2956 643 3006 et
659 2951 757 3005 fuisset
767 2948 802 3024 [si
817 2944 975 3020 vixissei].“
1003 2948 1081 3002 Mors
1094 2948 1164 3003 effe-

181 3032 231 3099 oit,
243 3037 272 3086 ut
283 3031 422 3088 affirmare
435 3033 495 3088 sine
505 3034 631 3104 periculo
643 3034 747 3105 possis.

153 3115 170 3170 6
242 3114 373 3183 „Bonam
385 3132 503 3171 uxorem
515 3117 625 3172 amisi.“
646 3116 776 3174 invenies
787 3111 946 3190 [similem],
959 3114 982 3168 si
995 3113 1064 3168 nihii
1077 3130 1164 3184 quae-

182 3197 220 3252 ris
233 3198 287 3253 nisi
298 3201 401 3254 borram
411 3216 544 3255 uxorem:
561 3205 590 3254 tu
608 3201 742 3256 modone
760 3199 897 3271 imagines
914 3213 1097 3270 proavosque
1118 3214 1163 3252 re-

182 3277 309 3352 spexeris
321 3298 373 3337 nee
382 3283 586 3353 patrimonium,
595 3284 639 3339 oui
650 3285 705 3340 iam
716 3284 778 3355 ipsa
788 3283 916 3338 nobilitas
923 3281 1014 3353 primo
1026 3282 1090 3336 loeo
1101 3297 1163 3336 oes-

181 3365 224 3422 sit.
249 3356 301 3421 ista
319 3364 366 3419 diu
385 3381 448 3420 eum
465 3367 554 3422 forma
575 3370 784 3439 repugnabunt:
812 3366 919 3423 facilius
939 3380 1023 3436 reges
1038 3365 1165 3420 animum

173 3450 252 3506 nulla
276 3449 398 3508 vanitate
419 3445 537 3526 [rerum]
557 3453 717 3506 tumentem.
741 3466 797 3505 non
818 3451 932 3504 multum
955 3449 1035 3503 abest
1057 3464 1075 3503 a
1096 3463 1163 3504 con-
