2422 3862
179 228 242 293 174
466 233 499 292 L.
522 232 670 293 ANNAEI
690 231 867 294 SENECAE

179 389 226 450 nis
241 387 364 447 iudicet.
404 386 461 447 soli
483 387 636 462 lunaeque
657 385 820 462 plurimum
836 381 950 462 debeo,
973 397 1002 450 et
1024 407 1087 451 non
1104 391 1158 452 uni

177 472 250 533 milri
266 471 414 534 oriuntur.
450 486 530 531 anno
552 472 795 546 temperantique
809 488 923 533 annum
938 473 997 535 deo
1014 475 1157 550 privatim

178 558 331 632 obligatus
346 572 423 627 sum,
442 556 580 630 quamvis
595 555 667 615 nihil
680 557 709 616 in
725 572 827 618 meum
837 556 985 618 honorem
1001 559 1160 636 descripta

149 642 247 709 tsint.
269 641 322 721 [et]
341 640 431 701 stulta
444 640 569 700 avaritia
584 641 756 702 mortalium
769 643 1002 717 possessionem
1018 648 1159 721 proprie-

178 734 332 802 tatemque
344 725 492 785 discernit
507 740 564 783 nec
580 726 744 800 quicquam
756 742 846 787 suum
862 727 958 787 credit
972 744 1054 802 esse,
1073 729 1158 804 quod

178 812 333 888 publicum
356 816 417 870 est:
445 808 545 870 atille
567 809 691 885 sapiens
721 809 793 869 nihil
815 811 929 871 iudicat
950 828 1039 872 suum
1059 815 1159 890 magis

179 912 271 972 quam
289 892 377 954 cuius
392 892 433 953 illi
455 909 522 954 cum
537 893 670 954 humano
685 909 799 969 genere
813 897 1000 956 consortium
1017 905 1073 958 est.
1100 914 1158 957 neo

179 981 259 1042 enim
280 987 384 1039 essent
404 978 445 1037 ita
466 977 652 1052 communia,
678 977 736 1039 nisi
758 995 831 1053 pars
852 981 971 1041 illorum
993 983 1159 1056 pertineret

179 1067 218 1127 ad
234 1066 387 1138 singulos:
409 1062 527 1124 socium
550 1062 643 1123 elficit
663 1063 753 1122 etiam
775 1064 857 1138 quod
880 1079 919 1123 cx
939 1063 1063 1125 minima
1083 1083 1157 1142 por-

149 1151 262 1212 atione
283 1163 445 1209 commune
466 1154 522 1208 est.
555 1147 653 1206 Adire
674 1163 769 1220 nunc,
794 1149 878 1224 quod
900 1165 1011 1225 magna
1031 1158 1060 1210 et
1080 1166 1158 1210 vera

64 1233 66 1236 ’
179 1235 263 1296 bona
276 1250 337 1294 nou
359 1233 404 1292 sic
419 1231 610 1304 dividuntur,
632 1238 665 1291 ut
684 1233 829 1306 exiguum
850 1234 880 1292 in
896 1235 1035 1309 singulos
1050 1235 1155 1295 cadat:

180 1319 221 1380 ad
238 1331 487 1392 unumquemque
504 1323 566 1378 tota
585 1315 773 1391 perveniunt.
806 1316 853 1377 Ex
871 1317 1030 1394 congiario
1041 1326 1158 1379 tantum

181 1402 438 1471 lerunthomines
454 1399 640 1476 quantumin
656 1401 756 1476 capita
764 1402 951 1477 promissum
960 1410 1016 1463 est
1033 1406 1159 1479 epulum

180 1496 210 1549 et
225 1486 387 1549 visceratio
403 1493 434 1547 et
448 1485 593 1567 quicquid
608 1485 691 1545 aliud
714 1502 805 1547 manu
826 1489 959 1562 capitur,
981 1487 1113 1548 discedit
1127 1487 1159 1547 in

180 1582 299 1650 partes:
325 1578 358 1632 at
389 1570 467 1630 haec
493 1569 767 1643 individualem,
794 1587 855 1646 pax
881 1578 912 1632 et
931 1572 1070 1646 libertas,
1097 1581 1159 1633 tam

71 1704 75 1720 .
152 1659 386 1722 tomniumtota
408 1670 498 1730 quarn
517 1655 704 1730 singulorum
721 1663 799 1716 sunt.
837 1655 955 1731 cogitat
977 1653 1081 1730 itaque
1097 1659 1159 1735 [sa-

179 1744 296 1820 piens]‚
324 1757 378 1816 per
393 1756 484 1815 quem
505 1738 563 1799 sibl
578 1739 687 1799 horum
702 1756 779 1801 usus
796 1741 976 1817 fructusque
992 1742 1159 1816 contingat,

180 1841 343 1904 perquem
360 1825 476 1885 nonad
497 1840 581 1884 arma
601 1822 684 1884 illum
705 1839 762 1884 nec
782 1826 822 1884 ad
843 1825 1013 1886 servandas
1037 1824 1159 1901 vigilias

180 1928 238 1972 neo
253 1912 291 1972 ad
309 1910 422 1972 tuenda
436 1908 558 1970 moenia
569 1916 600 1968 et
613 1908 771 1985 multiplex
787 1909 859 1969 belli
874 1910 1019 1970 tributum
1036 1910 1160 1986 publica

180 1998 350 2057 necessitas
374 2001 478 2067 vocet,
499 1992 624 2069 agitque
640 1994 836 2068 gubernatori
858 2010 915 2057 suo
937 1994 1060 2070 gratias.
1090 1997 1158 2056 Hoc

181 2082 272 2142 docet
282 2078 480 2154 philosophia
495 2077 764 2154 praecipue-bene
775 2077 890 2139 debere
902 2078 1062 2154 beneficia,
1078 2080 1159 2140 bene

140 2167 317 2228 losolvere=
333 2164 481 2224 interdum
494 2171 595 2224 autem
607 2163 719 2224 solutio
732 2170 779 2224 est
790 2163 860 2238 ipsa
872 2163 1037 2226 consessio.
1061 2165 1160 2224 Con-

182 2248 361 2310 litebttur
381 2263 471 2321 ergo
494 2248 650 2309 multum
669 2246 934 2323 sadebereci,
956 2250 1068 2309 cuius
1093 2248 1159 2309 ad·

181 2333 469 2395 ministratione
503 2348 545 2392 ac
584 2333 837 2406 providentia
867 2328 1064 2407 contingit
1097 2334 1158 2393 illi

181 2417 461 2495 pingue'otium
482 2424 519 2477 et
539 2414 740 2477 arbitrium
762 2418 821 2477 sui
843 2418 1031 2493 temporis
1052 2418 1159 2478 etin-

183 2499 1085 2586 perturbatapublicisoccupationibusquies

267 2588 291 2648 0
304 2587 459 2657 Meliboee,
476 2587 549 2646 deus
562 2587 644 2646 nodis
659 2586 735 2646 baec
750 2589 811 2647 otio
822 2586 914 2660 fecit.-

265 2689 392 2746 namque
404 2674 464 2732 erit
474 2673 524 2731 ille
538 2671 613 2730 milti
626 2687 741 2746 semper
756 2673 839 2732 deus.

144 2756 215 2816 tlSi
235 2757 286 2814 illa
306 2770 432 2830 quoque
453 2753 513 2815 otia
534 2755 659 2816 multum
674 2755 791 2815 auctori
807 2771 864 2816 suo
879 2754 1006 2829 debent,
1029 2770 1158 2831 qnorum

182 2856 292 2900 munus
308 2839 368 2898 hoc
383 2838 547 2897 maximum
562 2847 624 2900 est:

266 2925 316 2984 ille
327 2939 409 2983 meas
422 2937 530 2984 errare
544 2925 643 2999 boves,
657 2931 691 2985 ut
704 2927 817 2998 omnis,
835 2932 865 2986 el
876 2928 973 3002 ipsum

266 3008 385 3079 ludere,
399 3023 476 3081 quae
490 3011 607 3081 vellem,
624 3013 742 3071 calam
751 3012 890 3086 permisit
899 3012 1027 3084 aprcstr':

183 3091 1160 3169 quantiaestimamusboeotium,quodlntardeos

143 3177 325 3252 laagitur,
348 3177 450 3252 quod
466 3177 561 3238 deos
579 3177 696 3239 lacitt
730 3177 872 3249 bodico,
896 3175 1008 3252 Lucili,
1030 3184 1061 3238 et
1082 3184 1111 3238 te
1130 3179 1161 3236 in

184 3261 303 3321 coelum
316 3260 535 3336 conpendiario
549 3277 637 3323 voco.
659 3261 784 3324 Solebat
795 3261 920 3324 Sextius
931 3261 1043 3334 dicere,
1056 3261 1160 3322 lovem

183 3346 253 3420 plus
269 3361 329 3407 non
349 3362 443 3422 posse
459 3363 550 3421 quam
567 3347 680 3408 bonum
693 3348 806 3408 virum=
829 3348 916 3422 plura
927 3345 1043 3422 iupiter
1057 3345 1159 3418 habet,

184 3447 264 3504 quae
276 3426 412 3507 praestet
431 3430 621 3507 bominibus,
642 3432 697 3492 sed
718 3430 796 3491 inter
816 3431 896 3492 duos
916 3431 1018 3492 bonos
1034 3447 1096 3491 non
1113 3435 1162 3491 est

164 3515 289 3591 melior,
308 3517 366 3592 qni
375 3518 583 3597 locupletior,
599 3533 662 3579 non
673 3515 773 3594 magis
788 3516 967 3594 quarnlntcr
981 3514 1080 3587 diuos,
1092 3513 1158 3588 qui-
