2422 3862
146 178 209 242 134
435 177 468 235 L.
484 173 631 234 ANNAEI
653 173 829 235 SENEOAE

142 332 210 394 lieri
225 346 353 391 necesse
369 337 430 403 est,
446 337 478 390 ut
493 344 561 388 cum
577 329 680 405 aliquo
699 328 788 388 nobis
803 344 909 389 morsu
924 329 1117 400 amissorum,

143 433 224 493 quos
239 416 423 487 amavimus,
448 428 559 474 nomen
575 419 737 472 occurrat:
758 413 814 472 sed
834 413 884 472 hic
899 428 1025 487 quoque
1039 429 1116 473 mor-

110 515 194 566 tsus
217 500 310 560 habet
330 513 416 558 suam
432 500 735 573 voluptatemnam,
758 504 790 557 ut
811 488 914 556 dicere
929 497 1051 558 solebat
1065 499 1121 556 At-

140 587 220 647 talus
242 591 362 655 noster,
392 580 459 656 „sic
479 582 644 642 amicorum
666 581 878 641 detunctorum
900 581 1047 642 memoria
1074 582 1116 641 iu·
1170 643 1172 648 ,

141 668 243 730 cunda
272 676 335 737 est,
370 666 527 741 quomodo
559 681 650 741 poma
690 665 840 740 quaedam
876 674 947 726 sunt
982 666 1118 725 suaviter

140 768 267 828 aspera,
293 751 449 827 quomodo
470 751 500 810 in
523 748 593 810 vino
613 747 704 809 nimis
726 748 821 809 veteri
844 749 914 825 ipsa
935 765 993 810 nos
1008 751 1115 809 amari·

139 838 215 898 tudo
230 836 374 896 delectat:
397 849 466 895 cunr
478 849 550 894 vero
566 831 727 895 intervenit
741 834 888 908 spatium,
910 850 1015 904 omne,
1033 835 1116 909 quod

140 920 287 996 angebat,
311 917 514 993 exstinguitur
534 926 564 977 et
588 934 665 994 pura
688 917 729 977 ad
753 933 811 978 nos
832 919 975 994 voluptas
1000 919 1115 978 venit.“

110 1004 174 1071 nsi
197 1004 239 1064 illi
261 1003 430 1076 credimus,
460 1003 596 1078 „amicos
619 996 790 1062 incolumes
815 1002 950 1077 cogitare
969 1003 1059 1062 melle
1080 1019 1116 1062 ac

140 1090 281 1164 placenta
302 1087 359 1148 irui
381 1095 443 1146 est:
473 1103 594 1160 eorum,
617 1086 669 1161 qui
692 1086 827 1160 luerunt,
858 1087 1032 1148 retractatio
1055 1104 1114 1147 non

140 1175 207 1233 sine
222 1171 387 1233 acerbitate
401 1170 532 1247 quadam
549 1171 640 1231 iuvat.
669 1171 738 1246 quis
752 1179 853 1231 autem
868 1168 1025 1246 negaverit
1039 1170 1114 1231 haec

140 1255 222 1318 acria
243 1272 369 1333 quoque
383 1263 413 1316 et
428 1254 571 1315 habentia
592 1255 774 1315 austeritatis
790 1255 904 1331 aliquid
924 1254 1113 1317 stomachum

108 1354 124 1408 7
141 1341 313 1402 excitaret“
348 1340 414 1415 Ego
434 1356 495 1400 non
510 1340 591 1399 idem
607 1339 721 1399 sentio:
735 1338 807 1398 milri
827 1340 992 1400 amicorum
1007 1341 1113 1400 delun-

140 1433 257 1486 crorum
278 1423 422 1499 cogitatio
444 1423 541 1484 dulcis
563 1439 600 1483 ac
619 1423 731 1483 blanda
752 1430 809 1484 est.
842 1423 935 1484 habui
950 1424 1030 1484 enim
1044 1424 1113 1485 illos

138 1516 293 1584 tamquam
308 1508 492 1582 amissurus,
508 1508 596 1568 amisi
612 1514 766 1583 tamquam
779 1507 918 1568 habeam.
953 1507 1014 1568 Fac
1029 1523 1113 1584 ergo,

139 1594 179 1654 mi
203 1593 312 1665 Lucili,
337 1593 422 1669 quod
447 1591 628 1668 aequitatem
653 1600 736 1653 tuam
761 1592 864 1665 decet,
888 1592 997 1652 desine
1020 1592 1112 1653 bene·

138 1677 240 1738 ficium
265 1679 406 1737 fortunae
431 1679 509 1737 male
535 1675 741 1752 interpretari:
766 1676 908 1748 abstulit,
935 1677 991 1737 sed
1018 1675 1112 1737 dedit.

106 1763 210 1833 gldeo
233 1762 340 1822 amicis
361 1761 452 1821 avide
474 1762 621 1833 truamur,
645 1761 731 1836 quia,
763 1761 908 1836 quamdiu
934 1760 1131 1837 contingere

138 1846 197 1907 hoc
217 1847 331 1921 possit,
353 1844 498 1906 incertum
521 1853 576 1905 est.
612 1845 797 1919 cogitemus,
821 1860 912 1920 quam
932 1861 1028 1922 saepe
1043 1845 1111 1907 illos

136 1930 351 2006 reliquerimus
366 1930 395 1990 in
411 1930 543 2005 aliquam
555 1929 829 2004 peregrinationem
840 1929 1036 2006 longinquam
1049 1932 1097 1989 exi

136 2015 209 2086 turi,
230 2030 322 2090 quam
344 2008 439 2088 saepe
458 2014 568 2074 eodem
589 2021 744 2074 morantes
763 2015 832 2074 loco
854 2030 915 2075 non
930 2014 1110 2075 viderimus:

136 2098 346 2173 intellegemus
381 2099 450 2173 plus
487 2114 544 2160 nos
580 2098 726 2173 temporis
756 2097 788 2158 in
818 2098 895 2158 vivis
925 2097 1109 2175 perdidisse.

104 2182 231 2251 oleras
257 2190 358 2243 autern
381 2181 456 2257 hos,
486 2182 538 2258 qui
562 2181 830 2258 neglegentissime
851 2180 967 2243 amicos
988 2182 1110 2256 liabent,

136 2265 305 2326 miserrime
319 2268 437 2341 lugent,
459 2282 517 2326 nec
531 2274 633 2327 amant
654 2283 854 2342 quemquam,
875 2267 934 2328 nisi
956 2283 1025 2328 cum
1042 2283 1109 2343 per-

137 2349 287 2410 diderintr
312 2350 445 2426 ideoque
460 2358 531 2411 tunc
548 2351 676 2412 effusius
692 2357 842 2424 moerent,
864 2349 936 2426 quia
954 2359 1108 2423 verentur,

136 2448 175 2492 ne
195 2434 318 2495 dubium
341 2435 395 2508 sit,
414 2452 452 2494 an
473 2435 655 2496 amavertnu
678 2451 748 2498 sera
767 2435 880 2496 indicia
898 2434 1038 2497 adiectus
1061 2438 1108 2496 sui

95 2525 294 2592 roquaerunt.
332 2517 365 2579 Si
381 2519 527 2580 habemus
544 2519 620 2581 alios
636 2519 768 2594 amicos,
792 2519 871 2579 male
885 2519 926 2579 de
940 2519 987 2579 his
1003 2527 1032 2580 et
1046 2536 1107 2580 me-

134 2616 236 2663 remur
256 2610 285 2662 et
305 2601 531 2677 existimamus,
552 2604 604 2679 qui
625 2620 731 2678 parurn
753 2606 854 2663 valent
875 2604 904 2663 in
926 2603 1017 2665 unius
1039 2605 1108 2664 elati

135 2685 290 2748 solatium:
311 2687 337 2747 si
357 2703 418 2747 non
441 2686 605 2761 habemuS,
629 2689 773 2749 maiorem
788 2687 928 2748 iniuriam
943 2687 1003 2764 ipsi
1018 2689 1107 2749 nobis

134 2768 262 2830 lecimus
281 2786 370 2845 quam
393 2786 411 2829 a
429 2772 550 2831 fortuna
572 2773 763 2848 accepimus:
789 2770 840 2832 illa
860 2788 953 2832 unum
975 2772 1106 2844 abstulit,

91 2869 123 2921 11
134 2869 202 2926 nos,
219 2869 444 2930 quemcumque
459 2871 519 2914 non
536 2854 673 2917 lecimus.
691 2855 810 2917 Deinde
822 2873 863 2917 ne
877 2873 969 2917 unum
985 2857 1107 2932 quidem
1129 2863 1132 2868 '

133 2937 222 2997 nimis
239 2937 364 3010 amavit,
388 2936 440 3013 qui
465 2939 534 3013 plus
563 2957 654 3015 quam
678 2957 771 3002 unum
792 2955 896 3002 amare
914 2957 976 3002 non
1000 2943 1105 3018 potuit.

133 3020 165 3081 Si
184 3021 253 3097 quis
279 3020 468 3094 despoliatus
491 3024 605 3086 amissa
629 3026 719 3085 unica
744 3027 848 3086 tunica
867 3028 1050 3103 conplorare
1072 3043 1106 3088 se

131 3105 214 3165 malit
235 3119 326 3179 quam
349 3104 597 3184 circumspicere,
624 3110 780 3185 quomodo
807 3110 903 3186 frigus
929 3111 1056 3187 effugiat
1078 3119 1107 3171 et

131 3187 249 3264 aliquid
269 3187 417 3261 inveniat,
442 3210 503 3268 quo
526 3201 607 3268 tegat
627 3197 788 3269 scapulas,
813 3211 914 3256 nonne
935 3197 988 3257 tibi
1003 3196 1104 3256 videa'-

129 3280 178 3332 tur
194 3272 415 3335 stultissimusr
437 3276 531 3351 Quem
546 3278 671 3338 amabas
687 3279 836 3339 extulisti:
860 3296 991 3355 quaere,
1015 3296 1105 3356 quem

85 3365 225 3419 trames.
250 3357 344 3419 satius
361 3368 408 3421 est
422 3362 551 3423 amicum
565 3379 710 3438 reparare
726 3380 816 3438 quam
835 3363 920 3425 itere.
949 3362 1022 3426 Scio
1038 3381 1104 3442 per-

133 3441 235 3502 tritum
261 3442 320 3503 iarn
343 3442 402 3507 hoc
423 3461 508 3512 esse.
531 3447 615 3508 nuod
637 3447 810 3508 adiecturus
834 3465 917 3519 sum,
946 3465 1009 3510 non
1034 3448 1104 3509 ideo
