2422 3862
214 231 385 293 EPISTUL.
400 231 494 294 Mola.
521 233 592 293 LlB.
608 234 674 294 Vll.
703 234 758 294 ΕΡ.
774 245 800 296 t·
823 241 894 310 (66.)
978 235 1037 300 147

65 384 169 458 cedet,
192 390 226 444 11
235 400 280 445 tex
296 383 417 445 duobus
439 400 538 460 aeque
558 384 646 448 iustis
661 401 697 446 ac
719 385 920 461 prudentibus
937 402 1038 448 coma·

64 475 126 529 tum
141 476 172 528 et
186 468 355 543 crispulum
368 469 455 529 malis
472 469 576 547 [quam
589 470 827 548 recalvastrnmj.
863 469 922 532 Ubi
936 487 993 546 par
1007 471 1037 532 in

64 560 196 627 auoque
208 552 303 612 virtus
315 559 378 626 est,
399 569 460 613 non
476 561 623 628 conparet
635 552 762 614 aliarum
777 570 877 615 rerum
893 552 1037 629 inaequa-

65 637 143 701 litas.
176 638 280 697 omnia
294 636 373 696 enim
388 636 448 697 alia
460 653 521 698 non
538 645 655 711 partes,
671 637 727 697 sed
743 637 941 698 accessiones
958 646 1038 699 sunt.

62 721 139 779 Num
156 719 227 794 quis
242 727 302 780 um
317 720 452 796 iniquam
473 736 632 781 censuram
654 721 731 780 inter
754 738 828 782 suos
843 722 919 797 agit,
943 730 975 782 ut
991 725 1081 784 sard

64 820 135 865 num
150 803 247 865 lilium
269 819 359 879 quam
379 820 503 879 1111111
522 804 620 879 magis
642 805 767 880 diligat?
790 820 993 880 procerumve
1011 815 1041 867 et

64 888 222 947 excelsum
238 904 328 962 quan
349 888 473 948 brevem
500 897 551 948 aut
571 887 744 949 modicum?
782 891 862 950 letus
881 905 956 949 suos
977 907 1039 951 non

64 970 255 1046 distinguunt
268 973 352 1031 lerae
367 979 446 1032 etse
461 972 489 1030 11
506 971 678 1032 alimentum
694 972 806 1048 pariter
817 973 949 1035 omnium
962 981 1039 1035 ster-

63 1063 146 1117 nunt.
170 1071 246 1115 aves
261 1071 299 1114 ex
321 1070 421 1130 aequo
442 1057 613 1131 partiuntur
625 1054 721 1117 cibos.
743 1056 848 1118 Ulixes
864 1058 903 1117 ad
918 1057 1039 1119 Ithacae

64 1156 139 1200 suae
151 1143 233 1200 ’1111
254 1139 299 1198 sic
316 1149 476 1215 properat,
498 1139 753 1215 quemadmodum
768 1147 976 1216 Agamemnon
999 1142 1038 1201 ad

62 1223 265 1302 Mycenarum
292 1221 410 1283 nobiles
438 1239 552 1284 muros.
597 1239 686 1284 nemo
713 1225 793 1283 euim
814 1226 942 1301 patriam
966 1224 1039 1301 quia

63 1322 175 1383 magna
189 1315 238 1367 est
254 1315 349 1379 amat,
365 1308 421 1368 sed
437 1309 509 1383 quia
523 1324 590 1368 sna.
621 1307 758 1382 Quorsus
776 1307 853 1369 haec
866 1310 1076 1384 pertinentem

63 1399 97 1451 ut
116 1390 201 1452 scias
223 1391 362 1450 virtutem
383 1393 484 1452 omnia
505 1407 600 1466 opera
620 1394 702 1452 velut
726 1392 805 1453 letus
831 1408 907 1453 suos
928 1392 1037 1453 iisdem

65 1474 164 1536 111111
185 1473 310 1548 1111111,
333 1490 430 1550 aeque
450 1476 608 1550 indulgere
633 1474 773 1536 omnibus
794 1483 825 1535 et
850 1476 971 1550 quidem
991 1476 1036 1534 in-

63 1559 195 1635 pensius
211 1556 434 1631 laborantibus,
458 1559 602 1635 quoniam
619 1559 745 1634 uuidem
767 1558 856 1619 etiam
877 1567 1036 1633 parentum

62 1659 149 1704 amor
158 1642 259 1717 magis
269 1641 297 1702 in
311 1658 357 1716 ea,
373 1659 503 1719 quorum
517 1644 685 1717 miseretur,
698 1642 831 1703 inclinat.
844 1642 947 1702 Virtus
961 1658 1036 1718 quo·
1115 1707 1121 1725 ἱ

62 1744 124 1802 que
147 1741 244 1802 opera
267 1741 338 1800 sua,
361 1742 442 1803 quae
463 1727 546 1787 videt
566 1727 702 1787 adficiet
725 1725 835 1802 premi,
859 1742 920 1786 non
939 1725 1036 1801 magis

61 1818 158 1884 amat,
183 1810 239 1870 sed
261 1819 419 1885 parentum
441 1811 592 1871 bonorum
614 1826 699 1871 more
720 1809 818 1884 magis
837 1809 1037 1885 conplectitur
1140 1820 1148 1831 ·

61 1911 98 1954 ac
119 1895 214 1955 iovet.
253 1894 353 1968 Quare
379 1911 440 1956 non
466 1902 513 1955 est
537 1896 629 1954 ullum
656 1895 769 1954 bonum
796 1895 891 1955 altero
918 1892 1078 1960 mainstae

61 1979 211 2054 quianon
227 1984 274 2038 est
289 1979 537 2055 quicquamapto
556 1977 672 2052 aptius,
695 1977 766 2052 quia
781 1979 873 2052 plano
895 1977 967 2037 nihil
989 1985 1037 2038 est

61 2063 195 2138 planius.
232 2079 294 2123 non
322 2070 410 2136 potes
437 2062 539 2122 dicere
564 2062 624 2121 hoc
646 2062 743 2136 magis
769 2077 825 2137 par
849 2077 921 2122 esse
945 2061 1034 2122 alicui

61 2162 155 2221 quam
176 2145 266 2206 illud:
291 2161 364 2221 ergo
387 2161 445 2206 nec
469 2145 598 2206 honesto
618 2144 777 2207 honestius
799 2145 961 2220 quidquam
978 2153 1033 2206 est.

60 2229 221 2303 Quodsi
245 2246 312 2306 par
334 2231 498 2291 omnium
518 2231 939 2303 virtutumnaturaest,
962 2229 1076 2298 triano

60 2329 204 2389 genera
222 2314 407 2374 bonorum
428 2314 463 2373 11
487 2329 607 2390 aequo
629 2323 726 2376 sunt.
750 2315 794 2374 lta
819 2314 1032 2374 (111111111-

63 2414 123 2472 quo
152 2405 201 2458 est
222 2400 379 2458 moderate
405 2399 538 2472 gaudere
567 2407 597 2459 et
627 2398 783 2458 moderate
815 2398 928 2458 dolere.
972 2398 1032 2455 lae-

60 2482 124 2541 titia
143 2481 196 2541 illa
217 2498 277 2543 non
300 2481 392 2541 vincit
417 2481 497 2542 hanc
523 2481 614 2541 animi
640 2482 810 2542 firmitatem
835 2481 893 2542 sub
919 2489 1033 2541 tortore

60 2565 192 2640 gemitus
221 2565 433 2626 devorantem:
460 2567 511 2625 illa
538 2564 621 2625 bona
650 2565 809 2642 optabilia,
839 2565 915 2624 haec
945 2564 1031 2622 mira-

60 2648 132 2710 bilia
156 2657 240 2723 sunt,
263 2650 403 2725 'utraque
427 2648 621 2710 nibilominus
650 2649 750 2726 paria,
786 2650 858 2724 qula
886 2646 1034 2722 quicquid

60 2731 245 2795 incommodi
277 2741 338 2806 est,
368 2733 400 2792 vi
425 2741 506 2794 tanto
535 2735 658 2794 maioris
685 2734 758 2794 boni
784 2733 901 2807 tegitur.
942 2729 1075 2804 ⁴Quis-,30

60 2819 129 2893 quis
158 2817 236 2878 baec
265 2817 383 2894 inparia
410 2818 537 2890 iudicat,
566 2818 605 2877 ab
634 2818 710 2894 ipsis
737 2815 899 2877 virtutibus
927 2815 1034 2876 avertit

60 2904 167 2962 oculos
189 2909 220 2962 et
240 2903 391 2962 exteriora
412 2902 631 2978 circumspicit:
654 2902 735 2962 bona
756 2917 828 2961 vera
852 2901 933 2960 idem
958 2915 1031 2974 pcn-

59 2986 146 3062 dent,
169 2986 251 3047 idem
265 2994 377 3062 patent.
419 2986 471 3047 illa
492 2986 569 3045 falsa
583 2988 707 3046 multum
729 2984 842 3046 habent
864 2985 942 3044 vani.
977 2983 1032 3044 ita

59 3087 119 3146 que
135 3070 333 3145 spectasset
352 3087 462 3145 magna
483 3079 588 3130 contra
609 3070 793 3140 visentibus
817 3084 885 3129 cum
901 3069 940 3126 ad
955 3084 1031 3142 pon-

58 3155 116 3215 dus
131 3161 279 3215 revocata
294 3163 379 3227 sunt,
403 3155 518 3216 fallunt.
561 3155 605 3213 lta
619 3163 679 3226 est,
703 3154 743 3213 mi
758 3153 866 3223 Lucili,
886 3151 1067 3226 quicquiddl

57 3256 130 3300 vera
151 3239 230 3299 ratio
253 3238 458 3312 commendat,
482 3238 613 3298 solidum
634 3245 663 3296 et
683 3244 839 3296 aeternum
853 3243 914 3307 est,
935 3235 1033 3295 firmat

57 3325 192 3384 animum
208 3322 388 3399 adtollitque
403 3339 526 3398 semper
540 3323 672 3381 luturum
687 3323 717 3380 in
730 3322 873 3381 vearcelsor
890 3319 939 3377 illa
954 3333 1032 3392 quae

56 3415 172 3468 temere
193 3406 356 3468 laudantur
377 3415 406 3467 11
431 3405 683 3481 11111111111111
704 3405 787 3466 bona
811 3410 904 3475 sunt,
927 3400 1044 3460 iubant

56 3491 200 3553 inanibus
213 3491 329 3551 laetos:
346 3507 455 3552 rursus
469 3507 514 3566 ea,
533 3485 1070 3577 111111111111111111111111111111Ι

790 3577 847 3640 m*
1071 3574 1074 3579 ’
