2422 3862
244 265 274 319 u.
290 262 460 321 ameum
476 261 617 320 senece
630 263 677 318 on
691 243 939 320 remearem.
1018 257 1083 322 459

168 416 198 474 Si
215 417 251 473 ad
266 422 392 472 naturam
404 415 501 483 vives,
516 429 666 485 numquam
679 416 734 469 eris
744 432 867 487 pauper:
890 415 914 468 si
927 405 1151 485 adopinio·16‚i

103 519 183 569 nem,
199 516 350 572 numquam
361 499 452 556 dives.
480 497 619 570 Exiguum
633 503 731 554 natura
744 498 899 568 desiderat,
917 498 1083 552 immensum

104 585 208 656 opinio.
230 582 261 640 Si
276 588 444 655 congeratur
460 583 488 637 in
502 588 530 637 te
543 581 677 653 quidquid
692 582 768 637 multi
779 583 932 655 locupletes
944 579 1082 652 possede-

103 674 181 737 runt,
205 669 228 723 si
245 669 315 722 ultra
330 666 469 739 privatum
484 665 622 737 pecuniae
641 665 755 720 modum
769 668 920 722 fortunate
935 663 1081 736 provehat,

104 769 172 807 auro
190 757 281 823 tegat,
304 765 429 822 purpura
445 750 561 818 vestiat,
583 766 616 803 eo
635 748 799 804 deliciarum
818 764 959 822 opumque
978 746 1082 819 perdu-

103 842 162 904 cat,
183 841 212 890 ut
229 841 332 889 terram
350 833 534 889 marmoribus
552 832 725 901 abscondas,
743 849 800 888 non
816 838 921 888 tantum
939 831 1020 886 liceat
1031 829 1082 886 ha-

102 922 184 990 bere,
211 918 263 974 sed
284 919 393 972 calcare
412 916 537 982 divitiasr
565 916 701 971 accedent
721 922 828 973 statuae
847 922 874 972 et
891 916 1029 987 picturae,
1057 919 1084 969 et

103 1001 239 1072 quidquid
256 1018 302 1056 ars
320 1002 376 1055 ulla
393 1001 519 1054 luxuriae
537 1015 605 1054 auro
619 1005 646 1054 et
657 1005 772 1072 argento
785 1000 953 1056 elaboravit=
975 1000 1083 1070 majora

103 1102 206 1157 cupere
224 1086 259 1140 ab
276 1084 320 1139 his
338 1083 441 1139 disces.
473 1083 619 1138 Desideria
630 1085 766 1139 naturalia
776 1083 854 1140 finita
865 1088 942 1140 sunt:
966 1098 1001 1137 ex
1013 1082 1083 1138 laisa

100 1169 235 1240 opinione
253 1167 396 1222 nascentia
413 1166 459 1221 ubl
471 1166 613 1234 desinant,
634 1182 690 1221 non
701 1166 815 1223 habent.
838 1165 929 1222 nullus
942 1166 1016 1222 enim
1027 1171 1081 1220 ter-

102 1253 193 1307 minus
212 1253 282 1308 falso
301 1257 352 1306 est.
382 1249 498 1305 Veritati
516 1249 621 1320 aliquid
632 1255 785 1306 extremum
797 1257 853 1307 est:
876 1267 954 1306 error
965 1250 1082 1305 immen-

99 1353 150 1390 sus
169 1343 220 1391 est.
251 1333 374 1390 Retrahe
391 1340 418 1391 te
438 1349 506 1405 ergo
522 1333 645 1389 avenis:
668 1340 774 1389 etcum
787 1336 867 1392 voles
879 1335 966 1402 scire,
984 1349 1020 1388 an
1031 1348 1082 1387 na-

101 1421 232 1484 turalem,
255 1434 291 1473 an
306 1433 409 1474 vanam
424 1416 531 1472 habeas
549 1416 743 1488 cupiditatem,
767 1418 931 1485 considera,
948 1431 1014 1470 num
1032 1415 1081 1470 ali·

99 1503 165 1558 cubi
183 1502 329 1557 consistatr
352 1500 376 1555 si
394 1501 478 1572 longe
494 1516 648 1572 progresso
666 1518 779 1573 semper
793 1501 898 1573 aliquid
912 1499 1022 1571 longius
1036 1513 1081 1554 re-

102 1591 164 1656 stat,
176 1587 243 1641 scito
255 1585 284 1640 id
295 1586 421 1640 naturale
433 1599 491 1639 non
503 1600 577 1639 esse.
599 1585 754 1656 Paupertas
767 1584 907 1657 expedita,
921 1597 1021 1638 secura
1031 1585 1152 1654 est.17,3

102 1669 170 1724 Cum
183 1670 331 1724 classicum
344 1668 457 1737 cecinit,
476 1668 526 1722 scit
538 1683 594 1723 non
606 1686 637 1723 se
651 1669 722 1740 peti:
743 1684 805 1723 cum
818 1669 911 1739 aliquo
924 1665 1082 1722 conclama·

100 1760 158 1808 tum
170 1757 227 1820 est,
250 1751 392 1822 quomodo
412 1757 506 1817 exeat,
531 1768 587 1806 non
606 1752 673 1823 quid
688 1751 801 1822 efferat,
823 1750 939 1823 quaerit.
971 1749 1009 1804 At
1019 1764 1082 1804 cum

101 1834 293 1906 navigandum
312 1839 368 1898 est,
390 1850 447 1888 non
466 1835 581 1906 strepitu
595 1839 709 1906 portus,
726 1850 783 1891 non
799 1835 882 1890 unius
897 1833 1027 1889 comitatu
1040 1832 1082 1886 in-

101 1919 194 1990 quieta
213 1922 277 1972 sunt
292 1918 393 1972 littora.
424 1914 486 1972 Non
503 1919 661 1975 circumstat
678 1919 753 1973 illum
769 1921 849 1975 turba
864 1917 1023 1984 hominum,
1045 1915 1082 1969 ad

101 2019 172 2074 quos
180 2002 341 2074 pascendos
349 2000 595 2057 transmarinarum
606 2002 753 2074 regionum
763 2002 886 2074 optanda
896 2006 938 2056 est
949 1999 1081 2055 fertilitas.
1178 2025 1181 2032 »

99 2087 192 2142 Facile
211 2091 253 2141 est
269 2101 388 2157 pascere
408 2100 515 2156 paucos
532 2090 646 2142 ventres
668 2092 695 2141 et
717 2088 790 2142 bene
811 2086 948 2141 institutos
970 2088 997 2138 et
1015 2081 1082 2138 nihil

65 2208 73 2220 ·
97 2170 176 2225 aliud
188 2169 381 2225 desiderantes
396 2185 479 2240 quam
493 2169 611 2240 impleri.
636 2170 727 2227 Parvo
743 2172 831 2226 sames
843 2173 963 2234 constat,
978 2182 1082 2238 magno

100 2253 250 2308 fastidium.
286 2253 439 2323 Paupertas
458 2259 586 2309 contenta
602 2259 645 2309 est
660 2254 808 2310 desideriis
824 2253 989 2310 instantibus
1001 2250 1080 2305 satis-

100 2338 203 2390 facere.
215 2363 258 2375 -
269 2333 360 2390 Sanus
373 2335 453 2392 dlves
467 2341 525 2405 est,
541 2338 588 2408 qui
598 2338 663 2393 licet
672 2337 775 2394 habeat
788 2339 913 2405 divitias,
929 2351 977 2391 eas
988 2340 1083 2389 tamen

101 2424 130 2472 ut
140 2418 278 2488 fugientes
290 2417 381 2473 habet.
394 2446 437 2458 -
449 2417 521 2485 Quid
532 2437 600 2490 ergo
615 2426 669 2486 cst,
685 2436 772 2491 quare
782 2437 896 2476 recuses
910 2434 973 2474 cam
984 2421 1079 2470 contu·
1089 2419 1150 2482 ΙῚΑ

104 2499 259 2568 bernalem,
284 2501 362 2555 cuius
381 2517 474 2555 mores
494 2517 580 2564 sanus
598 2501 678 2559 dives
696 2504 837 2559 imitaturi
869 2501 900 2558 Si
916 2502 959 2554 vis
978 2514 1081 2556 vacare

101 2585 207 2649 animo,
226 2590 273 2638 aut
289 2600 399 2655 pauper
419 2583 457 2638 sis
475 2590 599 2655 oportet,
617 2591 664 2640 aut
674 2587 793 2657 pauperi
808 2585 913 2640 similis.
943 2583 1006 2637 Non
1018 2586 1080 2654 pot-

97 2675 142 2726 est
159 2666 281 2724 studium
298 2668 418 2722 salutare
430 2665 491 2722 ficri
503 2668 563 2724 sina
573 2669 736 2740 frugalitatis
748 2684 824 2730 cura,
845 2667 1000 2739 Frugalitas
1011 2681 1080 2737 pau·

98 2759 194 2828 pertas
210 2751 368 2809 voluntaria
386 2756 436 2806 cst.

161 2837 292 2907 Perpessi
315 2842 379 2891 sunt
401 2834 558 2891 multotiens
577 2835 714 2890 exercitus
740 2836 863 2907 inopiam
889 2834 1013 2890 omnium
1034 2849 1078 2888 re·
1087 2833 1149 2901 17,7

99 2937 173 2986 rum,
201 2921 331 2978 vixerunt
353 2919 505 2976 herbarum
526 2919 666 2976 radicibus
685 2924 711 2975 et
731 2919 806 2976 dictu
826 2918 939 2975 foedam
961 2919 1081 2974 talemnt

99 3009 208 3061 samem.
232 3010 258 3059 et
279 3003 351 3061 haec
373 3003 465 3060 omnia
485 3005 614 3076 perpessi
638 3009 701 3059 sunt
720 3021 776 3076 pro
790 3019 895 3075 regno,
918 3018 972 3074 quo
990 3001 1080 3073 magis

98 3089 223 3157 mireris,
247 3088 347 3142 alieno.
368 3087 507 3143 Dubitabit
528 3089 626 3159 aliquis
650 3090 723 3144 terre
743 3092 951 3160 paupertatem,
972 3092 1000 3141 ut
1020 3085 1080 3141 ani·

98 3189 174 3227 mum
198 3189 215 3227 a
237 3171 376 3225 furoribus
399 3171 519 3226 liberet?
937 3220 940 3226 .

160 3255 253 3310 Multis
267 3254 377 3309 divitias
389 3269 508 3324 parasse
520 3271 576 3310 non
587 3253 651 3310 linis
665 3254 840 3310 miseriarum
852 3254 907 3319 fuit,
925 3252 978 3308 sed
990 3253 1165 3319 muta-17,ll

99 3343 145 3391 tro.
165 3354 218 3393 nec
234 3337 289 3393 hoc
307 3337 406 3392 mtr0r=
435 3352 492 3392 non
512 3339 540 3392 in
558 3341 642 3394 rebus
660 3334 772 3407 vitium',
792 3337 888 3393 sedin
906 3336 999 3392 animo
1017 3336 1082 3401 ipso

96 3426 151 3475 est.
183 3421 254 3477 Illud
266 3421 342 3492 quod
358 3426 553 3492 paupertatem
568 3437 691 3494 gravem
699 3423 787 3477 nobis
798 3423 932 3482 lecerat,
946 3411 1113 3489 stammas

92 3520 200 3574 graves
217 3504 309 3560 faciet.
344 3502 601 3572 Quemadmodum
616 3505 694 3564 mlta
708 3506 826 3572 retest,
842 3506 949 3552 utrum
959 3489 1145 3552 mmm*
