2422 3862
162 223 225 288 248
450 224 482 283 L.
505 223 653 284 ANNAEl
676 223 852 284 SENECAE

161 394 230 438 mus
246 378 365 437 iuturus
381 379 437 446 est,
453 374 479 434 si
493 383 639 448 quantum
652 375 777 450 haheat,
794 392 849 452 per
863 392 898 436 se
913 388 1080 455 conputare
1095 399 1147 443 cc-

119 469 257 538 llgetur.
301 457 380 533 Quid
401 456 472 518 mihi
496 459 625 532 prodest
645 458 725 519 scire
748 460 879 535 agellum
899 461 929 520 in
950 469 1055 537 partes
1070 465 1146 526 divi·

161 545 249 619 dere,
270 543 297 602 si
313 541 418 602 nescio
434 542 610 603 cumfratre
626 542 786 603 divideres
818 544 892 619 qnid
914 547 1043 620 prodest
1062 551 1145 609 colli·

159 642 233 702 gere
258 625 409 687 subtiliter
432 625 529 699 pedes
551 625 647 701 iugeri
676 635 706 687 et
729 628 982 703 conprehendere
1007 632 1144 692 etiamsi

161 710 235 788 quid
254 708 473 784 decempedam
489 707 610 784 effugit,
631 708 659 769 si
679 710 795 771 tristem
815 727 864 770 me
880 712 953 773 iacit
967 713 1085 774 vicinus
1098 716 1142 775 in·

159 801 270 871 potens
286 800 316 853 et
330 791 446 869 aliquid
463 808 502 851 ex
516 808 584 853 meo
600 793 773 855 abradens?
811 796 901 856 docet
922 798 1078 872 quomodo
1099 800 1142 858 ni-

161 879 202 940 hii
216 878 343 955 perdam
358 892 397 937 ex
411 875 525 938 finibus
539 877 631 936 meis:
648 885 679 938 at
693 893 751 953 ego
767 875 874 938 doceri
886 882 972 955 vein,
989 883 1143 957 quomodo

120 969 242 1023 12t0t0s
258 962 363 1022 hilaris
379 960 521 1020 emittam.
559 959 710 1034 „Paterno
726 978 801 1036 egro
816 969 847 1022 et
860 965 952 1038 evito,
970 965 1075 1042 inquit,
1092 982 1144 1024 ex·

159 1047 287 1123 pellor.“
321 1044 420 1119 Quid?
441 1050 510 1104 ente
522 1060 611 1104 evum
623 1052 706 1105 tuum
720 1047 789 1120 quis
805 1046 895 1106 istum
910 1063 1016 1122 agrum
1031 1049 1145 1109 tenuit?

160 1131 263 1201 euius,
280 1146 341 1189 nnn
357 1128 426 1190 dico
447 1128 596 1202 hominis,
611 1129 668 1188 sed
684 1129 789 1204 populi
805 1130 907 1203 tuerit,
927 1133 1072 1208 expedire
1088 1149 1143 1208 po·

159 1221 227 1275 test
247 1230 309 1274 non
324 1213 466 1273 dominus
481 1213 555 1287 istc,
573 1211 631 1273 sed
647 1214 775 1277 colonus
791 1214 918 1275 intrasti.
958 1217 1043 1277 cuius
1058 1218 1141 1275 celo·

160 1314 219 1357 nus
234 1303 290 1357 est
310 1297 337 1357 si
352 1296 429 1356 bene
443 1303 543 1356 tecum
557 1297 669 1372 agitur,
687 1296 820 1357 heredis.
859 1298 977 1374 Negant
995 1299 1142 1359 iuriscon-

160 1382 230 1443 sulti
247 1381 410 1457 quicquam
424 1380 563 1456 usucapi,
580 1381 664 1455 quod
678 1381 831 1455 publicum
847 1390 908 1443 est:
927 1383 1081 1457 publicum
1096 1388 1144 1444 est

159 1465 227 1539 hoc,
256 1464 338 1540 quod
360 1471 456 1539 tenes,
484 1465 568 1539 quod
585 1472 667 1524 tuum
685 1464 778 1525 dicis:
804 1466 957 1541 publicum
972 1474 1063 1528 estet
1078 1468 1143 1542 qui·

121 1547 152 1602 1³
160 1551 229 1610 dem
249 1548 371 1624 generis
388 1548 523 1608 humani.
566 1546 590 1608 0
609 1549 762 1623 egregiam
784 1558 894 1610 artem:
927 1550 989 1609 scis
1012 1551 1144 1610 rotunde

159 1634 265 1693 metiri.
298 1631 328 1692 in
346 1632 527 1707 quadratum
541 1631 655 1706 redigis
671 1647 893 1708 quamcumque
908 1633 1066 1708 acceperis
1081 1634 1142 1693 ior·

158 1733 247 1776 mem.
280 1716 438 1776 intervalla
453 1715 588 1777 siderum
604 1714 691 1776 dicis.
719 1717 793 1776 nihil
808 1723 862 1789 est,
878 1716 961 1792 quod
975 1715 1005 1774 in
1019 1732 1143 1777 mensu·

158 1817 222 1861 rem
237 1808 319 1862 tuam
334 1816 395 1861 non
412 1801 518 1861 cadat=
553 1801 580 1860 si
595 1800 705 1861 artifex
725 1816 776 1875 es,
802 1800 906 1861 metire
922 1799 1057 1882 'hominis
1079 1802 1143 1861 cni·

158 1900 249 1945 mum.
292 1884 356 1958 dic,
381 1900 472 1960 quem
496 1900 624 1961 magnus
651 1883 705 1957 sit,
734 1884 798 1958 dic,
825 1900 915 1959 quam
938 1883 1068 1958 pusiilus
1096 1884 1143 1944 sit

159 1967 243 2042 Scis
270 1983 349 2042 quae
362 1974 447 2028 recte
462 1967 502 2031 sit
515 1969 609 2030 linea:
633 1968 706 2044 quid
720 1969 775 2028 tibi
793 1969 935 2044 prodest,
962 1967 1003 2040 si,
1026 1968 1099 2043 quid
1113 1968 1143 2026 in

118 2053 219 2112 livita
233 2060 349 2111 rectum
364 2052 411 2124 sit,
427 2052 573 2127 ignores?
614 2052 737 2113 Venio
758 2052 921 2113 nunced
936 2051 1056 2123 illum,
1079 2052 1143 2126 qui

159 2134 392 2196 coelestium
413 2136 550 2197 notitia
570 2136 776 2210 giorietur=

275 2278 277 2283 ,
306 2219 428 2292 srinida
443 2220 570 2280 Saturni
581 2236 644 2281 sese
658 2237 714 2295 quo
729 2222 814 2281 steila
828 2225 967 2294 receptet,

216 2343 222 2354 ·
274 2316 278 2329 ¹
310 2307 473 2376 quesieris
488 2304 723 2379 coelidyitenins
736 2309 817 2363 erret
828 2304 860 2362 in
873 2304 966 2364 orbes.

158 2381 225 2443 Hoc
243 2387 322 2445 scire
338 2386 410 2461 quid
427 2389 584 2462 proderit?
605 2394 638 2447 ut
655 2387 804 2447 sellicitus
818 2384 892 2459 sim,
906 2402 976 2445 cum
992 2384 1143 2446 Saturnus

160 2474 189 2526 et
207 2467 290 2530 Mars
309 2486 349 2528 ex
370 2472 523 2530 contrario
544 2471 667 2531 stabunt
681 2478 733 2530 cut
748 2485 816 2530 cum
831 2469 1000 2530 Mercurius
1016 2485 1143 2545 vesper-

159 2551 252 2612 tinum
271 2554 362 2614 saciet
376 2569 519 2615 occasum
536 2554 659 2615 vidente
672 2552 821 2626 Saturno,
844 2551 947 2627 potius
971 2570 1062 2628 quam
1084 2553 1143 2612 hoc

159 2634 284 2708 discam,
301 2637 486 2713 ubicumque
500 2644 570 2699 sunt
584 2639 651 2708 iste,
668 2637 801 2713 propitia
811 2651 881 2697 esse
896 2652 953 2696 nec
968 2653 1063 2711 posse
1079 2651 1143 2695 mn·

119 2722 150 2774 15
159 2719 235 2779 terit
268 2719 340 2794 Agit
353 2719 404 2780 ilia
418 2722 578 2783 continuus
595 2720 671 2783 ordo
689 2723 819 2782 fetorum
834 2727 864 2779 et
877 2720 1059 2780 inevitabilis
1076 2736 1144 2779 cur·

160 2817 223 2860 sus.
259 2819 313 2878 per
335 2810 430 2863 statas
450 2805 533 2864 vices
553 2812 690 2866 remeent
703 2804 876 2879 eteffectus
890 2819 992 2864 rerum
1010 2805 1144 2865 omnium

159 2892 211 2944 aut
226 2891 350 2944 movent
362 2893 414 2946 eut
429 2894 548 2948 notant:
570 2890 626 2949 sed
642 2890 708 2950 sive
724 2887 870 2965 quicquid
885 2889 1001 2960 evenit,
1019 2887 1143 2958 iaciunt,

161 2968 233 3042 quid
248 2967 429 3030 inmutabilis
443 2972 487 3030 rei
500 2973 604 3033 notitia
616 2972 775 3047 proficiett
796 2972 862 3032 sive
874 2971 1056 3046 significant,
1069 2970 1145 3046 quid

159 3051 252 3111 refert
278 3051 440 3127 providere
462 3056 547 3130 quod
567 3055 704 3130 effugere
725 3073 786 3117 non
808 3054 1051 3137 possis‘tt'scies
1075 3053 1144 3127 iste,

159 3136 392 3199 neseiaszfient
433 3152 465 3215 ιε
952 3140 955 3145 '

117 3221 151 3277 16
282 3221 317 3282 Si
329 3237 397 3282 vero
411 3226 500 3284 solem
515 3225 559 3283 nd
569 3225 711 3299 rapidum
726 3227 882 3299 stellasque
896 3229 1047 3298 sequentes

283 3307 388 3366 ordine
400 3311 554 3382 respicies,
572 3324 730 3382 numquam
744 3317 772 3369 te
785 3311 918 3369 crastina
929 3307 1021 3380 saltet

282 3390 358 3450 itera
371 3405 426 3450 nec
441 3392 558 3451 insidiis
570 3394 663 3452 noctis
676 3395 798 3469 capiere
811 3408 942 3453 serenae.

158 3466 220 3530 Sed
235 3480 304 3532 ante
319 3470 393 3531 setis
410 3473 595 3549 abundeque
610 3475 768 3550 provisum
784 3483 845 3547 est,
861 3481 895 3534 ut
907 3473 946 3533 ab
961 3471 1082 3532 insidiis
1098 3477 1145 3533 tu-
