2422 3862
171 239 233 302 422
482 242 512 296 L.
526 240 663 297 ANNAEl
678 239 841 298 SENECAE

235 393 447 468 „philosophia,
472 393 574 464 inquit,
597 391 665 448 nihil
684 394 759 451 aliud
780 400 823 450 est
843 400 1018 465 quam-recta
1034 395 1154 452 vivendi

172 482 242 536 ratio
259 482 305 537 vel
327 478 446 534 honeste
460 477 577 534 vivendi
592 477 707 532 scientia
727 479 775 535 vel
796 494 843 533 ars
860 485 953 534 rectae
969 479 1044 535 vitae
1063 494 1153 550 agen-

173 565 237 620 dae.
267 563 330 619 Non
345 562 514 630 errabimus,
537 561 560 615 si
584 559 736 616 dixerimus
753 560 961 633 philosophiam
979 577 1044 616 esse
1059 563 1154 634 legem

171 650 244 704 benc
259 646 434 716 honesteque
450 642 584 710 vivendi,
607 650 633 699 et
649 645 696 716 qui
714 644 815 700 dixerit
831 646 905 701 illam
922 647 1050 717 regulam
1066 647 1153 714 vilae,

173 747 254 787 suum
273 731 311 785 illi
328 724 456 804 [nomen]
472 726 624 784 reddidit.“

133 824 164 878 18
236 812 480 884 Ibid.§·ll-l‹l.
512 810 622 868 Seneca
636 811 933 869 inExhortationibus=

238 897 401 966 „Pleriquc‚
427 895 528 967 inquit,
551 893 783 967 philosophorum
804 898 875 952 tales
898 902 977 970 sunt,
1004 896 1103 952 diserti
1125 900 1155 953 in

174 980 332 1037 convicium
347 995 437 1035 suum.
458 979 564 1049 quossi
579 978 678 1035 audias
693 980 721 1034 in
733 981 893 1049 avaritiam,
911 981 939 1035 in
951 978 1112 1050 libidinem,
1126 982 1154 1036 in

173 1064 354 1120 ambitionem
372 1068 553 1134 perorantes,
574 1062 706 1118 indicium
727 1065 873 1135 professos
894 1068 993 1135 putes:
1017 1064 1090 1120 adeo
1107 1081 1153 1120 re-

174 1148 300 1203 dundant
319 1147 355 1203 ad
370 1147 447 1218 ipsos
462 1146 609 1202 maledicta
625 1146 653 1201 in
670 1148 811 1219 publicum
826 1149 921 1202 missa.
941 1164 1011 1218 quos
1030 1164 1088 1203 non
1103 1149 1152 1203 ali·

173 1238 215 1287 ter
233 1231 334 1287 intueri
347 1231 429 1286 decet
439 1247 522 1302 quam
534 1229 675 1300 medicos,
691 1245 809 1301 quorum
821 1232 889 1287 tituli
900 1230 1027 1287 remedia
1038 1230 1153 1300 habent,

172 1315 295 1388 pyxides
310 1331 430 1372 venena.
449 1313 587 1387 quosdam
599 1331 670 1372 vero
684 1331 737 1370 nec
746 1316 840 1388 pudor
850 1315 981 1372 viliorum
995 1321 1085 1386 tenet,
1101 1316 1153 1372 sed

172 1400 329 1472 patrocinia
344 1398 507 1471 turpitudini
522 1413 590 1453 suae
606 1397 729 1471 fingunt,
752 1403 781 1453 ut
796 1400 879 1456 etiam
896 1398 1014 1454 honeste
1031 1416 1152 1470 peccare

175 1484 354 1541 videantur.“

131 1561 164 1617 19
236 1567 331 1638 „Facit
345 1569 473 1639 sapiens,
493 1567 581 1638 inquit
593 1566 668 1622 idem
685 1564 807 1636 Seneca,
827 1566 910 1620 etiam
924 1581 997 1637 quae
1012 1582 1069 1621 non
1086 1583 1152 1639 pro·

174 1652 264 1720 babil,
286 1657 316 1707 ut
331 1652 414 1707 etiam
431 1651 468 1707 ad
487 1652 593 1706 maiora
615 1650 761 1705 transitum
781 1650 920 1720 inveniat,
942 1666 995 1705 nec
1016 1651 1155 1722 relinquet

174 1737 264 1791 bonos
285 1751 379 1791 mores
399 1735 451 1791 sed
472 1735 591 1807 tempori
611 1734 729 1805 aptabit,
753 1735 900 1806 atquibus
923 1735 970 1789 alii
991 1739 1104 1790 utuntur
1126 1737 1155 1789 in

174 1819 292 1892 gloriam
308 1825 355 1873 aut
369 1821 555 1891 voluptatem,
572 1823 663 1874 utetur
678 1816 808 1890 agendae
824 1819 865 1873 rei
883 1816 1001 1873 causa.“

132 1909 167 1963 20
239 1902 347 1959 Deinde
362 1905 446 1975 paulo
461 1908 540 1975 post=
570 1961 577 1971 p

239 1986 370 2058 „0mnia,
387 2003 459 2059 quae
475 1985 609 2042 luxuriosi
624 1985 727 2040 iaciunt
738 2001 867 2057 quaeque
883 1985 1018 2057 imperiti,
1034 1985 1117 2042 saciet
1129 1993 1153 2043 el

175 2071 305 2142 sapiens,
321 2070 445 2126 sednon
461 2071 561 2126 eodem
576 2068 660 2125 modo
678 2070 836 2140 eodemque
850 2070 1026 2142 proposito.“

236 2154 321 2225 Atqui
339 2154 407 2210 nihil
422 2155 551 2221 interest,
566 2170 621 2225 quo
633 2154 727 2209 animo
742 2154 844 2222 iacias,
860 2154 936 2226 quod
951 2155 1055 2210 iecisse
1072 2155 1140 2211 vitio

176 2253 238 2292 sum
255 2243 312 2306 est,
329 2239 393 2308 quia
408 2238 480 2293 lacta
495 2243 661 2306 cernuntur,
680 2236 788 2292 animus
805 2253 861 2292 non
878 2237 999 2294 videtur.

130 2323 163 2376 21
236 2318 308 2377 Iba‘d.
325 2338 349 2378 c.
369 2325 418 2392 16,
435 2326 477 2379 14.
509 2319 634 2378 Senecae

237 2405 381 2475 „nondum
396 2412 472 2477 sunt,
487 2406 590 2478 inquit,
607 2406 680 2461 mille
695 2405 777 2476 anni,
793 2422 829 2461 ex
840 2421 895 2477 quo
910 2404 987 2460 initia
998 2406 1154 2477 sapientiae

175 2496 249 2546 mota
265 2491 357 2545 sunt.“

128 2577 163 2630 Ὦ
233 2572 305 2630 Ibid.
324 2577 473 2643 c.2a,14.
505 2573 604 2629 Fuisse
619 2571 730 2630 Seneca
746 2573 818 2628 inter
828 2570 937 2628 Stoicos
951 2572 1002 2641 ait,
1021 2573 1068 2643 qui
1085 2571 1152 2626 deli-

174 2660 301 2728 beraret,
317 2664 445 2713 utrumne
462 2657 514 2712 soli
532 2674 644 2728 quoque
660 2673 727 2712 suos
743 2657 864 2728 populos
881 2657 974 2712 daret:
991 2656 1086 2728 inepte
1101 2656 1154 2710 sci·

176 2742 254 2809 licet,
270 2742 315 2811 qui
332 2741 508 2799 dubitaverit
1013 2736 1015 2739 ’

128 2830 163 2883 23
227 2822 308 2880 ,Insa
326 2840 350 2879 c.
360 2829 411 2894 25,
427 2830 461 2882 15
472 2840 531 2897 sqq.
560 2823 657 2880 Nullas
669 2840 801 2895 umquam
813 2825 943 2880 mulieres
957 2821 1155 2895 philosophari

176 2908 332 2963 docuerunt
348 2915 461 2979 praeter
477 2925 562 2963 unam
588 2924 625 2963 ex
646 2909 720 2963 omni
743 2909 878 2964 memoria
900 2907 1080 2976 Themisten,
1105 2923 1154 2961 ne·

176 3007 230 3063 que
246 3007 346 3047 servos
361 2999 474 3062 praeter
487 3008 571 3047 unum
581 2991 780 3061 Phaedonem,
796 3008 879 3062 quem
894 2993 967 3046 male
983 2991 1155 3047 servientem
1201 3018 1207 3025 ·

176 3073 331 3129 redemisse
343 3091 377 3130 ac
389 3074 520 3131 docuisse
533 3074 665 3132 Cebetem
676 3076 796 3132 tradunt.
818 3077 990 3131 Enumerant
1002 3076 1087 3130 etiam
1093 3076 1155 3129 Pla-

174 3165 269 3213 tonem
284 3173 317 3213 ac
328 3157 499 3231 Diogenem,
514 3160 562 3231 qui
572 3167 666 3216 tamen
677 3160 753 3216 servi
764 3176 821 3214 non
834 3161 959 3228 fuerunt,
973 3159 1027 3214 sed
1038 3159 1083 3214 his
1096 3175 1156 3214 ser-

174 3242 248 3297 vitus
266 3248 409 3299 evenerat.
432 3250 495 3299 sunt
507 3245 581 3299 enim
598 3245 679 3316 capti.
709 3245 851 3299 Platonem
869 3243 983 3313 quidem
996 3243 1155 3299 redemisse

174 3326 323 3381 Anniceris
339 3327 454 3397 quidam
470 3327 587 3383 traditur
601 3326 646 3385 HS
661 3327 733 3382 Vlll.
750 3329 843 3398 itaque
859 3328 1011 3382 insectatus
1030 3334 1073 3382 est
1090 3344 1156 3382 con-

174 3410 254 3468 viciis
266 3408 341 3466 hunc
358 3411 450 3482 ipsum
461 3410 668 3483 redemptorem
679 3409 805 3482 Seneca,
819 3410 896 3482 quod
908 3426 999 3483 parvo
1009 3411 1156 3467 Platonem

175 3494 381 3566 aestimaverit,
405 3494 541 3565 furiosus,
562 3502 591 3551 ul
612 3494 678 3550 mihi
694 3495 807 3567 quidem
824 3495 949 3564 videtur,
975 3495 1023 3566 qui
1049 3495 1155 3552 homini
