2422 3862
286 212 332 268 DE
345 211 517 269 FORMULA
532 212 723 270 HONESTAE
739 213 861 271 VITAE.
998 211 1061 273 475

95 368 178 422 saciet
192 367 283 421 virum
300 366 454 433 minacem,
476 363 616 432 inflatum,
640 365 794 436 turbidum,
818 367 970 439 inquietum
986 372 1013 422 et
1033 367 1063 423 in

93 466 275 521 quascunque
294 450 468 504 extollentias
484 448 621 503 dictorum
640 455 667 503 et
682 456 807 506 actorum
827 453 956 522 neglecta
976 450 1063 508 hone·

94 540 165 589 state
188 534 333 602 festinum,
359 533 406 603 qui
424 533 573 587 momentis
596 533 724 589 omnibus
747 533 897 604 superciIIa
918 533 1063 606 surrigens

94 623 124 671 ut
140 616 303 684 bestiarius,
325 615 407 670 etiam
424 617 518 686 quieta
535 615 652 672 exaltat:
674 617 758 671 alium
773 618 848 687 lectt,
873 617 958 673 alium
976 618 1063 690 lugat.

95 699 154 758 Sed
171 702 299 770 quamvis
311 698 405 754 audax
422 700 457 754 sit
470 702 658 772 impugnator,
673 705 766 756 tamen
779 701 865 757 multa
880 706 959 758 extra
970 717 1001 756 se
1016 697 1094 759 val

94 784 178 839 tentia
199 786 271 838 serre
293 799 349 837 non
366 784 482 854 poterit,
506 783 558 838 sed
578 789 625 839 aut
641 784 775 839 miserum
789 786 895 856 appetit
912 784 996 840 finem
1019 790 1066 841 aut

93 884 291 923 aerumnosam
303 868 346 922 sui
355 867 519 923 memoriam
532 866 708 938 derelinquit.
728 867 862 923 Mensura
874 885 942 940 ergo
951 883 1066 940 magna·

94 951 226 1007 nlmitatis
240 957 349 1006 estnec
363 949 490 1006 tImidum
506 968 570 1007 esse
585 950 727 1007 hominem
744 967 796 1006 nec
813 952 959 1007 audacem.

177 1036 250 1090 VIII.
275 1029 329 1108 [De
344 1033 520 1089 moderanda
534 1031 726 1110 continentia]

155 1118 330 1173 Continentia
353 1115 454 1172 delnde
480 1116 525 1172 his
546 1117 670 1173 terminis
698 1135 729 1173 se
753 1120 904 1190 astringat:
933 1135 1003 1173 cave
1030 1123 1093 1183 nel

94 1217 197 1274 parcus
214 1202 253 1257 sis
277 1215 329 1255 nec
344 1200 502 1272 suspiciose
518 1207 545 1256 et
564 1201 660 1256 timide
675 1217 789 1258 manum
804 1203 952 1258 contrahas
965 1217 1018 1257 nec
1040 1202 1068 1257 in

93 1285 215 1340 mInimIs
239 1299 349 1355 quoque
367 1285 506 1340 calculum
523 1301 623 1356 ponas.
652 1301 716 1340 narn
737 1287 800 1342 talis
823 1292 851 1342 et
873 1294 927 1342 tam
948 1287 1068 1342 circum-

93 1370 156 1425 cisa
171 1368 293 1439 putrebit
313 1368 468 1438 integritas.
508 1368 567 1424 Hac
585 1384 653 1440 ergo
673 1369 873 1427 mediocritatis
893 1371 968 1425 linea
982 1370 1069 1425 conti·

94 1452 219 1506 nentiam
240 1451 422 1522 observabis,
444 1457 472 1506 ut
487 1468 539 1509 nec
560 1452 694 1523 voluptati
717 1452 844 1522 deditus,
865 1453 1002 1525 prodigus
1022 1455 1069 1508 aut

96 1536 259 1590 luxuriosus
273 1550 422 1606 appareas,
439 1551 491 1592 nec
503 1553 592 1593 avara
602 1535 749 1591 tenacitate
763 1536 895 1594 sordidus
908 1543 956 1592 aut
969 1538 1069 1592 obscu-

96 1636 144 1675 rus
159 1620 276 1676 existas.

177 1703 225 1758 IX.
248 1698 303 1777 [De
318 1701 492 1758 moderanda
508 1699 638 1778 instilla]

156 1786 262 1842 lustitia
277 1792 420 1857 postremo
435 1803 469 1841 eo
485 1787 687 1843 mediocritatis
702 1793 798 1844 tenore
814 1787 861 1843 tibi
876 1785 1004 1859 regenda
1015 1789 1068 1853 est,

94 1887 129 1925 ne
147 1869 230 1925 ductu
248 1869 350 1940 iugiter
371 1870 424 1925 levi
442 1872 583 1926 immotam
598 1887 710 1944 semper
725 1872 811 1927 animi
831 1872 965 1926 rationem
981 1870 1069 1941 negli-

92 1955 189 2026 gentia
211 1955 412 2027 subsequatur,
439 1954 504 2009 dum
522 1970 576 2010 nec
592 1954 628 2010 de
648 1955 758 2027 magnis
778 1971 869 2027 neque
890 1954 925 2009 de
947 1953 1068 2009 mimmis

95 2036 245 2093 errantium
260 2037 336 2092 vitiis
354 2037 514 2110 corrigendi
536 2050 632 2094 curam
654 2040 748 2110 geris,
769 2039 822 2094 scd
842 2039 982 2095 lIcentiam
1004 2051 1068 2108 pec·

93 2121 177 2176 candi
195 2128 243 2176 aut
264 2120 452 2178 alludentibus
474 2122 520 2178 tibi
544 2122 647 2178 blande
670 2128 717 2180 aut
737 2122 916 2179 illudentibus
936 2127 1067 2193 proterve

93 2205 242 2277 permittis;
260 2221 350 2275 neque
365 2221 476 2262 rursum
491 2206 593 2280 nimiae
607 2207 755 2279 rigiditatis
770 2209 919 2279 asperitate
935 2205 1004 2260 nihil
1016 2219 1068 2260 ve·

93 2291 158 2343 ntae
179 2294 226 2342 aut
241 2288 419 2359 benignitatis
440 2306 591 2347 reservans
606 2291 747 2347 humanae
766 2291 893 2347 societati
918 2288 997 2344 ditus
1020 2302 1068 2360 ap-

93 2385 207 2442 pareas.
238 2370 279 2424 Ita
300 2387 368 2442 ergo
384 2372 504 2428 iustitiae
519 2376 619 2446 regula
636 2373 759 2430 tenenda
781 2381 840 2442 est,
864 2378 893 2428 ut
910 2372 1068 2427 reverentia

94 2453 261 2525 disciplinae
281 2454 342 2508 eius
366 2471 458 2526 noque
479 2456 565 2510 nimia
586 2457 774 2528 negligentiae
796 2456 993 2512 communitate
1020 2453 1069 2508 de·

94 2543 192 2609 specta
211 2537 328 2592 vllescat
347 2552 439 2609 neque
460 2538 582 2595 saeviori
599 2539 743 2594 atrocitate
766 2540 865 2595 durata
882 2539 1000 2610 gratiam
1017 2537 1068 2592 hu·

92 2636 196 2677 manae
211 2618 388 2676 amabilitatis
406 2622 521 2676 amittat.

178 2703 213 2761 X.
238 2699 427 2780 [Conclusio]

153 2787 183 2846 Si
204 2789 267 2860 quis
290 2803 358 2860 ergo
378 2789 463 2844 vitam
479 2804 559 2845 suam
583 2787 620 2843 ad
644 2788 787 2843 utilitatem
807 2804 864 2843 non
878 2793 983 2844 tantum
1003 2803 1069 2860 pro·

93 2874 182 2945 priam
199 2872 251 2928 sed
273 2876 299 2926 et
314 2874 462 2929 multorum
478 2871 682 2945 inculpabiliter
699 2872 801 2927 ascisci
816 2872 976 2940 desiderat,
994 2870 1069 2928 hanc

93 2956 299 3029 praedictarum
316 2957 448 3012 virtutum
464 2958 611 3012 formulam
629 2972 681 3027 pro
704 2955 881 3026 qualitatibus
901 2963 1067 3028 temporum,

94 3043 234 3111 locorum,
257 3055 443 3110 personarum
464 3046 547 3112 atque
568 3055 716 3096 causarum
737 3056 771 3094 eo
791 3041 994 3096 mediocritatis
1013 3047 1057 3096 tra

93 3124 160 3179 mite
174 3128 283 3190 teneat,
304 3127 334 3178 ut
348 3124 376 3179 in
392 3123 514 3195 quodam
534 3126 611 3179 velut
630 3122 784 3181 meditullio
810 3125 976 3180 summitatis
997 3124 1057 3179 assi

95 3212 172 3262 stens
195 3207 275 3278 quasi
294 3222 346 3278 per
366 3210 483 3280 abrupta
501 3209 668 3264 altrinsecus
688 3208 854 3280 praecipitia
874 3216 922 3265 aut
936 3213 1065 3264 ruentem

94 3304 212 3360 compos
240 3290 301 3362 ipse
328 3290 433 3348 devilet
458 3292 597 3347 insaniam
626 3298 673 3347 aut
699 3291 876 3348 deficientem
907 3297 1055 3349 contemne

94 3387 249 3444 ignaviam.

490 3475 680 3486 ..ω-...-
