2422 3862
180 210 220 272 76
467 211 499 269 L.
521 209 669 269 ANNAEl
691 208 866 271 SENECAE

482 415 698 473 EPISTULA
724 416 758 469 V.
785 421 798 487 (
835 415 857 482 .)

430 512 541 564 Sauara
559 513 670 564 Lucum
689 523 741 562 suo
762 522 901 562 saturnu.

153 625 167 677 1
242 613 383 673 Cresco
417 621 454 673 et
484 613 639 674 exsulto
669 622 706 673 et
733 614 918 674 discussa
951 620 1158 674 senectute

178 699 399 769 recalesco,
422 696 604 776 quotiens
627 713 672 757 ex
695 697 769 767 his,
794 696 991 772 quaeagis
1008 699 1157 758 etscri·

178 785 253 857 bis,
277 781 483 856 intellego,
506 788 687 857 quantum
705 780 1071 856 teipsomamturoam
1087 781 1157 842 olim

178 866 363 940 reliqueras)
384 881 427 925 su
434 866 661 940 perieceris.
698 863 730 925 Si
751 865 916 940 agricolam
934 865 1026 926 arbor
1041 865 1083 925 ad
1097 867 1158 925 iru-

180 958 261 1011 ctum
277 950 427 1024 perducto
438 950 583 1023 delectat,
606 949 632 1008 si
647 956 754 1024 pastor
768 965 808 1008 cx
822 950 883 1009 fetu
897 949 999 1024 gregis
1015 951 1063 1010 sui
1078 949 1159 1025 capit

180 1035 381 1108 voluptatem,
398 1035 425 1094 si
441 1037 595 1095 alumnum
610 1049 699 1094 suum
714 1049 803 1094 nemo
819 1033 905 1095 aliter
919 1035 1053 1094 intuetur
1068 1049 1158 1109 quam

179 1127 213 1180 ut
226 1118 464 1178 adulescentiam
480 1118 560 1178 illius
576 1133 663 1178 suam
678 1117 805 1178 iudicet:
830 1117 903 1193 quid
918 1117 1043 1177 evenire
1058 1119 1159 1178 credis

179 1202 242 1277 his,
261 1204 311 1277 qui
325 1203 447 1276 ingenia
462 1202 670 1264 educaverunt
683 1210 713 1262 et
729 1217 808 1278 quae
821 1209 926 1262 tenera
942 1202 1157 1276 formaverunt,

150 1287 282 1347 aadulta
303 1286 403 1347 subito
427 1285 552 1347 videnti
591 1287 713 1346 Adsero
734 1294 764 1346 te
784 1286 872 1345 mihi=
897 1288 998 1346 meum
1014 1302 1095 1360 opus
1114 1300 1158 1345 es.

178 1387 236 1446 ego
260 1387 329 1430 cum
348 1370 496 1431 vidissem
516 1369 650 1432 indolem
666 1379 762 1445 tuam,
783 1369 873 1430 inleei
887 1385 1024 1443 manum,
1048 1370 1157 1430 exhor-

178 1463 259 1516 tatus
275 1471 357 1527 sum,
376 1455 481 1514 addidi
497 1456 636 1516 stimulos
652 1470 709 1516 nec
724 1457 804 1515 lente
818 1457 862 1515 ire
877 1471 991 1530 passus
1007 1469 1086 1528 sum,
1102 1453 1158 1516 sed

178 1540 309 1601 subinde
325 1539 463 1599 incitavi=
485 1546 516 1599 et
529 1555 611 1600 nunc
625 1538 706 1599 idem
720 1538 815 1612 facio,
840 1539 897 1599 sed
910 1539 970 1598 iam
985 1548 1157 1600 currentem

151 1623 285 1686 3h0rtor
298 1631 328 1684 et
341 1622 472 1683 invicem
486 1623 665 1684 hortantem.
699 1623 798 1697 „Quid
810 1623 908 1697 aliud,
928 1623 1042 1698 inquis,
1058 1623 1158 1684 adhuc

177 1710 290 1769 νοΙοτιι
318 1709 348 1766 iu
363 1708 423 1768 hoc
437 1708 600 1782 plurimum
614 1716 676 1779 est,
698 1723 760 1767 non
775 1709 820 1767 sic
836 1707 992 1782 quomodo
1008 1707 1159 1784 principia

177 1791 269 1853 totius
286 1793 389 1867 operis
408 1791 563 1852 dimidium
578 1794 731 1867 occupare
747 1792 899 1852 dicuntur:
921 1791 977 1851 ista
990 1808 1043 1852 res
1058 1793 1157 1851 animo

178 1884 312 1938 constat:
331 1877 434 1952 itaque
447 1891 519 1951 pars
531 1892 640 1951 magna
652 1876 795 1936 bonitatis
808 1884 856 1937 est
866 1877 944 1936 velle
956 1874 1022 1935 fieri
1033 1876 1157 1936 bonum.

179 1960 247 2021 Scis
264 1976 355 2036 quem
370 1960 483 2020 bonum
499 1961 621 2020 dicarat
651 1961 836 2035 perlectum,
859 1960 1047 2032 absolutum,
1069 1975 1157 2035 quem

122 2101 123 2104 ,
148 2045 290 2105 snialum
310 2046 412 2105 iacere
433 2045 515 2105 nulla
535 2044 597 2117 vis,
626 2046 709 2105 nulla
731 2044 901 2105 necessitas
923 2046 1033 2119 possit.
1070 2045 1157 2105 Hunc

179 2128 233 2200 [in]
254 2137 284 2187 te
301 2128 475 2203 prospicio,
499 2129 524 2188 si
538 2129 749 2204 perseveraris
764 2137 794 2189 et
808 2127 983 2189 incubueris
999 2137 1029 2189 et
1042 2129 1075 2189 id
1089 2144 1156 2204 ege-

177 2210 236 2286 ris,
260 2219 293 2271 ut
314 2213 415 2271 omnia
441 2213 521 2273 iacta
545 2213 687 2288 dictaque
712 2220 764 2273 tua
785 2213 863 2273 inter
883 2228 918 2273 se
936 2221 1107 2288 congruant
1122 2228 1157 2273 ac

177 2296 387 2371 respondeant
412 2296 469 2356 sibi
492 2305 522 2357 et
542 2313 603 2357 una
624 2298 723 2358 torma
744 2312 894 2372 percussa
915 2297 984 2358 sint.
1024 2297 1090 2358 Non
1112 2304 1158 2358 est

177 2379 267 2440 huius
284 2381 402 2441 animus
415 2381 444 2440 in
461 2390 560 2455 recto,
584 2382 672 2442 cuius
687 2389 755 2441 acta
770 2381 958 2441 discordant.
993 2383 1082 2442 Vale.

473 2517 689 2576 EPISTULA
714 2519 762 2574 Vl.
789 2519 861 2589 (35.)

430 2613 539 2665 Seneca
557 2614 668 2667 Lucmo
689 2625 740 2664 suo
760 2624 899 2667 saturam.

151 2725 164 2775 1
240 2716 313 2777 Cum
333 2723 363 2776 te
381 2722 442 2774 tam
457 2715 547 2773 valde
561 2731 652 2790 rogo,
674 2724 707 2776 ut
721 2717 864 2793 studeas,
885 2732 986 2776 meum
1002 2715 1155 2791 negotium

177 2815 252 2874 ago:
287 2799 430 2858 habere
463 2799 622 2857 amicum
654 2802 757 2875 volo,
792 2801 894 2875 quod
925 2799 1157 2876 contingere

177 2883 281 2956 mihi,
304 2882 381 2941 nisi
401 2881 534 2956 pergis
554 2890 593 2942 ut
609 2884 780 2959 coepisti
803 2883 986 2945 excolere
1006 2892 1057 2959 te,
1084 2900 1155 2944 non

177 2974 317 3043 potest.
353 2979 434 3024 nunc
449 2965 528 3024 enim
543 2982 628 3026 amas
643 2983 705 3040 me,
727 2967 845 3029 amicus
860 2984 919 3028 non
935 2984 980 3029 es.
1017 2969 1156 3043 Quider·

176 3057 239 3124 got
271 3049 348 3108 haec
369 3049 447 3108 inter
468 3064 502 3108 se
522 3050 645 3111 diversa
669 3059 759 3112 sumt
786 3053 878 3113 immo
900 3052 1075 3114 dissimilia=
1106 3052 1156 3128 qui

177 3134 293 3193 amicus
309 3139 372 3205 est,
390 3140 483 3208 amat,
504 3135 556 3210 qui
570 3144 663 3209 amat,
684 3151 744 3194 non
759 3138 864 3213 utique
878 3136 996 3198 amicus
1012 3146 1070 3198 est.
1103 3137 1156 3197 ita·

178 3232 238 3290 que
259 3217 389 3276 amicitia
410 3233 532 3293 semper
551 3221 690 3294 prodest,
714 3236 800 3280 amor
815 3223 903 3282 etiarn
919 3220 1087 3298 aliquando
1103 3237 1155 3281 no·

177 3309 232 3360 cet
269 3299 302 3361 Si
327 3301 402 3360 nihil
427 3303 524 3374 aliud,
552 3302 591 3362 ob
617 3304 676 3363 troc
702 3305 833 3379 profice,
862 3314 894 3366 ut
915 3322 1019 3366 amare
1040 3306 1155 3367 discas.

148 3382 296 3446 aFestina
311 3401 400 3461 ergo,
421 3386 493 3447 dum
506 3387 577 3446 mihi
592 3387 733 3462 proficis,
753 3405 792 3449 ne
807 3390 889 3450 istud
901 3389 988 3450 alteri
999 3390 1154 3451 didiceris.

176 3481 233 3540 ego
255 3472 379 3545 quidem
397 3471 537 3547 percipio
558 3472 617 3531 iarn
638 3472 783 3547 fructum,
811 3490 880 3535 cum
901 3472 975 3533 mihi
992 3473 1077 3550 fingo
1093 3488 1154 3534 uno
