2422 3862
230 237 401 299 EPISTUL.
416 237 510 300 lton.
531 239 603 299 LlB.
618 240 654 299 X.
677 239 733 342 ΕΡ.
747 249 772 302 l.
784 249 810 301 2.
828 248 885 316 (tt.
897 247 955 315 te.)
1017 245 1078 308 195

101 395 194 456 multa
208 393 340 453 honeste
360 392 448 452 lacio.
487 389 600 452 invitus
619 392 758 468 relinquo
778 393 880 454 officia
894 395 988 470 vitae,
1011 399 1076 472 qui·

100 479 159 540 bus
173 476 307 538 fideliter
321 483 352 536 et
365 474 515 535 industrie
532 476 675 550 lungor.“
704 475 804 550 Quint
817 484 849 538 tu
866 479 968 538 nescis
983 497 1077 542 unum

100 578 173 623 esse
187 577 228 621 ex
244 560 324 621 vitae
339 559 449 620 officiis
465 566 496 619 et
509 559 607 618 morit
635 561 749 619 nullum
766 561 901 622 oldcium
917 563 1076 640 relinquis.

102 662 161 708 non
177 644 258 705 enim
274 651 377 704 certus
392 658 553 717 nuurerus,
569 658 659 718 quem
676 643 790 705 debeas
806 647 946 721 explere,
966 647 1076 710 linitur.

98 730 187 790 Nulla
202 728 264 789 vita
278 736 326 790 est
342 743 403 787 non
418 727 532 786 brevis.
569 743 640 786 nam
661 727 688 788 si
703 728 743 788 ad
760 737 898 789 naturam
915 745 1016 792 rerum
1032 746 1120 798 reto

98 813 258 890 spexeris,
280 812 370 872 etiam
384 810 523 871 Nestoris
538 819 568 871 et
580 810 716 872 Statiliae
730 812 833 873 brevis
848 821 910 886 est,
936 831 1015 890 quae
1033 820 1076 877 in-

98 897 191 959 scribi
211 904 407 957 monumento
427 910 485 956 suo
506 895 595 956 iussit
616 896 705 956 annis
726 912 762 957 se
783 899 1077 973 nonagintanovem

96 982 225 1043 vixisse.
256 979 344 1040 vides
359 980 492 1054 aliquem
508 978 632 1054 gloriari
647 988 806 1042 senectute
821 983 923 1059 longa.
957 986 1026 1060 quis
1042 987 1075 1046 il-

97 1067 157 1126 lam
179 1066 259 1126 ferre
282 1064 448 1138 potuisset,
471 1063 497 1122 si
520 1064 701 1139 contigisset
719 1067 918 1128 centesimum
939 1069 1077 1145 inpleret

98 1149 260 1225 Quomodo
272 1147 390 1221 labula,
407 1146 453 1207 sic
467 1149 529 1208 vita
548 1164 610 1208 non
631 1165 722 1223 quarn
738 1149 805 1224 diu,
821 1151 877 1211 sed
893 1155 1076 1227 quambene

97 1244 165 1296 acta
180 1233 235 1307 sit,
252 1233 353 1293 relerl.
385 1229 459 1291 nihil
477 1231 517 1292 ad
530 1247 595 1292 rem
614 1233 759 1308 pertinet,
776 1251 838 1310 quo
853 1237 923 1297 loco
940 1237 1075 1299 desinas.

97 1332 295 1396 quocumque
317 1317 405 1379 voles
427 1315 551 1378 desine=
574 1324 688 1378 tanturn
710 1317 822 1380 bonam
845 1321 1012 1383 clausulam
1033 1323 1076 1382 in-

97 1419 189 1479 pone.
219 1402 308 1462 Vale.

276 1607 287 1622 Ι.
400 1537 616 1595 EPISTULA
641 1539 674 1594 ΙΙ.
702 1540 775 1609 (te.)

268 1626 274 1637 ‘
351 1634 462 1686 Sunuci
479 1636 592 1686 Lucraro
612 1645 664 1685 suo
682 1646 821 1686 smurau.

158 1739 275 1799 Vexari
295 1745 325 1798 te
346 1736 593 1799 distillationibus
615 1737 732 1797 crebris
747 1753 783 1797 ac
801 1736 972 1810 febriculis,
996 1757 1102 1816 quae1

96 1829 206 1900 longas
228 1822 443 1883 distillationes
467 1828 498 1881 et
525 1821 555 1880 in
580 1821 834 1881 consuetudinem
856 1822 1006 1884 adductas
1027 1841 1073 1884 se-

96 1915 247 1987 quuntur,
268 1922 305 1968 eo
328 1906 486 1966 molestius
503 1905 574 1964 mihi
590 1912 652 1978 est,
675 1906 746 1980 quia
770 1913 917 1981 expertus
934 1924 1001 1968 sum
1016 1906 1075 1969 hoc

95 2010 195 2071 genus
216 1991 406 2064 valitudinis,
436 1990 520 2066 quod
542 1989 620 2051 inter
642 1987 726 2050 initia
747 1993 934 2066 contempsi:
957 1999 1077 2068 poterat

95 2079 198 2140 adhuc
219 2075 429 2137 adulescentia
449 2074 574 2135 iniurias
592 2076 671 2134 serre
686 2082 715 2134 et
733 2091 768 2135 se
782 2075 933 2137 adversus
950 2077 1075 2138 morbos

96 2161 314 2225 contumaciter
333 2175 450 2235 gerere.
484 2159 596 2219 deinde
623 2158 773 2220 subcubui
796 2167 826 2219 et
846 2175 883 2221 eo
908 2162 1075 2236 perductus

95 2265 177 2321 sum,
200 2253 234 2308 ut
254 2247 323 2321 ipse
344 2243 520 2305 distillarent
544 2245 584 2304 ad
606 2261 753 2304 summam
770 2246 896 2305 maciem
912 2246 1074 2308 deductus.

96 2330 197 2406 Saepe
212 2327 347 2405 inpetum
363 2329 431 2403 cepi
446 2328 676 2403 abrumpendae
690 2329 787 2390 vitae=
806 2330 900 2405 patris
913 2346 961 2390 me
975 2330 1102 2391 indul-2

94 2415 264 2491 gentissimi
280 2421 423 2474 senectus
439 2413 569 2473 retinuit.
596 2414 727 2489 cogitavi
739 2413 819 2474 enim
830 2431 890 2474 non
907 2431 998 2489 quarn
1014 2415 1073 2475 lor-

93 2502 163 2561 liter
177 2515 235 2575 ego
250 2499 327 2558 mori
340 2511 482 2572 possem,
505 2497 561 2557 sed
584 2514 674 2573 quam
698 2497 747 2557 ille
765 2499 882 2559 fortiter
897 2497 1075 2558 desiderare

93 2601 155 2645 non
173 2590 289 2659 posset.
312 2583 415 2657 itaque
430 2582 575 2657 imperavi
591 2582 679 2653 mihi,
693 2588 726 2641 ut
739 2581 886 2642 viverem.
907 2581 1073 2656 aliquando

93 2669 174 2728 enim
190 2674 222 2729 et
236 2667 341 2726 vivere
356 2666 473 2727 fortiter
489 2667 589 2726 lacere
606 2673 662 2727 est.
689 2663 774 2738 Quae
791 2665 863 2725 mihi
877 2673 949 2726 tunc
964 2666 1103 2727 luerintd

94 2751 205 2813 solatio
226 2749 341 2825 dicam,
363 2751 389 2810 si
412 2750 498 2824 prius
520 2749 579 2810 hoc
600 2751 723 2824 dixero,
751 2749 828 2810 haec
849 2752 933 2826 ipsa,
963 2750 1074 2826 quibus

93 2834 347 2913 adquiescebam,
383 2834 552 2896 medicinae
572 2833 635 2895 vim
655 2833 813 2897 habuisse.
854 2834 885 2895 in
906 2834 1074 2896 remedium

95 2921 210 2982 cedunt
222 2919 353 3003 honesta
370 2919 494 2979 solatia:
513 2927 543 2979 et
558 2919 704 2996 quicquid
718 2919 850 2981 animum
862 2919 967 2993 erexit,
984 2921 1073 2981 etiarn

93 3004 217 3080 corpori
236 3003 380 3079 prodest:
409 3003 510 3064 studia
526 3004 598 3064 mihi
611 3011 717 3065 nostra
732 3006 822 3066 saluti
838 3006 968 3066 luerunt.
1006 3005 1072 3081 phi·

93 3088 255 3165 losophiae
270 3096 430 3164 acceptum
446 3087 528 3161 lero,
550 3089 634 3165 quod
654 3090 789 3162 surrexi,
818 3089 902 3165 quod
919 3088 1072 3149 convalui.

91 3174 133 3234 illi
153 3175 246 3235 vitam
274 3173 373 3235 debeo
397 3179 427 3232 et
447 3171 522 3233 nihil
542 3171 607 3246 [illi]
630 3174 729 3233 minus
759 3173 858 3234 debeo
867 3173 907 3232 **.
947 3173 1101 3236 Multumt

90 3258 163 3319 mihi
185 3258 379 3318 contulerunt
397 3256 436 3316 ad
456 3257 569 3316 bonam
591 3256 788 3318 valitudinem
809 3257 913 3329 amici,
942 3274 1072 3334 quorum

92 3341 374 3416 adhortationibus,
408 3340 533 3416 vigiliis,
568 3341 762 3402 sermonibus
784 3341 959 3402 adlevabar.
994 3341 1072 3401 Nihil

90 3443 206 3502 aeque,
236 3425 351 3501 Lucili,
383 3424 516 3487 virorum
541 3425 669 3500 optime,
702 3420 837 3501 aegrum
857 3424 961 3487 reficit
981 3432 1080 3498 atauo

91 3510 215 3573 adiuvat
230 3527 320 3586 quam
334 3509 501 3572 amicorum
518 3511 674 3576 adlectus.
710 3510 792 3574 nillil
805 3525 914 3586 aenne
926 3511 1099 3582 exspecta·
1115 3560 1120 3567 ,

837 3595 900 3663 lb*
