2422 3862
130 219 191 284 172
407 219 441 278 L.
463 217 611 278 ANNAEI
634 216 809 278 SENECAE

128 375 279 435 accedere
295 380 412 448 potest,
434 372 465 432 id
487 371 689 447 inperfectum
710 380 766 433 est.
802 373 851 434 eui
864 375 980 450 aliquid
998 377 1108 439 absce-

129 460 203 519 dere
219 465 334 533 potest,
356 457 387 516 id
408 456 622 531 inperpetuum
643 463 705 517 est=
727 457 814 518 cuius
838 466 986 533 perpetua
1007 461 1109 522 lutura

128 542 240 604 laetitia
255 548 316 615 est,
332 544 358 601 is
372 557 429 603 suo
444 541 586 616 gaudeat.
614 539 716 602 omnia
731 548 847 614 autem,
868 543 980 618 quibus
996 546 1109 620 volgus

128 627 237 699 inhiat,
264 627 343 686 ultro
359 625 498 700 citroque
513 623 620 685 ssuunt.
650 623 723 684 nihil
739 626 791 687 dat
805 627 927 687 lortuna
941 629 1109 704 mancipio.

129 711 186 772 sed
201 710 277 770 haee
300 726 426 785 quoque
448 707 573 771 lortuita
592 716 663 769 tunc
679 709 844 784 delectant,
868 727 936 771 cum
956 711 1008 772 illa
1030 716 1109 774 ratio

128 794 309 870 temperavit
319 810 357 854 ac
371 793 507 854 miscuit:
527 792 605 853 haec
616 801 673 866 est,
688 810 770 869 quae
784 792 874 855 etiam
886 804 1014 856 externa
1025 813 1108 858 eom·

99 879 266 953 emendet,
289 894 420 952 qnorum
433 877 533 938 avidis
551 882 630 938 usus
644 875 785 951 ingratus
797 886 855 940 est.
878 878 1005 940 Solebat
1018 881 1108 942 Atta·

128 964 177 1024 lus
198 962 257 1023 bac
276 963 409 1037 imagine
424 962 480 1022 ntia
501 959 632 1034 „vidisti
658 962 823 1038 aliquando
847 979 955 1023 canem
980 966 1109 1026 missaa

128 1046 252 1109 domino
276 1047 372 1107 irusta
399 1045 488 1122 panis
509 1053 562 1106 aut
582 1045 683 1106 carnis
708 1055 815 1122 aperto
838 1063 893 1108 ore
914 1055 1111 1124 captantem?

129 1131 276 1206 quicquid
296 1131 432 1206 excepit,
455 1129 595 1207 protinus
611 1130 762 1205 integrum
784 1131 913 1192 devorat
933 1139 963 1192 et
982 1148 1108 1210 semper

129 1216 168 1276 ad
184 1230 271 1290 spem
292 1215 412 1276 venturi
432 1214 509 1276 hiat=
531 1215 612 1274 idem
634 1215 735 1274 evenit
757 1215 863 1276 nobis=
884 1214 1031 1292 quiequid
1052 1234 1106 1278 ex-

129 1299 341 1374 spectantibus
358 1301 480 1360 lortuna
494 1298 636 1375 proiecit,
661 1299 693 1359 id
714 1300 782 1360 sine
803 1301 866 1361 ulla
881 1301 1038 1376 voluptate
1053 1302 1105 1364 de-

129 1382 274 1445 mittimus
295 1385 410 1454 statim,
432 1384 473 1444 ad
492 1383 632 1459 rapinam
654 1383 777 1444 alterius
795 1384 889 1445 erecti
904 1393 935 1446 et
948 1373 1113 1446 admoturi

128 1468 195 1528 Hoc
217 1466 349 1544 sapienti
368 1484 431 1528 non
451 1467 570 1539 evenit=
591 1467 702 1542 plenus
717 1475 775 1530 est
804 1469 894 1530 etiam
915 1469 1032 1545 siquid
1054 1471 1108 1531 ob-

128 1553 226 1627 venit,
247 1566 356 1613 secure
370 1552 486 1627 excipit
500 1568 538 1612 ao
551 1553 681 1627 reponit.
712 1552 824 1615 laetitia
840 1555 948 1614 fruitur
965 1556 1108 1631 maxima,

99 1637 287 1711 tcontinua,
312 1652 379 1698 sua.
413 1635 513 1696 Habet
532 1636 644 1711 aliquis
664 1637 777 1698 bonam
793 1638 994 1712 voluntatem,
1016 1638 1109 1700 habet

129 1722 308 1798 proiectum,
323 1721 381 1782 sed
394 1723 443 1781 cui
455 1722 581 1781 multum
591 1720 703 1781 desita
717 1738 853 1782 summo:
867 1722 918 1782 hic
930 1722 1110 1797 deprimitur

127 1807 252 1867 alternis
271 1814 302 1866 et
317 1807 471 1866 extollitur
485 1821 522 1865 ac
538 1806 631 1866 modo
643 1805 674 1864 in
688 1807 809 1867 coelum
824 1807 998 1880 adlevatur,
1014 1809 1109 1868 modo

128 1891 264 1952 defertur
284 1890 324 1950 ad
344 1897 465 1951 terrani.
501 1889 642 1964 Imperitis
664 1906 700 1951 ao
720 1891 849 1953 rudibus
869 1892 971 1952 nullus
989 1893 1106 1967 praeei-

129 1973 284 2049 pitutionis
306 1974 377 2035 finis
399 1982 462 2036 est:
488 1973 518 2034 in
539 1973 724 2049 Epicureum
744 1972 819 2035 illud
844 1974 940 2036 chaos
961 1975 1108 2037 decidunt

90 2060 233 2132 minace,
255 2059 322 2121 sine
343 2060 481 2120 termino.
514 2059 590 2138 [Est]
612 2058 715 2120 adhuc
735 2075 835 2134 genus
856 2060 975 2121 tertium
989 2076 1107 2135 eorum,

130 2144 182 2217 qui
197 2143 366 2218 sapientiae
379 2145 544 2217 adludunt,
569 2159 660 2219 quarn
683 2159 744 2204 non
764 2144 890 2218 cuidem
904 2145 1106 2220 coangerum,

129 2228 160 2286 in
176 2234 346 2302 conspectu
360 2235 458 2288 tamen
475 2236 517 2299 et,
533 2235 566 2289 ut
578 2229 623 2288 ita
638 2227 753 2302 dicam,
774 2228 833 2289 sub
847 2227 910 2289 iotu
925 2227 1055 2290 habent:
1077 2228 1108 2288 hi

129 2327 192 2373 non
210 2312 437 2385 concutiuntur,
453 2329 493 2374 ne
504 2311 646 2373 defluunt
654 2313 788 2387 quidem.
815 2313 951 2373 nondum
965 2312 996 2373 in
1012 2314 1108 2387 sicco,

89 2396 189 2464 niam
208 2397 238 2456 in
253 2403 346 2472 portu
360 2404 440 2458 sunt.
474 2397 555 2472 Ergo
570 2406 639 2458 cum
650 2404 716 2457 tam
731 2412 842 2472 magna
856 2396 918 2457 sint
932 2398 1010 2458 inter
1025 2414 1106 2458 sum·

128 2497 197 2543 mos
212 2481 354 2557 imosque
369 2481 559 2554 discrimina,
577 2496 651 2542 eum
671 2482 791 2542 medios
812 2498 938 2557 quoque
960 2490 1109 2558 sequatur

129 2567 238 2642 ingens
260 2567 430 2643 perieulum
452 2567 492 2626 ad
516 2566 669 2627 deteriora
684 2565 850 2626 redeundi:
872 2583 933 2628 non
957 2566 1107 2627 debemus

130 2651 385 2727 occupationibus
398 2651 567 2725 indulgere.
590 2651 803 2712 encludendae
812 2658 902 2712 sunt=
917 2649 945 2710 si
957 2650 1106 2713 semelia-

129 2736 286 2810 treverim,
300 2736 445 2796 inlocum
459 2751 547 2796 suum
561 2735 638 2796 alias
652 2734 850 2797 substituent:
871 2734 1031 2811 principiis
1042 2736 1106 2794 illa·

128 2837 195 2882 rum
204 2821 372 2882 obstemus.
386 2819 495 2879 melius
509 2834 570 2879 non
582 2817 738 2896 incipient
753 2837 845 2896 quam
853 2820 1003 2881 desinent.
1018 2820 1107 2879 Vale.

428 2956 645 3015 EPISTULA
672 2958 707 3015 ΙΙ.
737 2959 808 3029 (73.)

380 3052 490 3104 Saurea
507 3054 619 3104 Lucum
640 3065 692 3105 suo
712 3065 851 3106 susurru.

190 3164 213 3215 1.
228 3154 367 3217 Errare
382 3157 472 3216 mihi
488 3158 763 3235 videntur,qui
778 3159 1006 3219 existimant
1022 3157 1105 3233 phi-

130 3237 341 3313 losophiae
364 3241 542 3303 fideliter
563 3242 721 3305 deditos
742 3251 993 3305 contumaees
1016 3256 1106 3303 esse

130 3337 172 3383 ac
192 3323 470 3400 retraetarios‚
500 3327 558 3408 [et]
583 3336 878 3404 contemptores
897 3327 1105 3402 magistra·

130 3415 647 3487 tuumacregumeorumve,
673 3429 740 3489 per
758 3410 1105 3490 quospublicaad·

108 3490 404 3558 mr'rrr'strantnr.
443 3513 462 3559 e
486 3495 643 3561 contrario
669 3497 751 3560 enim
767 3498 844 3559 nulli
863 3498 1014 3558 adversus
1036 3494 1106 3556 illos
