2422 3862
143 235 208 300 400
427 234 461 297 L.
483 232 632 294 nunaut
652 231 828 293 SENECAE

143 390 223 449 illinc
234 393 417 463 tcmptamur
428 393 458 447 et
468 387 658 462 expellimur.
673 386 741 445 Hoc
752 384 875 444 evenire
887 384 966 444 solet
979 384 1010 444 in
1024 383 1127 447 alieno

103 472 357 547 17habltantibus.
387 471 428 529 At
448 486 505 531 nos
529 485 644 546 corpus
664 477 726 530 tam
747 476 834 544 putre
849 467 947 529 sortiti
961 467 1056 528 nihilo
1073 470 1127 528 mi—

144 573 203 617 nus
222 562 344 616 aeterna
365 554 565 630 proponimus
587 554 667 615 etin
689 559 836 629 quantum
852 558 955 627 potest
968 558 1054 613 aetas
1071 552 1126 613 hu·

144 656 232 699 mana
247 639 402 715 protendi,
418 644 532 699 tantum
543 653 599 713 spe
611 652 814 713 occupamus,
829 637 913 696 nulla
923 637 1057 697 contenti
1073 652 1127 711 pe-

143 723 247 798 cunia,
263 724 347 783 nulla
361 722 505 797 potentia.
528 721 601 797 quid
615 721 674 780 bac
686 736 720 781 re
738 720 804 780 ficri
817 720 1029 796 inpudentius,
1052 720 1128 795 quid

143 808 264 868 stultius
286 812 408 881 potest?
433 804 512 864 Nihil
527 804 602 866 satis
613 811 661 864 cst
674 803 843 879 morituris,
864 804 956 864 immo
971 804 1127 864 morienti-

143 892 216 951 bus=
245 889 357 950 cotidie
371 888 451 947 enim
467 889 595 964 propius
610 887 649 948 ab
663 889 768 948 ultimo
784 895 902 948 stamus
916 893 946 946 et
957 887 1025 960 illo,
1043 887 1127 948 unde

101 973 231 1050 lgncbis
253 972 424 1033 cadendum
446 979 507 1046 est,
529 972 682 1034 barenes
704 972 803 1034 omnis
828 971 955 1047 inpellit.
988 971 1102 1030 Vide
1095 988 1125 1030 m

123 1063 255 1132 quanta
282 1056 429 1117 caecitate
453 1018 541 1118 utils
567 1063 673 1116 nestra
697 1056 752 1117 sit·
781 1055 854 1130 hoc,
883 1055 968 1131 quod
992 1055 1126 1115 futurum

142 1140 228 1214 dico,
249 1155 318 1200 curn
340 1139 471 1200 maxime
490 1140 572 1201 litet
592 1156 664 1216 pars
687 1139 754 1201 eius
772 1155 882 1215 magna
896 1140 956 1198 iam
971 1139 1052 1198 lacta
1067 1145 1124 1199 est.

141 1240 211 1284 nam
228 1225 313 1299 quod
327 1224 459 1284 viximus
475 1231 612 1299 tempus,
634 1240 671 1284 εο
688 1225 756 1284 loco
773 1231 835 1298 est,
857 1239 919 1298 quo
936 1222 1024 1296 [erat]
1040 1229 1122 1282 ante-

143 1323 234 1382 quam
263 1308 405 1370 viximus.
441 1323 579 1368 erramus
601 1316 716 1382 autem,
744 1308 795 1382 qui
820 1308 957 1368 ultimum
982 1305 1124 1366 timemus

88 1442 91 1449 .
142 1393 238 1467 diem,
262 1408 332 1452 cum
347 1391 532 1452 tantumdem
547 1391 578 1450 in
593 1398 721 1452 mortem
737 1391 849 1466 singuli
864 1391 1032 1452 conferant.
1061 1406 1124 1451 non

81 1470 84 1474 ’
141 1475 192 1535 ille
206 1476 320 1550 gradus
336 1474 547 1535 lassitudinem
562 1475 651 1550 lacit,
673 1476 703 1535 in
720 1491 782 1549 quo
798 1474 976 1549 deficimus,
998 1474 1056 1534 sed
1073 1474 1124 1533 ille

142 1560 310 1635 profitetur.
350 1560 389 1620 ad
408 1565 536 1619 mortem
556 1559 622 1619 dies
647 1566 803 1620 extremus
824 1557 977 1635 pervenit,
1005 1556 1125 1618 accedit

142 1644 250 1704 omnis.
282 1644 379 1718 carpit
402 1658 459 1703 nos
483 1643 546 1717 illa,
568 1658 628 1703 non
651 1643 784 1719 corripit.
813 1644 887 1703 ldec
908 1657 1036 1716 magnus
1059 1640 1124 1699 ani-

59 1796 60 1800 ,
139 1726 224 1800 mus,
240 1728 386 1787 conscius
401 1725 459 1786 sibi
475 1726 608 1788 melioris
625 1734 764 1801 naturae,
781 1727 834 1787 dat
848 1726 972 1800 quidem
986 1740 1122 1800 operam,

141 1818 174 1871 ut
194 1811 222 1868 in
243 1811 300 1871 hac
316 1811 445 1872 statione
461 1826 522 1886 qua
543 1812 664 1886 positus
684 1819 747 1886 cst,
769 1811 898 1871 honeste
919 1826 954 1869 se
970 1817 1064 1883 atque
1079 1808 1123 1866 in·

142 1895 259 1956 dustrie
270 1901 371 1969 gerat:
388 1902 520 1954 ceterum
528 1893 606 1966 ,nihil
618 1895 736 1967 horum,
755 1911 834 1970 quae
847 1893 928 1954 circa
940 1899 1018 1967 suut,
1032 1906 1131 1952 suum.

141 1979 269 2050 iudicat,
292 1979 348 2038 sed
369 1987 402 2038 ut
423 1979 624 2039 commodatis
645 1980 737 2039 utitur
757 1979 937 2054 peregrinus
958 1984 988 2037 et
1010 1990 1123 2051 prope-

100 2073 221 2127 19rans.
253 2063 327 2122 Cum
342 2062 474 2136 aliquem
488 2061 578 2123 huius
593 2061 768 2124 videremus
790 2063 992 2134 constantiae,
1015 2058 1123 2134 quidni

141 2145 257 2205 subiret
277 2163 335 2207 nos
352 2145 473 2220 species
488 2162 548 2206 non
564 2144 694 2207 usitatae
717 2146 844 2220 indolis,
865 2147 969 2220 utique
992 2145 1017 2203 si
1034 2143 1123 2214 hanc,

140 2236 174 2287 ut
187 2227 266 2301 dixi,
282 2227 520 2301 magnitudinem
535 2245 638 2289 veram
651 2245 723 2290 esse
734 2228 916 2290 ostendebat
930 2227 1125 2302 aequalitas?

141 2311 205 2368 veri
226 2318 313 2370 tenor
333 2318 505 2386 permanet,
528 2313 606 2374 falsa
625 2331 687 2374 non
709 2315 834 2374 durant:
859 2313 982 2388 quidam
998 2311 1122 2370 alternis

139 2395 268 2470 Vatinii,
291 2396 415 2455 alternis
433 2395 563 2456 Catones
587 2406 657 2458 sunt
676 2405 706 2458 et
726 2399 819 2458 modo
836 2413 942 2472 parum
957 2397 1017 2456 illis
1033 2410 1121 2455 seve-

140 2496 192 2538 rus
209 2486 256 2538 est
271 2480 393 2551 Curius,
415 2494 521 2553 parum
544 2497 661 2556 pauper
674 2481 848 2555 Fabricius,
869 2497 976 2556 parum
998 2479 1079 2554 frugi
1094 2484 1124 2537 et

140 2570 300 2624 contentus
313 2563 422 2623 vilibus
433 2563 568 2624 Tubero:
588 2567 681 2626 modo
692 2565 829 2626 Licinum
841 2565 966 2637 divitiis,
979 2563 1122 2638 Apicium

98 2648 260 2722 aocoenis,
282 2649 490 2707 Maecenatem
512 2648 629 2709 deliciis
651 2657 828 2725 provocant.
857 2648 1023 2708 Maximum
1045 2647 1121 2706 indi—

142 2733 220 2791 cium
245 2739 294 2792 est
322 2733 419 2791 malae
441 2732 550 2791 mentis
571 2732 729 2794 fluctuatio
752 2742 782 2794 et
801 2732 879 2793 inter
898 2732 1122 2792 simulationem

142 2815 283 2873 virtutum
297 2830 493 2890 amoremque
509 2815 651 2877 vitiorum
667 2817 797 2877 adsidua
813 2816 943 2877 iactatio.
976 2816 1029 2893 [ls]

429 2900 556 2959 babebat
567 2917 657 2977 saepe
669 2902 815 2973 ducentos,

182 2994 273 3053 saepe
285 2981 385 3041 decem
399 2999 507 3043 seruos.
531 2986 616 3044 modo
630 3002 716 3058 repes
727 2994 814 3059 utque
829 2983 1005 3055 tetrarchus,

180 3064 546 3141 omniumuanalequens,
557 3070 688 3139 modo:‚
692 3072 739 3141 ‚sd
750 3069 824 3128 milti
835 3069 1082 3140 mensatrtpeset

180 3147 295 3206 coneda
304 3151 469 3225 sdldtpuri,s
482 3156 642 3226 tuaequae
657 3152 821 3225 defendere
828 3152 932 3225 fridus

181 3235 313 3303 quamuis
327 3250 430 3293 crassa
441 3239 556 3332 queatfl
517 3237 692 3297 tDecies
702 3253 756 3296 cen
757 3242 825 3296 tenu
842 3236 973 3295 dedisses

181 3314 250 3374 buis
260 3332 371 3390 parco,
387 3320 494 3393 paucis
507 3323 655 3379 contenta
675 3323 803 3395 quinque
818 3320 920 3379 diebus

180 3400 225 3457 nil
237 3402 332 3458 erut'
320 3417 351 3460 ut
366 3403 477 3460 loculis.

84 3487 120 3537 ε]
130 3478 245 3543 Omnes
262 3484 315 3546 isti
336 3485 413 3548 tales
437 3492 523 3561 sunt,
552 3487 676 3565 qualem
698 3487 782 3548 lianc
806 3484 957 3552 describit⁴
972 3485 1126 3569 Horatius
