2422 3862
198 215 368 276 Eplsltlt.
383 215 477 276 MOR.
505 216 577 276 LlB.
597 216 647 275 lll.
668 217 726 275 ΕΡ.
743 227 767 278 r.
780 225 806 278 ε.
827 221 955 299 (acer.)
1000 218 1063 286 eet

88 370 154 428 loro
175 369 351 441 [delcoctor.
392 367 456 428 Cito
483 367 570 429 inerti
592 369 653 429 otio
672 368 734 430 vita
749 370 897 446 torpebit,
926 372 952 432 si
973 375 1062 434 relin-

88 453 241 528 quendum
267 460 327 525 εει,
358 452 505 526 quicquid
528 450 669 514 offendit:
705 461 735 513 te
758 469 832 514 vero
854 455 1063 530 benigniorem

87 537 163 596 haec
178 537 247 610 ipsa
262 551 312 594 res
329 534 428 596 iaciat.
461 552 530 595 narn
547 536 635 597 cuius
651 539 695 597 rei
711 544 839 598 eventus
857 537 990 600 incertus
1006 550 1061 613 εει,

85 621 116 679 7'd
131 628 161 680 ει
172 621 338 693 aliquando
355 620 510 694 procedat,
533 636 628 696 saepe
644 622 849 696 temptandum
866 629 922 683 est.
948 623 1010 684 Sed
1025 625 1093 686 des

37 700 40 706 ’
86 703 223 764 inissetis
239 705 331 763 multa
346 704 376 762 in
394 703 431 762 iis
446 704 530 763 libris
545 704 639 765 locuti
654 722 775 778 sumus,
805 706 856 781 qui
878 706 923 765 de
939 707 1062 768 Beue-

86 788 192 847 siciis
207 788 428 849 inscribuntur:
446 788 544 847 illud
559 789 656 862 magis
675 790 938 864 quaerendum
955 792 1062 853 vide-

86 882 159 943 tur,
190 872 293 946 quod
315 888 389 932 non
411 872 525 945 εειίε,
545 880 583 932 ει
604 871 801 946 existimo,
824 875 1062 948 explicatum

85 965 159 1029 est,
181 972 225 1013 an
248 955 296 1029 is,
319 956 382 1030 qui
399 955 548 1030 profuit
564 956 694 1030 nobis,
710 958 741 1016 si
761 960 1062 1033 posteanocuit,

85 1038 196 1114 paria
220 1040 362 1099 lecerit
388 1046 425 1098 et
446 1055 516 1099 nos
539 1040 672 1101 debito
696 1041 885 1102 solveritt
911 1043 1014 1118 adice,
1036 1043 1063 1105 si

83 1123 146 1195 vis,
163 1130 193 1182 et
208 1124 295 1183 illud:
318 1124 411 1183 multo
427 1125 496 1197 plus
511 1132 620 1198 postea
632 1126 737 1185 nocuit
750 1141 841 1200 quam
855 1133 925 1185 ante
941 1128 1050 1202 prorue

82 1215 138 1266 rat.
183 1205 215 1266 Si
239 1214 354 1268 rectam
374 1207 456 1266 illurn
476 1208 566 1282 rigidi
588 1209 697 1269 iudicis
723 1209 903 1270 sententiam
929 1212 1093 1286 quaeris‚4

84 1295 211 1352 alterum
234 1292 273 1351 ab
292 1293 387 1351 altero
411 1292 551 1352 absolvet
571 1301 601 1354 et
625 1291 720 1354 dicet:
747 1293 914 1370 „quamvis
935 1295 1063 1356 iniuriae

83 1375 340 1452 praeponderent
356 1383 456 1436 tamen
471 1375 629 1437 beneficiis
645 1378 783 1452 donetur,
800 1378 884 1453 quod
900 1393 939 1437 ex
954 1379 1063 1439 iniuria

83 1465 256 1535 superest.“
284 1461 355 1520 Plus
375 1462 493 1521 nocuit=
516 1461 574 1520 sed
588 1461 673 1536 prius
690 1462 811 1535 proluit.
834 1461 936 1536 itaque
951 1462 1063 1523 habea·

83 1553 131 1606 tur
145 1552 175 1603 et
188 1546 336 1620 temporis
350 1544 439 1606 ratio.
482 1545 544 1604 larn
565 1546 616 1604 illa
637 1545 845 1606 manifestiora
865 1553 950 1619 suut,
972 1557 1091 1620 quante

82 1641 115 1691 ut
136 1629 295 1689 admoneri
315 1629 446 1702 debeas,
471 1629 680 1704 quaerendum
706 1644 793 1703 esse,
818 1644 909 1704 quem
935 1630 1063 1694 libenter

84 1714 242 1790 profuerit,
261 1731 352 1788 quarn
368 1710 480 1774 invitus
496 1714 642 1785 nocuerit,
659 1713 802 1787 quonium
815 1713 916 1773 animo
930 1721 959 1773 et
970 1712 1061 1773 benc·
1100 1776 1103 1781 ,

83 1798 153 1858 licia
167 1805 198 1857 et
211 1797 338 1858 iniuriae
354 1806 503 1858 constant
531 1798 639 1872 „Nolui
655 1796 836 1857 beneficium
853 1797 941 1856 dure:
963 1798 1062 1858 victus

83 1900 151 1943 sum
179 1890 230 1943 εει
253 1883 441 1943 verecundia
466 1889 518 1942 aut
542 1881 682 1942 instantis
710 1881 875 1955 pertinacia
899 1889 951 1941 εει
976 1887 1063 1955 spe.“

82 1967 126 2026 Eo
145 1967 246 2026 animo
263 1967 400 2042 quidque
418 1965 554 2039 debetur,
577 1982 638 2040 quo
654 1966 756 2036 datur,
781 1981 838 2025 nec
853 1972 998 2040 quantuni
1014 1966 1061 2039 sit,
1075 1971 1093 2026 6

83 2051 173 2111 seda
190 2051 271 2125 quali
288 2052 456 2124 proiectum
472 2053 641 2121 voluntate,
657 2050 870 2125 perpenditur:
894 2066 974 2110 nunc
990 2065 1062 2110 con·

83 2136 199 2195 iectura
219 2136 356 2196 tollatur=
390 2144 420 2196 et
442 2135 516 2197 illud
537 2134 719 2196 beneficium
750 2134 804 2193 luit
825 2133 949 2205 etheo,
979 2135 1064 2207 quod

82 2219 206 2279 modum
217 2218 358 2278 beneficii
374 2220 486 2294 prioris
501 2220 649 2291 excessit,
666 2219 775 2278 iniuria
789 2229 847 2280 est.
889 2217 1063 2280 virbonus
1107 2238 1110 2244 ·

82 2310 232 2378 utrosque
257 2304 393 2364 calculos
411 2305 456 2363 sic
480 2304 580 2378 ponit,
607 2312 638 2365 ut
663 2318 698 2362 se
724 2302 792 2377 ipsc
818 2303 1062 2363 circumscribat:

82 2386 232 2447 beneficio
248 2386 348 2461 adicit,
365 2387 492 2448 iniuriae
508 2388 609 2447 demit.
633 2389 708 2447 alter
723 2386 772 2446 illc
787 2386 947 2447 remissior
960 2385 1063 2460 iudex,

85 2486 174 2543 quern
189 2487 260 2531 esse
276 2488 324 2531 me
339 2473 427 2543 malo,
444 2473 571 2532 iniuriae
587 2470 726 2532 oblivisci
743 2470 873 2543 debebit,
891 2469 984 2531 oflicii
1000 2484 1061 2528 me-

83 2554 217 2615 minisse.
262 2557 348 2630 „Hoc
370 2564 467 2630 certe,
492 2555 609 2631 inquis,
637 2554 768 2614 iustitiae
790 2554 947 2626 convenit,
975 2559 1093 2616 suum?

83 2640 194 2714 cuique
213 2641 360 2712 reddere,
383 2640 532 2700 beneficio
547 2640 690 2715 gratiam,
712 2637 840 2696 iniuriae
855 2636 997 2696 talionem
1012 2643 1065 2696 εει

82 2731 164 2783 certe
185 2725 294 2783 malam
314 2724 472 2799 gratiam.“
517 2724 632 2783 Verum
654 2722 710 2782 erit
724 2721 820 2795 istud,
842 2735 910 2780 cum
926 2720 1003 2780 alius
1019 2720 1063 2779 iu-

81 2807 190 2867 iuriam
205 2809 318 2880 lecerit,
335 2808 412 2869 alius
428 2808 608 2868 beneficium
625 2805 757 2866 dederit:
780 2822 850 2864 narn
866 2805 892 2864 si
910 2805 990 2865 idem
1007 2812 1063 2878 est,

83 2891 232 2952 beneficio
248 2890 295 2950 vis
312 2892 437 2951 iniuriae
452 2892 663 2966 exstinguitur.
693 2905 762 2949 nam
778 2889 845 2962 cui,
868 2889 986 2951 etiamsi
1002 2904 1063 2948 me-

83 2975 139 3035 rita
155 2993 217 3036 non
235 2977 483 3046 antecessissent,
502 2975 665 3051 oportebat
680 2974 809 3050 ignosci,
828 2982 899 3050 post
912 2971 1064 3035 beneficia

83 3059 215 3120 laedenti
233 3061 303 3134 plus
317 3076 406 3134 quem
423 3061 512 3120 venia
527 3060 664 3121 debetur.
693 3059 760 3120 Non
777 3075 860 3135 pono
875 3059 995 3134 utrique
1008 3057 1094 3132 parti

83 3145 223 3218 pretium.
252 3144 348 3219 pluris
369 3144 497 3204 aestimo
519 3143 702 3205 beneficium
719 3160 810 3219 quam
824 3143 978 3203 iniuriam:
1002 3157 1062 3201 non

82 3244 191 3288 omncs
212 3229 289 3302 grati
311 3228 411 3289 sciunt
432 3229 545 3289 debere
565 3227 763 3288 beneficium:
792 3227 1000 3303 potestatium
1019 3225 1063 3285 iu-

83 3312 220 3386 prudens
236 3319 266 3372 et
279 3314 364 3373 rudis
380 3321 410 3374 ει
424 3329 504 3372 εεεε
522 3328 540 3372 e
561 3313 665 3386 turba,
689 3312 795 3387 utique
816 3312 887 3372 durn
903 3326 1001 3387 prope
1016 3317 1064 3368 est
1112 3356 1120 3366 ,

83 3395 120 3455 ab
137 3404 282 3471 accepto:
305 3397 426 3471 ignorat
440 3405 549 3469 autem,
567 3403 712 3472 quantum
728 3396 848 3459 debeat.
866 3394 918 3457 uni
933 3390 1066 3467 sapienti

84 3486 189 3541 notum
204 3489 265 3553 est,
290 3480 392 3556 quanti
408 3497 458 3542 res
476 3496 621 3560 quaeque
635 3481 777 3546 taxanda
789 3481 849 3542 sit·⁸
866 3472 1089 3542 narn'btesbffi
