2422 3862
127 225 191 291 852
256 251 258 256 ·
427 225 460 285 1.
482 223 629 284 ANNAEI
644 222 819 284 SENECAE

127 377 249 440 bonesti
263 376 439 450 dissuasor,
459 375 608 450 excipiatz
630 373 722 450 pauci
736 374 830 447 illam,
848 390 940 449 quam
955 390 1106 452 concepe-

98 467 199 525 erant
209 465 351 534 mentem,
366 460 489 520 domum
504 458 641 534 perterre
656 465 830 533 potuerunt.
873 457 976 518 Facile
991 467 1043 520 est
1053 475 1106 520 eu·

128 545 256 606 ditarem
282 542 436 604 concitare
459 541 499 602 ad
523 541 719 617 cupiditatem
742 541 826 601 recti.
860 539 1002 603 omnibus
1028 543 1106 605 enim

129 636 237 690 nature
252 627 448 688 fundamenta
469 625 554 686 dedit
574 640 740 700 semenque
761 625 913 686 virtutum.
940 641 1048 686 omnes
1068 627 1106 687 ad

129 709 231 774 omnia
244 712 306 772 ista
318 713 380 771 nati
395 725 515 770 sumus:
543 724 612 770 cum
633 709 769 770 inritator
789 709 936 782 accessit,
962 717 1038 770 tunc
1057 710 1107 770 itla

129 796 221 857 animi
235 795 318 856 bona
331 792 426 854 veluti
440 793 542 869 sopita
555 793 734 853 excitantur.
762 792 830 853 Non
847 793 945 867 vides,
961 795 1106 869 quemad·
1126 819 1129 829 ·

129 879 253 941 modum
265 878 382 939 theatra
393 878 721 953 consonantquodens
732 874 836 951 aliqua
846 876 926 936 dicta
938 885 1018 951 sunt,
1028 893 1107 952 quae

129 961 251 1040 publice
266 960 485 1036 adgnoscimus
499 966 530 1020 et
544 975 700 1021 consensu
714 975 787 1020 vera
801 975 873 1020 esse
889 968 1057 1022 testamur?

101 1057 119 1112 9
253 1044 365 1106 Dmunt
380 1046 498 1120 inopiae
512 1047 613 1119 multu,
627 1047 772 1106 auantiae
783 1045 890 1104 omnic

254 1128 293 1190 In
308 1132 421 1190 nattum
434 1145 546 1190 avaras
559 1130 649 1190 boam
663 1134 713 1203 est,
728 1131 759 1189 ia
773 1145 805 1188 se
816 1130 971 1203 perreriae.

128 1211 169 1272 ad
183 1211 241 1273 hos
257 1228 367 1273 versus
381 1213 432 1272 ille
445 1210 677 1273 sordidissimus
692 1209 809 1287 plaudit
823 1218 853 1271 et
866 1211 948 1272 vitiis
964 1212 1031 1273 suis
1042 1212 1108 1273 lieri

130 1294 302 1357 convicium
313 1295 440 1371 gaudet:
457 1302 571 1370 quanto
582 1295 679 1369 magis
691 1295 750 1356 hoc
760 1294 879 1355 iudicas
891 1297 1026 1371 evenire,
1041 1313 1107 1357 curn

129 1396 147 1439 a
168 1378 352 1457 philosopho
373 1379 433 1439 ista
453 1379 608 1453 dicuntur,
634 1394 703 1440 cum
727 1379 971 1440 salutaribus
996 1397 1108 1456 prae·

130 1463 257 1542 ceptis
287 1480 428 1524 versus
456 1464 697 1538 inseruntur,
730 1463 943 1524 efficacius
974 1465 1107 1524 eadem

88 1547 198 1617 10ille
213 1545 420 1609 demissuri
434 1547 471 1608 in
487 1546 647 1608 animum
666 1547 940 1622 inperitorum?
960 1564 1062 1622 ‚,nam‚
1077 1555 1109 1609 ui

130 1631 252 1694 dicebat
269 1626 445 1704 Cleanthes,
468 1630 723 1707 quemadmodum
739 1630 864 1706 spiritus
880 1639 986 1692 noster
999 1632 1108 1692 clario-

129 1733 193 1777 rem
215 1711 326 1778 sonum
346 1715 462 1790 reddit,
485 1729 553 1776 eum
568 1715 650 1776 illum
669 1714 743 1775 tuba
757 1730 814 1789 per
826 1716 910 1791 longi
925 1715 1039 1776 canalis
1054 1732 1108 1774 an·

130 1800 247 1875 gustias
273 1806 401 1861 tractum
425 1798 596 1874 patentiore
615 1797 783 1859 novissime
806 1797 889 1860 exitu
913 1798 1034 1874 effudit,
1062 1799 1110 1860 sic

131 1901 243 1947 sensus
268 1891 391 1946 nostros
418 1883 563 1944 clariores
588 1881 729 1943 carminis
755 1889 821 1943 arta
845 1882 1014 1944 necessitas
1043 1883 1109 1942 eili-

130 1968 201 2028 cit.“
220 1968 335 2029 Eadem
347 1967 556 2044 neglegentius
571 1966 734 2028 audiuntur
746 1966 911 2043 minusque
925 1967 1109 2043 percutiunt,

131 2052 274 2127 quamdiu
295 2053 395 2113 soluta
417 2052 553 2112 oratione
568 2052 723 2112 dicuntum
745 2051 796 2111 ubi
812 2066 974 2111 accessere
993 2051 1110 2111 numeri

130 2142 161 2194 et
181 2135 335 2211 egregium
358 2151 485 2196 sensum
500 2135 692 2196 adstrinxere
707 2135 780 2197 certi
798 2135 910 2210 pedes,
934 2135 1042 2195 eadem
1059 2135 1111 2194 iila

89 2228 122 2283 11
131 2219 279 2301 sententia
294 2221 376 2279 velut
391 2219 503 2280 lacerto
518 2236 653 2281 excussa
668 2226 836 2294 torquetur.
871 2220 917 2280 De
933 2225 1111 2294 contemptu

130 2301 281 2378 pecuniae
306 2303 399 2375 multa
419 2301 560 2364 dicuntur
579 2311 609 2364 et
628 2303 815 2379 longissimis
839 2302 1028 2363 orationibus
1050 2303 1111 2363 hoc

129 2383 329 2463 praecipitur,
351 2392 385 2446 ut
398 2385 538 2447 homines
553 2387 583 2446 in
598 2385 715 2462 animo,
736 2403 796 2448 non
812 2386 841 2446 in
858 2387 1040 2463 patrimonio
1056 2404 1096 2462 pu

129 2478 194 2532 tent
213 2486 285 2531 esse
307 2470 438 2531 divitias.
466 2486 536 2530 eum
558 2487 630 2532 esse
649 2472 848 2547 locupletem,
871 2470 923 2546 qui
937 2471 1111 2547 paupertati

129 2570 206 2616 suae
221 2563 311 2632 aptus
326 2563 374 2616 est
387 2560 416 2614 et
432 2570 528 2630 parvo
544 2571 579 2614 se
594 2554 716 2616 divitem
731 2553 817 2615 lecit:
839 2555 938 2629 magis
953 2561 1054 2614 tamen
1067 2555 1109 2616 ie·

129 2638 245 2700 riantur
260 2638 360 2712 animi,
376 2654 445 2700 cum
460 2640 594 2700 earmina
608 2639 759 2701 eiusmodi
774 2639 956 2700 dictasunt:

212 2724 246 2786 Is
260 2726 379 2784 minimo
392 2731 459 2798 eoet
470 2726 601 2784 mortulae
616 2727 669 2799 qui
680 2725 831 2783 minimum
844 2726 933 2798 oepit.

216 2807 302 2877 Quod
313 2809 382 2881 cult,
397 2808 491 2882 babet,
505 2811 558 2884 qui
569 2811 649 2880 cette,
665 2807 746 2882 quod
758 2810 895 2881 reticeat,
907 2811 1012 2883 potest.

88 2888 205 2955 lacum
220 2888 297 2948 haec
317 2894 409 2963 atque
424 2890 574 2952 eiusmodi
591 2891 740 2964 audimus,
757 2890 796 2950 ad
813 2890 1044 2951 consessionem
1060 2905 1112 2949 ve-

129 2971 226 3032 ritatis
243 2971 430 3032 adducimur.
456 2974 499 3034 illi
520 2975 615 3047 enim,
638 2975 748 3049 quibus
762 2974 836 3033 nihil
852 2975 927 3035 satis
943 2980 999 3045 est,
1016 2973 1111 3033 admi-

129 3063 242 3129 rantur,
255 3054 435 3131 adclamant,
447 3058 550 3119 odium
562 3056 712 3136 pecuniae
723 3055 875 3118 indicunt:
897 3058 980 3119 hune
992 3057 1112 3118 illorum

130 3139 284 3200 adiectum
305 3155 374 3200 oum
394 3141 523 3218 videris,
545 3158 635 3217 urge,
658 3142 718 3202 hoe
738 3158 858 3218 preme,
878 3141 939 3203 hoc
954 3157 1051 3202 onera
1063 3157 1111 3201 re·

130 3222 209 3283 lictis
235 3224 479 3300 ambiguitatibus
502 3234 533 3287 et
557 3226 745 3304 syllogismis
766 3234 796 3287 et
818 3226 1062 3288 cavillationibus
1083 3231 1115 3285 et

130 3308 240 3368 ceteris
258 3308 406 3369 acuminis
428 3310 507 3370 inriti
527 3311 663 3371 ludicris.
691 3309 741 3372 dic
762 3312 791 3371 in
815 3310 987 3386 avaritiam,
1009 3311 1060 3370 dio
1081 3308 1113 3372 iu

128 3394 293 3453 luxuriam:
316 3408 386 3453 cum
400 3395 572 3467 proiecisse
584 3401 614 3456 te
628 3393 741 3456 videris
753 3405 783 3457 et
793 3396 911 3457 animos
923 3394 1113 3457 audientium

129 3477 290 3553 adieceriS,
306 3476 387 3538 insta
401 3477 627 3541 vehementius:
647 3479 809 3541 verisimile
822 3497 883 3543 non
896 3487 952 3558 est,
965 3486 1114 3558 quantum
