<?xml version="1.0" encoding="UTF-8"?>
<!DOCTYPE html PUBLIC "-//W3C//DTD XHTML 1.0 Transitional//EN"
    "http://www.w3.org/TR/xhtml1/DTD/xhtml1-transitional.dtd">
<html xmlns="http://www.w3.org/1999/xhtml" xml:lang="en" lang="en">
 <head>
  <title>
</title>
<meta http-equiv="Content-Type" content="text/html;charset=utf-8" />
  <meta name='ocr-system' content='tesseract 3.04.00' />
  <meta name='ocr-capabilities' content='ocr_page ocr_carea ocr_par ocr_line ocrx_word'/>
</head>
<body>
  <div class='ocr_page' id='page_1' title='image "./lannaeisenecaeo06senegoog_0289.png"; bbox 0 0 2422 3862; ppageno 0'>
   <div class='ocr_carea' id='block_1_1' title="bbox 165 230 1156 314">
    <p class='ocr_par' dir='ltr' id='par_1_1' title="bbox 165 230 1156 314">
     <span class='ocr_line' id='line_1_1' title="bbox 165 230 1156 314; baseline 0.006 -18"><span class='ocrx_word' id='word_1_1' title='bbox 165 231 229 296; x_wconf 67' lang='lat'><strong>254</strong></span> <span class='ocrx_word' id='word_1_2' title='bbox 239 233 273 291; x_wconf 88' lang='lat' dir='ltr'><strong>L.</strong></span> <span class='ocrx_word' id='word_1_3' title='bbox 287 231 434 293; x_wconf 82' lang='lat' dir='ltr'><strong>ANNAEI</strong></span> <span class='ocrx_word' id='word_1_4' title='bbox 446 230 621 293; x_wconf 78' lang='lat' dir='ltr'><strong>SENECAE</strong></span> <span class='ocrx_word' id='word_1_5' title='bbox 631 232 689 293; x_wconf 87' lang='lat' dir='ltr'><strong>EP.</strong></span> <span class='ocrx_word' id='word_1_6' title='bbox 701 232 795 294; x_wconf 82' lang='lat' dir='ltr'><strong>MOR.</strong></span> <span class='ocrx_word' id='word_1_7' title='bbox 806 235 879 295; x_wconf 91' lang='lat' dir='ltr'><strong>LlB.</strong></span> <span class='ocrx_word' id='word_1_8' title='bbox 890 236 967 296; x_wconf 83' lang='lat' dir='ltr'>x111.</span> <span class='ocrx_word' id='word_1_9' title='bbox 979 236 1093 314; x_wconf 61' lang='grc' dir='ltr'><strong>ΕΗ(</strong></span> <span class='ocrx_word' id='word_1_10' title='bbox 1132 235 1156 303; x_wconf 84' lang='grc'><strong>.)</strong></span> 
     </span>
    </p>
   </div>
   <div class='ocr_carea' id='block_1_2' title="bbox 123 383 1156 1969">
    <p class='ocr_par' dir='ltr' id='par_1_2' title="bbox 123 383 1156 1969">
     <span class='ocr_line' id='line_1_2' title="bbox 165 383 1154 457; baseline 0.006 -13"><span class='ocrx_word' id='word_1_11' title='bbox 165 385 263 444; x_wconf 89' lang='lat' dir='ltr'><strong>lorum</strong></span> <span class='ocrx_word' id='word_1_12' title='bbox 279 383 395 443; x_wconf 86' lang='lat' dir='ltr'><strong>artibus</strong></span> <span class='ocrx_word' id='word_1_13' title='bbox 406 398 630 457; x_wconf 88' lang='lat' dir='ltr'><strong>supervacuum</strong></span> <span class='ocrx_word' id='word_1_14' title='bbox 645 391 725 456; x_wconf 88' lang='lat' dir='ltr'><strong>erat,</strong></span> <span class='ocrx_word' id='word_1_15' title='bbox 742 386 923 446; x_wconf 79' lang='lat' dir='ltr'><strong>transtulere</strong></span> <span class='ocrx_word' id='word_1_16' title='bbox 937 386 967 445; x_wconf 91' lang='lat' dir='ltr'><strong>in</strong></span> <span class='ocrx_word' id='word_1_17' title='bbox 982 402 1086 448; x_wconf 67' lang='lat' dir='ltr'><strong>suarna</strong></span> <span class='ocrx_word' id='word_1_18' title='bbox 1108 391 1154 450; x_wconf 84' lang='lat' dir='ltr'><strong>sie</strong></span> 
     </span>
     <span class='ocr_line' id='line_1_3' title="bbox 165 465 1152 544; baseline 0.002 -16"><span class='ocrx_word' id='word_1_19' title='bbox 165 467 307 528; x_wconf 82' lang='lat' dir='ltr'><strong>effectum</strong></span> <span class='ocrx_word' id='word_1_20' title='bbox 333 474 394 540; x_wconf 93' lang='grc' dir='ltr'><strong>εει,</strong></span> <span class='ocrx_word' id='word_1_21' title='bbox 420 474 453 527; x_wconf 82' lang='grc' dir='ltr'><strong>ιιι</strong></span> <span class='ocrx_word' id='word_1_22' title='bbox 476 465 650 541; x_wconf 87' lang='lat' dir='ltr'><strong>diligentius</strong></span> <span class='ocrx_word' id='word_1_23' title='bbox 676 468 790 528; x_wconf 86' lang='lat' dir='ltr'><strong>scirent</strong></span> <span class='ocrx_word' id='word_1_24' title='bbox 815 469 899 544; x_wconf 90' lang='lat' dir='ltr'><strong>ioqui</strong></span> <span class='ocrx_word' id='word_1_25' title='bbox 914 465 1016 544; x_wconf 87' lang='lat' dir='ltr'><strong>&#39;quam</strong></span> <span class='ocrx_word' id='word_1_26' title='bbox 1039 472 1152 534; x_wconf 84' lang='lat' dir='ltr'><strong>vivere.</strong></span> 
     </span>
     <span class='ocr_line' id='line_1_4' title="bbox 123 550 1152 629; baseline 0.007 -21"><span class='ocrx_word' id='word_1_27' title='bbox 123 552 261 627; x_wconf 77' lang='lat' dir='ltr'><strong>43Audi,</strong></span> <span class='ocrx_word' id='word_1_28' title='bbox 287 559 433 626; x_wconf 89' lang='lat' dir='ltr'><strong>quantum</strong></span> <span class='ocrx_word' id='word_1_29' title='bbox 454 550 524 610; x_wconf 87' lang='lat' dir='ltr'><strong>maii</strong></span> <span class='ocrx_word' id='word_1_30' title='bbox 540 551 631 612; x_wconf 87' lang='lat' dir='ltr'><strong>iaciat</strong></span> <span class='ocrx_word' id='word_1_31' title='bbox 646 551 737 610; x_wconf 90' lang='lat' dir='ltr'><strong>nimia</strong></span> <span class='ocrx_word' id='word_1_32' title='bbox 751 552 902 612; x_wconf 76' lang='lat' dir='ltr'><strong>subtilitas</strong></span> <span class='ocrx_word' id='word_1_33' title='bbox 923 561 954 613; x_wconf 89' lang='lat' dir='ltr'><strong>et</strong></span> <span class='ocrx_word' id='word_1_34' title='bbox 973 570 1064 629; x_wconf 88' lang='lat' dir='ltr'><strong>quam</strong></span> <span class='ocrx_word' id='word_1_35' title='bbox 1077 556 1152 615; x_wconf 87' lang='lat' dir='ltr'><strong>inie-</strong></span> 
     </span>
     <span class='ocr_line' id='line_1_5' title="bbox 166 633 1154 713; baseline 0 -15"><span class='ocrx_word' id='word_1_36' title='bbox 166 644 215 698; x_wconf 84' lang='lat' dir='ltr'><strong>sta</strong></span> <span class='ocrx_word' id='word_1_37' title='bbox 238 635 356 695; x_wconf 88' lang='lat' dir='ltr'><strong>veritati</strong></span> <span class='ocrx_word' id='word_1_38' title='bbox 384 633 440 695; x_wconf 83' lang='lat' dir='ltr'><strong>sit:</strong></span> <span class='ocrx_word' id='word_1_39' title='bbox 468 633 651 709; x_wconf 79' lang='lat' dir='ltr'><strong>Protagoras</strong></span> <span class='ocrx_word' id='word_1_40' title='bbox 673 635 715 694; x_wconf 89' lang='lat' dir='ltr'><strong>ait</strong></span> <span class='ocrx_word' id='word_1_41' title='bbox 734 636 773 695; x_wconf 88' lang='lat' dir='ltr'><strong>de</strong></span> <span class='ocrx_word' id='word_1_42' title='bbox 794 636 876 697; x_wconf 90' lang='lat' dir='ltr'><strong>omni</strong></span> <span class='ocrx_word' id='word_1_43' title='bbox 891 652 927 697; x_wconf 88' lang='lat' dir='ltr'><strong>re</strong></span> <span class='ocrx_word' id='word_1_44' title='bbox 944 638 974 697; x_wconf 93' lang='lat' dir='ltr'><strong>iu</strong></span> <span class='ocrx_word' id='word_1_45' title='bbox 990 646 1154 713; x_wconf 87' lang='lat' dir='ltr'><strong>utramque</strong></span> 
     </span>
     <span class='ocr_line' id='line_1_6' title="bbox 166 719 1151 796; baseline 0.001 -15"><span class='ocrx_word' id='word_1_46' title='bbox 166 728 282 796; x_wconf 64' lang='lat' dir='ltr'><strong>partem</strong></span> <span class='ocrx_word' id='word_1_47' title='bbox 298 719 448 794; x_wconf 85' lang='lat' dir='ltr'><strong>disputari</strong></span> <span class='ocrx_word' id='word_1_48' title='bbox 464 733 560 793; x_wconf 87' lang='lat' dir='ltr'><strong>posse</strong></span> <span class='ocrx_word' id='word_1_49' title='bbox 575 735 615 779; x_wconf 87' lang='lat' dir='ltr'><strong>ex</strong></span> <span class='ocrx_word' id='word_1_50' title='bbox 630 734 731 794; x_wconf 86' lang='lat' dir='ltr'><strong>aequo</strong></span> <span class='ocrx_word' id='word_1_51' title='bbox 748 727 779 779; x_wconf 91' lang='grc' dir='ltr'><strong>ει</strong></span> <span class='ocrx_word' id='word_1_52' title='bbox 798 721 838 780; x_wconf 86' lang='lat' dir='ltr'><strong>de</strong></span> <span class='ocrx_word' id='word_1_53' title='bbox 852 720 910 780; x_wconf 88' lang='lat' dir='ltr'><strong>hac</strong></span> <span class='ocrx_word' id='word_1_54' title='bbox 924 719 1008 796; x_wconf 83' lang='lat' dir='ltr'><strong>ipsu,</strong></span> <span class='ocrx_word' id='word_1_55' title='bbox 1030 738 1069 781; x_wconf 89' lang='lat' dir='ltr'><strong>an</strong></span> <span class='ocrx_word' id='word_1_56' title='bbox 1087 738 1151 782; x_wconf 82' lang='lat' dir='ltr'><strong>om·</strong></span> 
     </span>
     <span class='ocr_line' id='line_1_7' title="bbox 166 802 1153 880; baseline 0.002 -16"><span class='ocrx_word' id='word_1_57' title='bbox 166 806 215 866; x_wconf 90' lang='lat' dir='ltr'><strong>nis</strong></span> <span class='ocrx_word' id='word_1_58' title='bbox 228 818 278 864; x_wconf 85' lang='lat' dir='ltr'><strong>res</strong></span> <span class='ocrx_word' id='word_1_59' title='bbox 294 803 325 863; x_wconf 94' lang='lat' dir='ltr'><strong>in</strong></span> <span class='ocrx_word' id='word_1_60' title='bbox 339 811 499 878; x_wconf 85' lang='lat' dir='ltr'><strong>utramque</strong></span> <span class='ocrx_word' id='word_1_61' title='bbox 513 809 632 877; x_wconf 87' lang='lat' dir='ltr'><strong>partem</strong></span> <span class='ocrx_word' id='word_1_62' title='bbox 646 802 839 878; x_wconf 86' lang='lat' dir='ltr'><strong>disputabilis</strong></span> <span class='ocrx_word' id='word_1_63' title='bbox 854 804 903 865; x_wconf 90' lang='lat' dir='ltr'><strong>sit.</strong></span> <span class='ocrx_word' id='word_1_64' title='bbox 939 805 1153 880; x_wconf 86' lang='lat' dir='ltr'><strong>Nausiphanes</strong></span> 
     </span>
     <span class='ocr_line' id='line_1_8' title="bbox 166 885 1153 964; baseline -0.001 -16"><span class='ocrx_word' id='word_1_65' title='bbox 166 889 208 948; x_wconf 87' lang='lat' dir='ltr'><strong>ait</strong></span> <span class='ocrx_word' id='word_1_66' title='bbox 223 904 261 948; x_wconf 85' lang='lat' dir='ltr'><strong>ex</strong></span> <span class='ocrx_word' id='word_1_67' title='bbox 277 886 334 962; x_wconf 91' lang='lat' dir='ltr'><strong>his,</strong></span> <span class='ocrx_word' id='word_1_68' title='bbox 351 902 431 963; x_wconf 86' lang='lat' dir='ltr'><strong>quae</strong></span> <span class='ocrx_word' id='word_1_69' title='bbox 440 885 586 947; x_wconf 86' lang='lat' dir='ltr'><strong>-videntur</strong></span> <span class='ocrx_word' id='word_1_70' title='bbox 600 902 680 962; x_wconf 88' lang='lat' dir='ltr'><strong>esse,</strong></span> <span class='ocrx_word' id='word_1_71' title='bbox 697 887 770 946; x_wconf 91' lang='lat' dir='ltr'><strong>nihii</strong></span> <span class='ocrx_word' id='word_1_72' title='bbox 786 888 882 962; x_wconf 89' lang='lat' dir='ltr'><strong>magis</strong></span> <span class='ocrx_word' id='word_1_73' title='bbox 897 903 969 948; x_wconf 86' lang='lat' dir='ltr'><strong>esse</strong></span> <span class='ocrx_word' id='word_1_74' title='bbox 984 905 1077 964; x_wconf 86' lang='lat' dir='ltr'><strong>quam</strong></span> <span class='ocrx_word' id='word_1_75' title='bbox 1092 905 1153 950; x_wconf 89' lang='lat' dir='ltr'><strong>non</strong></span> 
     </span>
     <span class='ocr_line' id='line_1_9' title="bbox 124 970 1154 1046; baseline -0.001 -13"><span class='ocrx_word' id='word_1_76' title='bbox 124 978 248 1033; x_wconf 68' lang='lat' dir='ltr'><strong>coesse.</strong></span> <span class='ocrx_word' id='word_1_77' title='bbox 289 970 485 1031; x_wconf 83' lang='lat' dir='ltr'><strong>Parmenides</strong></span> <span class='ocrx_word' id='word_1_78' title='bbox 502 971 544 1031; x_wconf 88' lang='lat' dir='ltr'><strong>ait</strong></span> <span class='ocrx_word' id='word_1_79' title='bbox 563 986 603 1031; x_wconf 87' lang='lat' dir='ltr'><strong>ex</strong></span> <span class='ocrx_word' id='word_1_80' title='bbox 617 970 681 1044; x_wconf 93' lang='lat' dir='ltr'><strong>his,</strong></span> <span class='ocrx_word' id='word_1_81' title='bbox 706 987 786 1046; x_wconf 86' lang='lat' dir='ltr'><strong>quae</strong></span> <span class='ocrx_word' id='word_1_82' title='bbox 807 971 961 1045; x_wconf 87' lang='lat' dir='ltr'><strong>videntur,</strong></span> <span class='ocrx_word' id='word_1_83' title='bbox 987 971 1060 1032; x_wconf 90' lang='lat' dir='ltr'><strong>nihil</strong></span> <span class='ocrx_word' id='word_1_84' title='bbox 1081 987 1154 1034; x_wconf 88' lang='lat' dir='ltr'><strong>esse</strong></span> 
     </span>
     <span class='ocr_line' id='line_1_10' title="bbox 166 1053 1153 1132; baseline -0.003 -14"><span class='ocrx_word' id='word_1_85' title='bbox 166 1059 225 1118; x_wconf 70' lang='grc' dir='ltr'><strong>πέει·</strong></span> <span class='ocrx_word' id='word_1_86' title='bbox 238 1055 422 1116; x_wconf 84' lang='lat' dir='ltr'><strong>universum.</strong></span> <span class='ocrx_word' id='word_1_87' title='bbox 459 1054 565 1116; x_wconf 88' lang='lat' dir='ltr'><strong>Zenon</strong></span> <span class='ocrx_word' id='word_1_88' title='bbox 585 1055 705 1116; x_wconf 86' lang='lat' dir='ltr'><strong>Eleates</strong></span> <span class='ocrx_word' id='word_1_89' title='bbox 721 1056 825 1116; x_wconf 85' lang='lat' dir='ltr'><strong>omnia</strong></span> <span class='ocrx_word' id='word_1_90' title='bbox 838 1053 960 1130; x_wconf 90' lang='lat' dir='ltr'><strong>negotia</strong></span> <span class='ocrx_word' id='word_1_91' title='bbox 975 1056 1014 1116; x_wconf 92' lang='lat' dir='ltr'><strong>de</strong></span> <span class='ocrx_word' id='word_1_92' title='bbox 1030 1058 1153 1132; x_wconf 91' lang='lat' dir='ltr'><strong>negotio</strong></span> 
     </span>
     <span class='ocr_line' id='line_1_11' title="bbox 168 1138 1152 1218; baseline -0.002 -17"><span class='ocrx_word' id='word_1_93' title='bbox 168 1139 292 1201; x_wconf 84' lang='lat' dir='ltr'><strong>deiecit=</strong></span> <span class='ocrx_word' id='word_1_94' title='bbox 318 1139 360 1200; x_wconf 90' lang='lat' dir='ltr'><strong>ait</strong></span> <span class='ocrx_word' id='word_1_95' title='bbox 379 1139 451 1198; x_wconf 91' lang='lat' dir='ltr'><strong>nihii</strong></span> <span class='ocrx_word' id='word_1_96' title='bbox 469 1154 549 1200; x_wconf 87' lang='lat' dir='ltr'><strong>esse.</strong></span> <span class='ocrx_word' id='word_1_97' title='bbox 591 1139 677 1198; x_wconf 85' lang='lat' dir='ltr'><strong>Circa</strong></span> <span class='ocrx_word' id='word_1_98' title='bbox 695 1139 802 1199; x_wconf 87' lang='lat' dir='ltr'><strong>eadem</strong></span> <span class='ocrx_word' id='word_1_99' title='bbox 816 1140 881 1199; x_wconf 86' lang='lat' dir='ltr'><strong>iere</strong></span> <span class='ocrx_word' id='word_1_100' title='bbox 894 1138 1064 1218; x_wconf 83' lang='lat' dir='ltr'><strong>Pyrrhonei</strong></span> <span class='ocrx_word' id='word_1_101' title='bbox 1085 1156 1152 1199; x_wconf 90' lang='lat' dir='ltr'><strong>ver·</strong></span> 
     </span>
     <span class='ocr_line' id='line_1_12' title="bbox 168 1221 1152 1298; baseline -0.006 -12"><span class='ocrx_word' id='word_1_102' title='bbox 168 1231 275 1286; x_wconf 85' lang='lat' dir='ltr'><strong>santur</strong></span> <span class='ocrx_word' id='word_1_103' title='bbox 298 1232 328 1283; x_wconf 87' lang='lat' dir='ltr'><strong>et</strong></span> <span class='ocrx_word' id='word_1_104' title='bbox 347 1221 492 1298; x_wconf 80' lang='lat' dir='ltr'><strong>Megarici</strong></span> <span class='ocrx_word' id='word_1_105' title='bbox 511 1230 541 1284; x_wconf 87' lang='lat' dir='ltr'><strong>et</strong></span> <span class='ocrx_word' id='word_1_106' title='bbox 554 1221 683 1283; x_wconf 87' lang='lat' dir='ltr'><strong>Eretrici</strong></span> <span class='ocrx_word' id='word_1_107' title='bbox 698 1231 729 1283; x_wconf 87' lang='lat' dir='ltr'><strong>et</strong></span> <span class='ocrx_word' id='word_1_108' title='bbox 744 1224 937 1296; x_wconf 81' lang='lat' dir='ltr'><strong>Academici,</strong></span> <span class='ocrx_word' id='word_1_109' title='bbox 965 1222 1018 1298; x_wconf 89' lang='lat' dir='ltr'><strong>qui</strong></span> <span class='ocrx_word' id='word_1_110' title='bbox 1040 1239 1152 1283; x_wconf 89' lang='lat' dir='ltr'><strong>novam</strong></span> 
     </span>
     <span class='ocr_line' id='line_1_13' title="bbox 124 1305 1153 1380; baseline -0.005 -10"><span class='ocrx_word' id='word_1_111' title='bbox 124 1310 351 1370; x_wconf 70' lang='lat' dir='ltr'><strong>dfiinduxerunt</strong></span> <span class='ocrx_word' id='word_1_112' title='bbox 376 1307 548 1380; x_wconf 87' lang='lat' dir='ltr'><strong>scientiam,</strong></span> <span class='ocrx_word' id='word_1_113' title='bbox 575 1307 648 1366; x_wconf 89' lang='lat' dir='ltr'><strong>nihil</strong></span> <span class='ocrx_word' id='word_1_114' title='bbox 666 1307 756 1366; x_wconf 86' lang='lat' dir='ltr'><strong>scire.</strong></span> <span class='ocrx_word' id='word_1_115' title='bbox 801 1307 885 1367; x_wconf 89' lang='lat' dir='ltr'><strong>Haec</strong></span> <span class='ocrx_word' id='word_1_116' title='bbox 909 1305 1011 1367; x_wconf 88' lang='lat' dir='ltr'><strong>omnia</strong></span> <span class='ocrx_word' id='word_1_117' title='bbox 1025 1307 1055 1366; x_wconf 93' lang='lat' dir='ltr'><strong>in</strong></span> <span class='ocrx_word' id='word_1_118' title='bbox 1070 1307 1153 1366; x_wconf 91' lang='lat' dir='ltr'><strong>illum</strong></span> 
     </span>
     <span class='ocr_line' id='line_1_14' title="bbox 169 1389 1155 1466; baseline -0.006 -12"><span class='ocrx_word' id='word_1_119' title='bbox 169 1406 394 1466; x_wconf 85' lang='lat' dir='ltr'><strong>supervacuum</strong></span> <span class='ocrx_word' id='word_1_120' title='bbox 419 1391 588 1451; x_wconf 91' lang='lat' dir='ltr'><strong>studiorum</strong></span> <span class='ocrx_word' id='word_1_121' title='bbox 614 1391 780 1451; x_wconf 81' lang='lat' dir='ltr'><strong>liberalium</strong></span> <span class='ocrx_word' id='word_1_122' title='bbox 807 1406 932 1466; x_wconf 81' lang='lat' dir='ltr'><strong>gregem</strong></span> <span class='ocrx_word' id='word_1_123' title='bbox 957 1391 1079 1451; x_wconf 73' lang='lat' dir='ltr'><strong>conice:</strong></span> <span class='ocrx_word' id='word_1_124' title='bbox 1113 1389 1155 1449; x_wconf 90' lang='lat' dir='ltr'><strong>illi</strong></span> 
     </span>
     <span class='ocr_line' id='line_1_15' title="bbox 168 1474 1154 1552; baseline -0.003 -16"><span class='ocrx_word' id='word_1_125' title='bbox 168 1475 240 1536; x_wconf 91' lang='lat' dir='ltr'><strong>mihi</strong></span> <span class='ocrx_word' id='word_1_126' title='bbox 265 1491 326 1535; x_wconf 91' lang='lat' dir='ltr'><strong>uon</strong></span> <span class='ocrx_word' id='word_1_127' title='bbox 350 1475 539 1550; x_wconf 83' lang='lat' dir='ltr'><strong>profuturam</strong></span> <span class='ocrx_word' id='word_1_128' title='bbox 564 1474 721 1535; x_wconf 86' lang='lat' dir='ltr'><strong>scientiam</strong></span> <span class='ocrx_word' id='word_1_129' title='bbox 743 1475 879 1549; x_wconf 89' lang='lat' dir='ltr'><strong>tradunt,</strong></span> <span class='ocrx_word' id='word_1_130' title='bbox 905 1475 937 1534; x_wconf 95' lang='lat' dir='ltr'><strong>hi</strong></span> <span class='ocrx_word' id='word_1_131' title='bbox 953 1488 1041 1550; x_wconf 82' lang='lat' dir='ltr'><strong>spem</strong></span> <span class='ocrx_word' id='word_1_132' title='bbox 1056 1474 1154 1552; x_wconf 86' lang='lat' dir='ltr'><strong>omnis</strong></span> 
     </span>
     <span class='ocr_line' id='line_1_16' title="bbox 169 1557 1153 1634; baseline -0.004 -14"><span class='ocrx_word' id='word_1_133' title='bbox 169 1560 315 1620; x_wconf 86' lang='lat' dir='ltr'><strong>scientiae</strong></span> <span class='ocrx_word' id='word_1_134' title='bbox 329 1559 469 1633; x_wconf 86' lang='lat' dir='ltr'><strong>eripiunt.</strong></span> <span class='ocrx_word' id='word_1_135' title='bbox 511 1557 607 1619; x_wconf 86' lang='lat' dir='ltr'><strong>satius</strong></span> <span class='ocrx_word' id='word_1_136' title='bbox 622 1566 670 1619; x_wconf 87' lang='grc' dir='ltr'><strong>εει</strong></span> <span class='ocrx_word' id='word_1_137' title='bbox 685 1575 879 1634; x_wconf 83' lang='lat' dir='ltr'><strong>supervacua</strong></span> <span class='ocrx_word' id='word_1_138' title='bbox 898 1557 978 1618; x_wconf 88' lang='lat' dir='ltr'><strong>scire</strong></span> <span class='ocrx_word' id='word_1_139' title='bbox 1001 1574 1094 1633; x_wconf 89' lang='lat' dir='ltr'><strong>quarn</strong></span> <span class='ocrx_word' id='word_1_140' title='bbox 1109 1559 1153 1617; x_wconf 91' lang='lat' dir='ltr'><strong>ni-</strong></span> 
     </span>
     <span class='ocr_line' id='line_1_17' title="bbox 169 1641 1156 1718; baseline -0.003 -15"><span class='ocrx_word' id='word_1_141' title='bbox 169 1644 220 1703; x_wconf 91' lang='lat' dir='ltr'><strong>hil.</strong></span> <span class='ocrx_word' id='word_1_142' title='bbox 264 1644 380 1703; x_wconf 94' lang='lat' dir='ltr'><strong>illinon</strong></span> <span class='ocrx_word' id='word_1_143' title='bbox 403 1643 578 1718; x_wconf 84' lang='lat' dir='ltr'><strong>praeierunt</strong></span> <span class='ocrx_word' id='word_1_144' title='bbox 597 1645 712 1718; x_wconf 88' lang='lat' dir='ltr'><strong>iumen,</strong></span> <span class='ocrx_word' id='word_1_145' title='bbox 740 1659 796 1718; x_wconf 84' lang='lat' dir='ltr'><strong>per</strong></span> <span class='ocrx_word' id='word_1_146' title='bbox 810 1642 894 1718; x_wconf 92' lang='lat' dir='ltr'><strong>quod</strong></span> <span class='ocrx_word' id='word_1_147' title='bbox 908 1641 991 1701; x_wconf 87' lang='lat' dir='ltr'><strong>acies</strong></span> <span class='ocrx_word' id='word_1_148' title='bbox 1007 1641 1156 1715; x_wconf 87' lang='lat' dir='ltr'><strong>dirigatur</strong></span> 
     </span>
     <span class='ocr_line' id='line_1_18' title="bbox 170 1725 1155 1800; baseline -0.005 -12"><span class='ocrx_word' id='word_1_149' title='bbox 170 1728 210 1788; x_wconf 95' lang='lat' dir='ltr'><strong>ad</strong></span> <span class='ocrx_word' id='word_1_150' title='bbox 223 1742 338 1798; x_wconf 91' lang='lat' dir='ltr'><strong>verum,</strong></span> <span class='ocrx_word' id='word_1_151' title='bbox 353 1726 384 1786; x_wconf 93' lang='lat' dir='ltr'><strong>hi</strong></span> <span class='ocrx_word' id='word_1_152' title='bbox 400 1729 508 1787; x_wconf 87' lang='lat' dir='ltr'><strong>oculos</strong></span> <span class='ocrx_word' id='word_1_153' title='bbox 522 1726 594 1786; x_wconf 92' lang='lat' dir='ltr'><strong>mihi</strong></span> <span class='ocrx_word' id='word_1_154' title='bbox 610 1725 767 1788; x_wconf 81' lang='lat' dir='ltr'><strong>effodiunt.</strong></span> <span class='ocrx_word' id='word_1_155' title='bbox 802 1726 833 1787; x_wconf 92' lang='lat' dir='ltr'><strong>Si</strong></span> <span class='ocrx_word' id='word_1_156' title='bbox 850 1725 1036 1800; x_wconf 85' lang='lat' dir='ltr'><strong>Protagorae</strong></span> <span class='ocrx_word' id='word_1_157' title='bbox 1050 1726 1155 1799; x_wconf 87' lang='lat' dir='ltr'><strong>oredo,</strong></span> 
     </span>
     <span class='ocr_line' id='line_1_19' title="bbox 169 1808 1155 1885; baseline -0.003 -14"><span class='ocrx_word' id='word_1_158' title='bbox 169 1810 242 1871; x_wconf 91' lang='lat' dir='ltr'><strong>nihil</strong></span> <span class='ocrx_word' id='word_1_159' title='bbox 257 1812 287 1871; x_wconf 93' lang='lat' dir='ltr'><strong>in</strong></span> <span class='ocrx_word' id='word_1_160' title='bbox 301 1826 403 1871; x_wconf 87' lang='lat' dir='ltr'><strong>rerum</strong></span> <span class='ocrx_word' id='word_1_161' title='bbox 417 1818 524 1871; x_wconf 89' lang='lat' dir='ltr'><strong>natura</strong></span> <span class='ocrx_word' id='word_1_162' title='bbox 539 1817 587 1872; x_wconf 85' lang='lat' dir='ltr'><strong>est</strong></span> <span class='ocrx_word' id='word_1_163' title='bbox 600 1811 658 1871; x_wconf 90' lang='lat' dir='ltr'><strong>nisi</strong></span> <span class='ocrx_word' id='word_1_164' title='bbox 672 1811 807 1872; x_wconf 89' lang='lat' dir='ltr'><strong>dubium.</strong></span> <span class='ocrx_word' id='word_1_165' title='bbox 839 1808 867 1870; x_wconf 92' lang='lat' dir='ltr'><strong>si</strong></span> <span class='ocrx_word' id='word_1_166' title='bbox 880 1808 1079 1885; x_wconf 85' lang='lat' dir='ltr'><strong>Nausiphani,</strong></span> <span class='ocrx_word' id='word_1_167' title='bbox 1094 1809 1155 1869; x_wconf 88' lang='lat' dir='ltr'><strong>hoo</strong></span> 
     </span>
     <span class='ocr_line' id='line_1_20' title="bbox 169 1893 1156 1969; baseline -0.006 -12"><span class='ocrx_word' id='word_1_168' title='bbox 169 1912 262 1957; x_wconf 91' lang='lat' dir='ltr'><strong>unum</strong></span> <span class='ocrx_word' id='word_1_169' title='bbox 279 1903 393 1956; x_wconf 88' lang='lat' dir='ltr'><strong>certum</strong></span> <span class='ocrx_word' id='word_1_170' title='bbox 416 1902 477 1969; x_wconf 90' lang='grc' dir='ltr'><strong>εει,</strong></span> <span class='ocrx_word' id='word_1_171' title='bbox 504 1895 578 1954; x_wconf 89' lang='lat' dir='ltr'><strong>nihil</strong></span> <span class='ocrx_word' id='word_1_172' title='bbox 601 1909 673 1956; x_wconf 89' lang='lat' dir='ltr'><strong>esse</strong></span> <span class='ocrx_word' id='word_1_173' title='bbox 696 1896 778 1955; x_wconf 83' lang='lat' dir='ltr'><strong>certi.</strong></span> <span class='ocrx_word' id='word_1_174' title='bbox 823 1894 850 1954; x_wconf 93' lang='lat' dir='ltr'><strong>si</strong></span> <span class='ocrx_word' id='word_1_175' title='bbox 873 1893 1058 1966; x_wconf 84' lang='lat' dir='ltr'><strong>Parmenidi,</strong></span> <span class='ocrx_word' id='word_1_176' title='bbox 1083 1893 1156 1951; x_wconf 93' lang='lat' dir='ltr'><strong>nihil</strong></span> 
     </span>
    </p>
   </div>
   <div class='ocr_carea' id='block_1_3' title="bbox 37 1977 1156 2475">
    <p class='ocr_par' dir='ltr' id='par_1_3' title="bbox 37 1977 1156 2475">
     <span class='ocr_line' id='line_1_21' title="bbox 37 1977 1155 2056; baseline -0.004 -16"><span class='ocrx_word' id='word_1_177' title='bbox 37 2037 40 2043; x_wconf 90' lang='grc'><strong>,</strong></span> <span class='ocrx_word' id='word_1_178' title='bbox 127 1986 291 2056; x_wconf 67' lang='lat' dir='ltr'><strong>repraeter</strong></span> <span class='ocrx_word' id='word_1_179' title='bbox 304 1996 407 2041; x_wconf 90' lang='lat' dir='ltr'><strong>unum.</strong></span> <span class='ocrx_word' id='word_1_180' title='bbox 451 1978 478 2040; x_wconf 93' lang='lat' dir='ltr'><strong>si</strong></span> <span class='ocrx_word' id='word_1_181' title='bbox 492 1979 623 2051; x_wconf 88' lang='lat' dir='ltr'><strong>Zenoni,</strong></span> <span class='ocrx_word' id='word_1_182' title='bbox 644 1995 684 2038; x_wconf 86' lang='lat' dir='ltr'><strong>ne</strong></span> <span class='ocrx_word' id='word_1_183' title='bbox 698 1996 790 2040; x_wconf 91' lang='lat' dir='ltr'><strong>unum</strong></span> <span class='ocrx_word' id='word_1_184' title='bbox 806 1978 938 2053; x_wconf 86' lang='lat' dir='ltr'><strong>quidem.</strong></span> <span class='ocrx_word' id='word_1_185' title='bbox 987 1977 1065 2051; x_wconf 82' lang='lat' dir='ltr'><strong>Quid</strong></span> <span class='ocrx_word' id='word_1_186' title='bbox 1081 1991 1155 2050; x_wconf 87' lang='lat' dir='ltr'><strong>ergo</strong></span> 
     </span>
     <span class='ocr_line' id='line_1_22' title="bbox 170 2060 1155 2139; baseline -0.005 -15"><span class='ocrx_word' id='word_1_187' title='bbox 170 2080 228 2124; x_wconf 91' lang='lat' dir='ltr'><strong>nos</strong></span> <span class='ocrx_word' id='word_1_188' title='bbox 246 2071 374 2123; x_wconf 69' lang='lat' dir='ltr'><strong>sumus?</strong></span> <span class='ocrx_word' id='word_1_189' title='bbox 396 2062 469 2139; x_wconf 90' lang='lat' dir='ltr'><strong>quid</strong></span> <span class='ocrx_word' id='word_1_190' title='bbox 483 2063 550 2137; x_wconf 87' lang='lat' dir='ltr'><strong>ista,</strong></span> <span class='ocrx_word' id='word_1_191' title='bbox 567 2079 647 2138; x_wconf 88' lang='lat' dir='ltr'><strong>quae</strong></span> <span class='ocrx_word' id='word_1_192' title='bbox 662 2079 720 2125; x_wconf 93' lang='lat' dir='ltr'><strong>nos</strong></span> <span class='ocrx_word' id='word_1_193' title='bbox 736 2064 940 2135; x_wconf 86' lang='lat' dir='ltr'><strong>circumstant,</strong></span> <span class='ocrx_word' id='word_1_194' title='bbox 956 2060 1047 2134; x_wconf 87' lang='lat' dir='ltr'><strong>alunt,</strong></span> <span class='ocrx_word' id='word_1_195' title='bbox 1063 2061 1155 2120; x_wconf 88' lang='lat' dir='ltr'><strong>susti-</strong></span> 
     </span>
     <span class='ocr_line' id='line_1_23' title="bbox 170 2145 1155 2208; baseline -0.007 0"><span class='ocrx_word' id='word_1_196' title='bbox 170 2154 263 2208; x_wconf 67' lang='lat' dir='ltr'><strong>nent?</strong></span> <span class='ocrx_word' id='word_1_197' title='bbox 297 2155 361 2208; x_wconf 85' lang='lat' dir='ltr'><strong>tota</strong></span> <span class='ocrx_word' id='word_1_198' title='bbox 381 2163 482 2207; x_wconf 85' lang='lat' dir='ltr'><strong>rerum</strong></span> <span class='ocrx_word' id='word_1_199' title='bbox 502 2156 610 2208; x_wconf 89' lang='lat' dir='ltr'><strong>natura</strong></span> <span class='ocrx_word' id='word_1_200' title='bbox 626 2148 732 2207; x_wconf 86' lang='lat' dir='ltr'><strong>umbra</strong></span> <span class='ocrx_word' id='word_1_201' title='bbox 746 2154 793 2208; x_wconf 83' lang='lat' dir='ltr'><strong>est</strong></span> <span class='ocrx_word' id='word_1_202' title='bbox 807 2154 858 2207; x_wconf 88' lang='lat' dir='ltr'><strong>aut</strong></span> <span class='ocrx_word' id='word_1_203' title='bbox 872 2146 971 2206; x_wconf 85' lang='lat' dir='ltr'><strong>inanis</strong></span> <span class='ocrx_word' id='word_1_204' title='bbox 986 2151 1039 2204; x_wconf 88' lang='lat' dir='ltr'><strong>aut</strong></span> <span class='ocrx_word' id='word_1_205' title='bbox 1053 2145 1155 2204; x_wconf 86' lang='lat' dir='ltr'><strong>iailax.</strong></span> 
     </span>
     <span class='ocr_line' id='line_1_24' title="bbox 168 2226 1156 2306; baseline -0.006 -15"><span class='ocrx_word' id='word_1_206' title='bbox 168 2231 236 2291; x_wconf 88' lang='lat' dir='ltr'><strong>Non</strong></span> <span class='ocrx_word' id='word_1_207' title='bbox 251 2231 340 2291; x_wconf 81' lang='lat' dir='ltr'><strong>facilc</strong></span> <span class='ocrx_word' id='word_1_208' title='bbox 355 2231 492 2305; x_wconf 86' lang='lat' dir='ltr'><strong>dixerim,</strong></span> <span class='ocrx_word' id='word_1_209' title='bbox 506 2232 583 2292; x_wconf 91' lang='lat' dir='ltr'><strong>utris</strong></span> <span class='ocrx_word' id='word_1_210' title='bbox 598 2231 696 2306; x_wconf 89' lang='lat' dir='ltr'><strong>magis</strong></span> <span class='ocrx_word' id='word_1_211' title='bbox 711 2231 835 2304; x_wconf 87' lang='lat' dir='ltr'><strong>irascar,</strong></span> <span class='ocrx_word' id='word_1_212' title='bbox 857 2230 926 2304; x_wconf 89' lang='lat' dir='ltr'><strong>iilis,</strong></span> <span class='ocrx_word' id='word_1_213' title='bbox 942 2229 994 2304; x_wconf 89' lang='lat' dir='ltr'><strong>qui</strong></span> <span class='ocrx_word' id='word_1_214' title='bbox 1008 2243 1066 2288; x_wconf 91' lang='lat' dir='ltr'><strong>nos</strong></span> <span class='ocrx_word' id='word_1_215' title='bbox 1083 2226 1156 2286; x_wconf 90' lang='lat' dir='ltr'><strong>nihii</strong></span> 
     </span>
     <span class='ocr_line' id='line_1_25' title="bbox 171 2311 1155 2391; baseline -0.006 -15"><span class='ocrx_word' id='word_1_216' title='bbox 171 2314 251 2376; x_wconf 89' lang='lat' dir='ltr'><strong>scire</strong></span> <span class='ocrx_word' id='word_1_217' title='bbox 269 2317 438 2390; x_wconf 84' lang='lat' dir='ltr'><strong>voluerunt,</strong></span> <span class='ocrx_word' id='word_1_218' title='bbox 454 2332 492 2376; x_wconf 86' lang='lat' dir='ltr'><strong>an</strong></span> <span class='ocrx_word' id='word_1_219' title='bbox 504 2316 573 2390; x_wconf 87' lang='lat' dir='ltr'><strong>illis,</strong></span> <span class='ocrx_word' id='word_1_220' title='bbox 589 2316 642 2391; x_wconf 91' lang='lat' dir='ltr'><strong>qui</strong></span> <span class='ocrx_word' id='word_1_221' title='bbox 656 2331 695 2375; x_wconf 88' lang='lat' dir='ltr'><strong>ne</strong></span> <span class='ocrx_word' id='word_1_222' title='bbox 707 2315 768 2376; x_wconf 89' lang='lat' dir='ltr'><strong>hoo</strong></span> <span class='ocrx_word' id='word_1_223' title='bbox 783 2313 906 2390; x_wconf 91' lang='lat' dir='ltr'><strong>quidem</strong></span> <span class='ocrx_word' id='word_1_224' title='bbox 920 2312 1009 2374; x_wconf 90' lang='lat' dir='ltr'><strong>nobis</strong></span> <span class='ocrx_word' id='word_1_225' title='bbox 1023 2311 1155 2387; x_wconf 75' lang='lat' dir='ltr'><strong>ratique-</strong></span> 
     </span>
     <span class='ocr_line' id='line_1_26' title="bbox 170 2399 567 2475; baseline -0.003 -16"><span class='ocrx_word' id='word_1_226' title='bbox 170 2404 256 2475; x_wconf 90' lang='lat' dir='ltr'><strong>runt,</strong></span> <span class='ocrx_word' id='word_1_227' title='bbox 273 2399 345 2459; x_wconf 90' lang='lat' dir='ltr'><strong>nihii</strong></span> <span class='ocrx_word' id='word_1_228' title='bbox 361 2400 450 2461; x_wconf 88' lang='lat' dir='ltr'><strong>scire.</strong></span> <span class='ocrx_word' id='word_1_229' title='bbox 483 2401 567 2461; x_wconf 89' lang='lat' dir='ltr'><strong>Vale.</strong></span> 
     </span>
    </p>
   </div>
   <div class='ocr_carea' id='block_1_4' title="bbox 0 0 1220 3862">
    <p class='ocr_par' dir='ltr' id='par_1_4' title="bbox 0 0 1220 3862">
     <span class='ocr_line' id='line_1_27' title="bbox 0 0 1220 3862; baseline 0 0"><span class='ocrx_word' id='word_1_230' title='bbox 0 0 1220 3862; x_wconf 95' lang='lat' dir='ltr'><strong> </strong></span> 
     </span>
    </p>
   </div>
  </div>
 </body>
</html>
