2422 3862
185 256 249 319 410
482 256 516 314 L.
536 253 683 314 Annam
702 252 878 313 SENECAE

185 411 245 469 nisi
262 419 321 468 me.
346 407 450 482 neque
465 406 495 466 in
510 408 620 467 lectulo
636 406 849 466 lassitudinem
864 422 963 481 pono,
978 406 1059 467 banc
1075 409 1169 485 coqui

186 508 224 553 ac
237 492 363 567 pistoris
375 502 496 551 moram
506 491 576 549 boni
588 490 728 553 consulo.
752 505 869 549 mecum
882 491 962 549 enim
973 491 1013 550 de
1023 491 1168 567 bocipso

186 578 307 651 loquor,
324 589 435 648 quam
449 573 546 633 nihil
566 573 618 632 sit
635 588 769 647 grave,
784 574 888 646 quod
902 574 1044 633 leviter
1059 578 1168 634 exci-

188 662 290 736 pias,
310 673 405 732 quam
420 657 640 731 indignandum
654 656 743 729 nihil,
762 660 791 716 si
800 658 877 716 nibai
895 658 964 732 ipse
977 658 1168 731 indignando

156 745 341 810 salomas.
383 740 449 801 Non
465 740 556 800 habet
570 752 681 814 panem
700 755 788 799 mens
803 741 915 815 pistor=
937 741 994 799 sed
1014 740 1110 800 babet
1125 742 1168 800 vi·

186 828 281 898 licus,
310 824 367 884 sed
387 823 480 884 babet
500 822 655 896 atriensis,
681 823 847 882 sedhabet
861 824 1000 883 colonus.
1033 827 1167 898 „malum

186 913 317 985 panem“
338 908 458 982 inquio
483 916 646 982 exspecta=
671 907 772 967 bonum
791 906 853 967 liet
881 906 995 987 [etJiam
1016 906 1102 966 illum
1115 908 1168 967 tibi

186 1001 323 1052 tenerum
343 999 375 1051 et
397 992 569 1066 siligineum
589 992 685 1050 tames
705 989 823 1049 reddet
865 991 940 1050 ldeo
955 1005 1017 1049 non
1035 998 1167 1051 estante

185 1077 339 1136 edendum
359 1091 451 1149 quom
472 1073 523 1135 illa
543 1075 680 1149 imperat
708 1074 899 1149 exspectabo
919 1089 995 1148 ergo
1016 1089 1076 1133 nee
1097 1083 1167 1134 ante

186 1161 275 1218 edam
287 1174 378 1232 quam
390 1165 445 1217 aut
457 1158 572 1218 bonum
585 1168 697 1232 panem
710 1157 825 1216 babere
840 1172 974 1232 coepero
989 1166 1044 1218 aut
1054 1159 1166 1217 malum

156 1242 323 1306 stostldire
335 1241 469 1300 desiero.
512 1241 783 1301 Necessarium
804 1249 863 1301 est
881 1256 1002 1315 parvo
1024 1240 1165 1300 adsue·

186 1339 312 1384 scere=
337 1325 451 1383 multae
471 1324 666 1384 difficultates
687 1325 839 1396 locorum,
862 1325 974 1384 multae
993 1331 1166 1399 temporum

185 1410 276 1469 etiam
298 1407 504 1482 locupletibus
524 1415 555 1467 et
573 1408 728 1468 instructis
749 1407 989 1468 ncommumbus
1009 1406 1165 1482 optantem

184 1491 384 1567 prohibentes
407 1498 580 1551 occurrent.
608 1492 756 1566 quicquid
776 1492 841 1552 vult
859 1491 973 1552 babere
994 1507 1086 1552 nemo
1112 1507 1165 1565 po-

182 1583 259 1635 test:
287 1575 361 1634 illud
384 1581 498 1649 potest,
521 1575 705 1650 nolleqnod
727 1574 916 1648 nonhabet,
942 1574 1037 1634 rebus
1055 1575 1167 1635 oblatis

183 1659 287 1717 hilaris
303 1659 355 1717 uti.
377 1669 488 1732 magna
505 1674 576 1733 pers
590 1656 737 1718 libertatis
751 1666 800 1718 cst
815 1659 893 1717 bene
906 1666 1043 1718 moratus
1059 1662 1162 1718 venter·

152 1745 214 1800 aet
227 1743 430 1802 contumeliae
444 1742 574 1815 patiens.
616 1742 781 1801 Aestimari
801 1756 863 1800 non
880 1749 996 1816 potest,
1020 1750 1166 1817 quantam

182 1827 371 1900 voluptatem
391 1827 512 1901 capiam
529 1840 568 1886 ex
589 1840 642 1900 eo,
665 1826 751 1899 quod
771 1823 922 1886 lassitudo
936 1841 1006 1885 mea
1020 1824 1081 1885 sibi
1096 1826 1167 1899 ipsa

182 1908 353 1969 adsuescit=
375 1922 435 1968 non
451 1918 612 1980 unctores,
633 1924 694 1968 non
714 1907 871 1982 balneum,
895 1909 1067 1968 nonullam
1082 1908 1166 1968 aliud

181 1993 351 2052 remedium
368 2007 459 2066 quarn
478 1993 625 2067 temporis
645 2007 772 2067 quaero.
799 2009 868 2052 narn
890 1992 975 2067 quod
990 1992 1079 2051 labor
1093 2006 1165 2050 con·

181 2077 287 2145 traxit,
311 2076 399 2151 quies
418 2077 503 2137 tollit
532 2077 609 2135 baec
624 2077 857 2150 qualiscumque
876 2090 974 2134 coena
988 2074 1106 2135 aditiali
1122 2076 1165 2133 iu-

154 2159 312 2224 scnndior
325 2159 391 2218 erit.
425 2158 572 2235 [Aliquod
583 2158 675 2237 enim]
688 2159 929 2234 experimentum
940 2159 1033 2218 animi
1045 2158 1165 2232 sumpsi

183 2241 295 2299 subito.
328 2241 387 2300 lroc
411 2241 491 2301 enim
516 2249 564 2303 est
584 2243 753 2317 simplicius
774 2250 805 2301 et
826 2243 943 2301 verius:
965 2257 1038 2300 narn
1058 2240 1114 2301 ubi
1131 2257 1165 2300 se

182 2324 378 2399 praeparavit
391 2332 420 2383 ct
436 2324 544 2384 indixit
556 2326 614 2385 sibi
628 2326 812 2400 patientiam,
829 2341 890 2385 non
909 2339 1010 2399 aeque
1025 2324 1163 2399 adparet,

182 2415 328 2482 qnantum
348 2407 460 2467 habeat
479 2424 572 2468 verae
588 2408 753 2468 firmitatis:
774 2407 826 2466 illa
845 2414 917 2467 sunt
931 2408 1106 2466 certissima
1119 2423 1163 2465 ar-

180 2498 339 2566 gumenta,
363 2506 444 2566 qrrae
460 2507 497 2550 ex
520 2501 657 2566 tempore
670 2485 764 2551 dedit.
793 2491 819 2549 si
833 2506 894 2550 non
909 2498 1025 2550 tantum
1043 2506 1162 2564 aequus

180 2577 319 2649 molesta,
335 2572 392 2634 sed
407 2574 547 2649 placidus
561 2576 712 2650 adspexit.
733 2574 761 2634 si
775 2589 836 2632 non
852 2573 1032 2645 excanduit,
1053 2590 1115 2633 non
1132 2573 1161 2632 li-

179 2659 295 2733 tigavit.
324 2658 365 2731 si,
381 2660 466 2733 qnod
481 2659 546 2718 dari
562 2659 701 2730 deberet,
717 2659 786 2733 ipse
801 2657 858 2717 sibi
875 2673 936 2718 nen
951 2656 1161 2716 desiderando

180 2741 337 2815 supplevit
351 2750 381 2800 et
395 2741 540 2816 cogitavit
554 2743 667 2816 aliquid
685 2742 899 2802 consuetudini
914 2755 999 2812 suae,
1016 2741 1077 2800 sibi
1092 2740 1163 2800 nihil

149 2823 303 2890 §deesse
324 2824 418 2884 Multa
434 2842 526 2900 quarn
541 2834 734 2900 supervacua
746 2832 859 2895 essent,
872 2841 933 2884 non
945 2825 1162 2895 intelleximus,

180 2905 239 2965 nisi
255 2907 366 2966 deesse
379 2916 560 2983 coeperunt.
588 2909 747 2969 utebamur
760 2909 923 2981 enimillis,
940 2923 1002 2968 non
1020 2906 1096 2981 quia
1110 2906 1161 2966 de-

178 2988 342 3062 bebamus,
358 2992 414 3050 sed
431 2993 504 3068 quia
517 2992 715 3052 habebamus.
740 3008 830 3068 quam
845 2992 939 3051 multe
953 2997 1057 3050 autem
1075 3006 1161 3065 para-

179 3088 263 3145 muS,
291 3073 363 3148 quia
383 3076 432 3134 alii
455 3083 653 3151 paraverunt,
680 3076 751 3151 quia
773 3075 856 3148 apud
877 3076 1048 3150 plerosque
1075 3079 1161 3133 sunt!

179 3157 282 3217 inter
302 3173 447 3218 causas
468 3161 650 3218 malorum
666 3167 885 3219 nostrorum
900 3166 975 3229 est,
992 3158 1098 3232 qued
1113 3157 1161 3215 vi-

180 3240 304 3300 vimus
331 3242 377 3299 ad
403 3244 582 3317 exempla
609 3257 679 3300 nec
706 3241 1162 3315 ratione-conponimur,

179 3324 249 3384 sed
263 3327 548 3385 consuetudine
562 3324 796 3384 abducimur.
820 3325 912 3399 quod,
927 3326 954 3382 si
971 3325 1064 3398 pauci
1081 3326 1159 3383 lace·

175 3415 259 3484 rent,
291 3407 443 3467 nollemus
469 3407 592 3467 imitari=
626 3423 694 3467 cum
724 3410 826 3482 plures
852 3408 953 3466 iacere
980 3415 1159 3482 coeperunt,

164 3491 439 3564 dmsibenestins
456 3491 511 3567 sit,
534 3491 610 3569 qiua
622 3491 831 3568 trequenttus,
846 3491 1016 3563 senuimnr.
1042 3498 1075 3550 et
1087 3488 1158 3552 recti
