2422 3862
130 223 193 287 200
440 223 473 282 L.
495 220 642 282 ANNAEI
665 219 839 281 SENECAE

131 377 161 439 in
183 377 253 451 ipsa
273 390 382 436 mensa
402 374 592 450 aperiuntur.
626 373 779 449 quianon
800 371 883 433 circa
897 375 1108 437 coenalionem

131 463 198 523 eius
218 460 365 521 turnultus
392 467 562 534 coquorum
590 463 638 518 est
661 458 748 533 ipsos
770 464 836 517 cunr
859 456 998 519 obsoniis
1021 461 1109 522 locos

107 531 111 549 ²
130 543 389 608 transferentium.
422 542 483 605 hoc
504 542 584 601 eninr
598 541 659 604 iana
672 543 792 602 luxuria
807 549 979 602 commenta
994 552 1056 605 est:
1072 560 1111 604 ne

132 630 201 705 quis
217 629 389 704 intepescat
405 627 508 699 cibus,
531 641 570 685 ne
586 624 660 701 quid
676 627 778 700 palato
793 626 854 685 iarn
869 627 986 688 calloso
1002 643 1111 702 parurn

89 710 257 787 ”ferveat
271 710 721 790 coenamculinaprosequitur.
737 709 781 784 „0
790 709 941 770 infelicem
949 725 1074 784 aegrum
1083 717 1112 770 t“

130 798 224 871 Edet,
241 803 386 873 quantum
402 802 585 870 concoquat.
608 810 669 855 non
684 793 794 854 iacebit
804 793 833 852 in
851 803 1021 869 conspectu
1037 812 1112 871 aper

131 890 165 943 ut
179 880 248 943 vilis
265 895 337 941 caro
360 895 500 940 amensa
517 879 687 953 relegatus,
709 892 767 937 nec
785 877 816 936 in
834 877 1020 953 repositorio
1044 881 1109 940 eius

133 973 261 1042 pectora
281 964 383 1025 avium
402 970 495 1036 (totus
518 963 598 1023 enirn
618 961 724 1021 videre
744 961 897 1021 fastidium
919 967 980 1035 est)
1000 979 1109 1038 conge·

134 1057 182 1110 sta
195 1055 363 1125 ponentur:
388 1048 463 1122 quid
482 1047 536 1107 tibi
551 1045 622 1105 mali
637 1046 749 1106 lactum
766 1050 834 1105 esti
869 1048 1013 1107 coenabis
1035 1056 1111 1108 tam-

91 1146 125 1198 aa
135 1150 227 1209 quarn
244 1147 352 1208 aeger,
375 1131 468 1192 immo
483 1130 648 1204 aliquando
663 1136 820 1204 tamquam
835 1145 940 1191 sanus.
969 1130 1031 1191 Sed
1046 1148 1109 1191 om-

133 1217 184 1278 nia
197 1218 257 1277 ista
279 1216 368 1276 facile
392 1216 599 1291 perferemus,
615 1213 828 1288 sorbitionem,
850 1230 960 1288 aquam
980 1215 1109 1275 calidam

135 1310 165 1362 et
184 1300 331 1376 quicquid
358 1300 441 1360 aliud
462 1297 651 1358 intolerabile
676 1297 796 1359 videtur
820 1297 958 1360 delicatis
985 1305 1016 1358 et
1035 1299 1112 1360 luxu

135 1383 301 1444 fluentibus
316 1382 475 1459 magisque
490 1382 590 1442 animo
607 1388 703 1458 quam
715 1397 845 1456 corpore
866 1382 1028 1443 morbidis=
1046 1391 1111 1443 tan·

134 1477 196 1530 turn
218 1475 345 1529 mortem
367 1467 544 1528 desinamus
563 1466 699 1527 horrere.
741 1466 918 1528 desinemus
939 1474 1056 1541 autern,
1086 1467 1113 1528 si

135 1554 213 1614 fines
228 1552 378 1613 bonorum
391 1567 427 1611 ac
438 1551 587 1612 malorum
598 1550 850 1625 cognoverimus=
865 1552 907 1612 ita
917 1551 1040 1611 demum
1056 1566 1113 1610 nec

94 1638 128 1692 ab
138 1639 197 1698 vita
209 1636 311 1698 taedio
326 1635 383 1696 erit
394 1651 452 1695 nec
465 1652 548 1696 mors
564 1635 673 1696 timori.
695 1635 786 1695 vitam
802 1634 882 1695 enirn
895 1650 1049 1710 occupare
1064 1651 1112 1696 sa·

136 1723 225 1782 tietas
244 1721 293 1782 sui
308 1736 370 1782 non
384 1726 488 1795 potest
501 1726 546 1781 tot
560 1735 611 1780 res
627 1719 738 1793 varias,
753 1735 889 1795 magnas,
907 1717 1028 1781 divinas
1045 1735 1112 1795 per-

138 1812 330 1867 censentem=
342 1804 372 1864 ln
386 1803 490 1865 odium
502 1805 583 1863 illam
594 1803 642 1864 sui
654 1803 810 1864 adducere
818 1805 897 1865 solet
910 1804 994 1864 iners
1009 1805 1113 1864 otium.

136 1906 237 1950 rerum
253 1895 392 1950 naturam
411 1886 587 1964 peragranti
600 1904 765 1964 numquam
780 1889 811 1948 in
825 1889 979 1948 fastidium
996 1889 1113 1948 veritas

95 1974 252 2034 cruentet:
268 1973 346 2034 laisa
361 1972 525 2034 satiabunt.
558 1973 679 2033 Rursus
696 1972 722 2031 si
739 1987 821 2033 mors
836 1972 954 2033 accedit
967 1980 998 2034 et
1013 1979 1112 2044 vocat,

136 2058 208 2118 licet
223 2057 374 2118 inmatura
394 2057 447 2130 sit,
469 2056 540 2117 licet
561 2057 690 2116 mediam
706 2057 864 2131 praecidat
878 2065 1022 2132 aetatem,
1045 2072 1114 2133 per·

138 2149 246 2214 ceptus
262 2140 440 2216 longissime
462 2142 579 2202 tructus
595 2148 652 2202 est.
686 2141 808 2216 cognita
828 2148 876 2203 est
889 2141 930 2201 illi
949 2157 988 2201 ex
1002 2156 1114 2216 magna

138 2231 226 2299 parte
240 2232 357 2284 natura.
388 2226 445 2287 scit
461 2233 599 2301 tempore
610 2225 741 2287 honesta
755 2242 816 2287 non
826 2241 981 2287 crescere:
997 2226 1045 2285 his
1062 2240 1113 2284 ne·

141 2322 232 2367 cesse
252 2315 300 2368 est
318 2307 415 2370 videri
433 2325 553 2370 omnem
577 2310 668 2370 vitam
689 2310 829 2385 brevem,
851 2310 1005 2387 quitiam
1026 2310 1114 2370 volu·

96 2388 272 2468 tdptatibus
288 2392 376 2454 vanis
397 2400 427 2453 et
441 2394 511 2454 ideo
533 2394 668 2456 infinitis*
679 2393 850 2456 metiuntur.
882 2394 937 2455 His
954 2400 984 2454 te
1000 2395 1113 2469 cogita-

138 2477 272 2538 tionibus
288 2493 394 2539 recrea
404 2486 435 2539 et
445 2477 563 2538 interim
571 2478 712 2553 epistulis
723 2479 837 2540 nostris
848 2479 998 2539 vacando.
1013 2479 1115 2539 veniet

138 2561 263 2636 aliquod
277 2569 407 2637 tempus
419 2561 504 2638 quod
516 2578 574 2622 nos
586 2561 694 2622 iterant
706 2560 811 2638 iungat
818 2579 854 2624 ac
864 2563 1005 2622 misceat:
1019 2579 1114 2637 quan-

138 2646 276 2705 tumlibet
290 2645 329 2706 sit
343 2645 432 2720 illud,
450 2647 573 2719 longum
591 2646 681 2706 faciet
696 2647 824 2708 scientia
839 2646 961 2722 utendi,
982 2663 1067 2719 nam,
1083 2652 1116 2706 ut

138 2727 323 2790 Posidonius
338 2731 394 2803 ait,
408 2744 509 2804 „unus
522 2729 589 2790 dies
601 2729 757 2791 hominum
773 2732 961 2792 eruditorum
975 2732 1046 2805 plus
1062 2746 1114 2805 pa—

97 2811 183 2872 latet
197 2829 287 2887 quarn
309 2811 448 2890 inperitis
467 2812 646 2888 longissima
667 2820 783 2876 actas.“
819 2816 940 2876 Interim
959 2814 1021 2876 hoc
1037 2823 1115 2888 tene,

139 2894 200 2956 hoc
214 2897 334 2958 morde:
351 2897 490 2958 adversis
505 2914 568 2960 non
581 2900 790 2976 succumbere,
805 2899 892 2961 laetis
904 2916 966 2961 non
978 2899 1115 2973 credere,

141 2995 261 3040 ornnem
287 2980 427 3042 lomunae
450 2980 602 3051 licentiam
627 2985 657 3042 in
679 2985 777 3045 oculis
804 2983 933 3058 habero,
961 2992 1115 3058 tamquam

141 3065 287 3139 quicquid
303 3072 406 3141 potest
420 3066 536 3140 iacere,
561 3068 678 3128 lactura
692 3067 741 3129 sit.
779 3066 932 3143 Quicquid
953 3074 1114 3142 exspecta·

140 3155 202 3208 tum
219 3156 267 3209 est
281 3148 347 3225 diu,
363 3150 462 3209 levius
476 3151 604 3211 accedit
633 3153 721 3212 Vale.

436 3287 652 3373 EPISTULA
675 3291 720 3346 ΙΙΙ.
745 3291 817 3362 (79.)

394 3379 502 3467 Seneca
519 3384 632 3453 Luctmo
648 3396 700 3457 suo
720 3396 859 3456 sstprlttt.

104 3489 120 3534 1
192 3481 400 3558 Exspecto
427 3485 626 3564 epistulas
652 3494 758 3562 tuas,
784 3487 929 3574 quibus
959 3485 1116 3546 indices
