2422 3862
263 204 434 266 EPlS'l'UL.
448 203 544 264 MOR.
566 204 638 263 LlB.
654 204 703 264 tx.
726 204 782 262 EP.
795 212 822 265 3.
842 211 913 279 (ib)
1012 203 1072 268 177

92 359 270 435 rapiuntur,
298 357 430 430 expulsa
451 362 531 416 snut
570 355 643 414 nulli
666 369 755 426 vero,
781 355 871 415 etiam
893 354 943 415 cui
967 357 1075 431 rapina

94 441 226 504 feliciter
240 439 344 512 cessit,
360 438 505 514 gaudium
520 439 598 513 rapti
611 439 732 498 duravit
743 439 773 498 in
784 445 952 513 posterum.
974 441 1075 514 itaque

94 523 358 602 prudentissimus
384 524 516 598 quisque
544 538 612 581 cum
634 521 763 597 primunr
783 522 886 581 induci
908 521 990 581 videt
1011 540 1074 582 mu-

96 609 243 680 nuscula,
265 622 285 666 a
305 605 423 667 theatro
444 606 520 680 fugit
540 615 571 665 et
591 606 648 666 scit
671 621 781 680 magno
808 621 903 681 parva
918 615 1073 666 constare:

96 709 188 754 nemo
208 707 333 751 manum
355 690 490 751 conserit
509 705 578 749 cum
597 688 775 761 recedente,
803 705 893 750 nemo
913 696 1075 750 exeuntem

98 777 182 838 terite
204 774 288 835 circa
305 775 474 849 praemium
487 772 556 832 rixa
569 780 626 833 est.
653 772 739 833 Idem
752 774 783 832 in
799 773 846 833 lris
862 775 976 846 evenit,
996 784 1105 849 quaes

97 862 221 921 lurtum
241 859 378 933 desuper
397 858 503 918 iactat:
524 863 700 917 aestuamus
716 856 835 931 miseri,
857 857 1075 932 distringimur,

99 945 211 1004 multas
232 942 348 1002 habere
370 942 509 1017 cupimus
530 956 653 1012 manus,
681 940 773 1000 modo
794 941 824 1000 in
846 941 925 1001 banc
949 951 1075 1017 partem,

100 1028 193 1090 modo
208 1027 239 1085 in
254 1026 336 1085 iilam
350 1024 548 1100 respicimus:
568 1025 657 1084 nimis
677 1024 764 1084 tarde
776 1024 866 1085 nobis
881 1024 957 1085 mitti
970 1027 1075 1087 viden·

101 1120 163 1184 tur,
187 1124 269 1185 quae
284 1108 466 1183 cupiditates
480 1116 603 1168 nostras
619 1108 741 1168 inritant
753 1108 793 1167 ad
810 1125 929 1185 paucos
946 1126 1076 1185 perven-

101 1202 184 1269 tura,
204 1199 386 1268 exspertum
406 1193 558 1252 omnibus.
593 1193 638 1252 ire
659 1192 781 1253 obviam
795 1193 975 1255 cadentibus
991 1193 1105 1270 cupi-o

101 1294 179 1340 mus.
200 1276 381 1354 gaudemus,
397 1277 423 1337 si
436 1276 509 1353 qnid
520 1275 698 1348 invasimus,
713 1277 941 1353 invadendique
956 1279 1076 1354 aliquos

103 1377 177 1439 spes
191 1376 274 1420 vana
288 1360 416 1421 delusit:
443 1360 534 1420 vilem
554 1360 700 1436 praedam
721 1376 832 1436 magno
847 1361 950 1435 aliquo
962 1361 1076 1421 incom-

102 1446 194 1507 modo
217 1445 328 1504 luimus
354 1451 405 1504 aut
431 1444 622 1522 de[cr‘pimar]
645 1452 696 1504 aut
716 1444 855 1504 salimur.
894 1445 1076 1504 secedamus

103 1532 206 1605 itaque
222 1529 261 1588 ab
276 1528 343 1588 istis
357 1528 438 1589 ludis
453 1536 484 1590 et
498 1528 607 1589 demus
620 1528 796 1603 raptoribus
811 1528 928 1587 locum:
950 1528 992 1586 illi
1005 1543 1075 1602 spe-

103 1621 186 1675 ctent
204 1613 288 1672 bona
308 1612 367 1671 ista
387 1612 551 1687 pendentia
572 1619 603 1672 et
621 1613 681 1687 ipsi
700 1613 797 1686 magis
813 1610 975 1687 pendeant.
1006 1610 1118 1684 Qui-lo

104 1711 236 1774 cumque
250 1696 358 1756 beatus
374 1711 446 1757 esse
462 1694 639 1769 constituet,
660 1712 753 1756 unum
768 1694 968 1756 essebonum
982 1702 1076 1769 putet,

105 1782 187 1859 quod
202 1780 364 1840 honestum
379 1786 436 1840 est.
472 1796 541 1840 uam
562 1781 588 1840 si
609 1781 701 1839 ullum
721 1778 802 1838 aliud
823 1794 894 1839 esse
914 1777 1075 1848 existimat,

104 1867 233 1942 primum
254 1865 332 1924 male
352 1865 392 1924 de
407 1864 598 1940 providentia
615 1863 743 1936 iudicat,
770 1862 842 1937 quia
856 1863 948 1922 multa
962 1862 1077 1922 iucom-

106 1950 196 2011 moda
213 1947 302 2009 iustis
319 1948 392 2008 viris
407 1947 551 2008 accidunt
563 1953 594 2008 et
609 1947 696 2023 quia,
719 1947 864 2023 quicquid
878 1945 967 2008 nobis
983 1946 1076 2018 dedit,

106 2034 198 2094 breve
213 2039 261 2092 est
275 2038 305 2092 et
319 2032 473 2108 exiguum,
489 2032 516 2093 si
531 2025 684 2107 conpares
698 2030 802 2091 mnndi
815 2031 907 2091 totius
923 2046 1010 2092 aevo.
1030 2030 1118 2095 Exll

104 2117 162 2178 hac
177 2116 390 2191 deploratione
403 2117 553 2188 nascitur,
574 2124 607 2176 ut
621 2115 728 2191 ingrati
745 2114 916 2176 divinorum
931 2115 1077 2190 interpre-

105 2210 150 2263 tes
166 2202 280 2261 simus:
298 2199 466 2275 querimur,
488 2200 573 2276 quod
588 2216 649 2261 non
665 2214 801 2275 semper,
824 2200 909 2274 quod
930 2207 960 2260 et
980 2213 1079 2274 pauca

105 2287 195 2346 nobis
215 2291 247 2344 et
267 2286 382 2345 incerta
404 2292 434 2344 et
454 2284 572 2344 abitura
593 2285 777 2358 contingant.
813 2282 885 2343 inde
905 2292 966 2356 est,
994 2282 1079 2358 quod

105 2385 162 2431 nec
178 2370 282 2429 vivere
297 2384 354 2428 nec
368 2368 444 2428 mori
461 2371 618 2428 volumus:
639 2369 719 2429 vitae
734 2382 792 2428 nos
808 2366 912 2428 odium
926 2374 1021 2439 tenet,
1044 2367 1078 2425 ti·

105 2471 171 2516 mor
183 2453 298 2513 mortis.
332 2458 415 2513 natat
435 2468 525 2512 omne
545 2452 705 2513 consilinm
728 2467 784 2511 nec
809 2450 924 2526 inplere
944 2466 1003 2510 uos
1018 2450 1080 2510 ulla

106 2539 234 2599 felicitas
250 2543 361 2612 potest.
397 2550 491 2596 causa
506 2543 605 2596 autem
620 2543 681 2608 est,
704 2535 787 2609 quod
806 2551 868 2594 non
884 2533 1078 2609 pervenimus

106 2623 145 2683 ad
164 2620 239 2682 illud
259 2621 374 2680 bonum
395 2619 564 2680 inmensum
586 2627 616 2680 et
634 2618 855 2694 insuperabile,
876 2618 929 2678 ubi
950 2632 1079 2676 necesse

106 2715 153 2767 est
165 2705 291 2766 resistat
307 2706 447 2766 voluntas
463 2711 584 2776 nostra,
606 2705 677 2778 quia
696 2704 775 2764 ultra
791 2717 941 2761 summum
955 2718 1015 2762 non
1032 2708 1081 2761 est

106 2792 202 2852 locus.
234 2786 378 2862 Quaeris,
402 2804 496 2862 quare
518 2788 613 2848 virtus
627 2789 709 2849 nullo
725 2791 836 2862 egeat?
863 2786 1079 2861 praesentibus
1089 2787 1120 2839 ll

106 2875 235 2950 gaudet,
250 2888 311 2931 non
327 2872 519 2947 concupiscit
532 2872 679 2932 absentia.
717 2871 790 2930 nihil
803 2886 864 2929 uon
879 2870 921 2930 illi
938 2886 1079 2945 magnum

105 2967 167 3028 est,
184 2956 269 3033 quod
284 2955 368 3016 satis.
390 2956 438 3015 Ab
454 2955 515 3017 lroc
532 2956 658 3017 discede
672 2953 800 3015 iudicio:
817 2971 878 3016 nou
893 2954 991 3029 pietas
1008 2970 1078 3013 con-

106 3041 211 3115 stabit,
227 3056 288 3101 nou
300 3039 389 3100 fides.
422 3040 515 3100 multa
535 3047 694 3115 utramque
709 3046 865 3115 praestare
879 3039 1012 3114 cupienti
1027 3054 1080 3114 pa-

105 3126 208 3186 tienda
230 3132 302 3184 sunt
321 3139 361 3182 ex
380 3120 443 3197 his,
470 3139 549 3199 quae
569 3125 647 3184 mala
666 3130 823 3184 vocantur.
863 3123 954 3183 multa
974 3123 1079 3198 inpen-

106 3209 209 3271 denda
223 3224 263 3267 ex
279 3205 343 3280 his,
361 3205 472 3282 quibus
488 3208 681 3283 indulgemus
697 3216 851 3281 tamquam
869 3206 968 3267 bonis.
995 3207 1083 3281 perit,
1091 3213 1124 3266 13

106 3291 269 3367 tortitudo,
285 3305 365 3367 quae
381 3291 548 3365 periculum
563 3291 664 3352 iacere
676 3290 767 3351 debet
780 3290 837 3350 sui.
864 3291 943 3365 perit
956 3305 1080 3365 nragna-

99 3376 242 3448 nimitas,
267 3391 346 3451 quae
367 3390 427 3435 non
448 3382 551 3450 potest
570 3375 717 3446 eminere,
738 3373 797 3433 nisi
813 3374 914 3434 omnia
930 3374 1012 3433 velut
1027 3373 1080 3431 mi-

107 3467 179 3520 nuta
195 3458 393 3535 contempsit,
417 3475 496 3535 quae
513 3476 568 3536 pro
583 3459 725 3521 maximis
743 3457 858 3535 volgus
878 3466 978 3534 optat.
1008 3456 1098 3528 neiat
1200 3505 1203 3511 .

144 3562 242 3600 smel
262 3562 332 3600 rau.
355 3546 398 3603 lll.
895 3551 939 3604 m
