2422 3862
472 246 706 305 FRAGMENTA.
1009 243 1073 309 441

249 402 295 458 hic
307 409 348 458 est
355 403 493 458 Maximus
501 401 685 473 (Caesonius)
693 400 748 469 ille,
760 414 843 471 quem
854 401 991 472 frequenti

249 487 315 542 felix
332 486 421 542 littera
438 487 544 560 pagina
555 488 663 542 salutat.

162 570 262 626 Gellius
272 575 353 626 noctt.
364 570 444 632 Attio.
456 571 501 627 lib.
513 568 591 635 XII,
604 585 628 625 c.
643 573 669 624 i.
703 567 743 622 De
755 566 874 624 Annaeo
886 565 997 624 Seneca
1006 583 1072 638 par·
1080 576 1130 630 lle

96 655 145 708 tim
167 654 323 710 existimant
337 658 367 707 ut
387 653 422 708 de
441 655 576 726 scriptore
594 652 706 707 minime
718 651 791 721 utili,
807 643 885 707 cuius
895 652 981 707 libros
993 653 1072 706 attin-

97 754 166 809 gere
177 738 282 792 nultum
294 737 413 808 pretium
425 753 529 809 operae
541 738 589 809 sit,
614 735 689 807 quod
708 735 797 790 oratio
816 736 877 791 cius
895 736 1019 807 vulgaris
1030 736 1073 793 vi·

98 821 196 876 deatur
207 825 234 877 et
247 822 377 892 protrita,
396 836 441 876 res
452 827 534 893 atque
550 820 703 876 sententiae
715 825 762 874 aut
772 819 866 891 inepto
878 819 1010 890 inanique
1021 819 1072 874 im-

95 909 163 976 petu
183 905 237 959 sint
256 909 303 959 aut
319 905 370 974 [ut]
386 905 443 962 levi
458 910 486 960 et
503 905 583 975 quasi
602 903 692 960 diceoi
710 904 833 975 argutia,
851 904 969 959 eruditio
981 908 1073 959 autem

95 989 248 1044 vernacula
262 992 289 1044 ct
299 988 411 1060 plebeia
421 987 544 1059 nihilque
557 1003 593 1044 ex
602 993 729 1045 veterum
742 988 851 1059 scriptis
862 986 971 1044 habens
981 1001 1073 1057 neque

96 1073 202 1143 gratiae
215 1087 306 1142 neque
319 1072 469 1143 dignitatis.
492 1072 539 1127 alii
554 1088 625 1129 vero
645 1071 800 1142 elegantiae
813 1071 926 1142 quidem
938 1072 967 1126 in
977 1071 1073 1128 verbis

95 1172 195 1225 parum
208 1172 341 1211 essenon
360 1155 462 1211 infitias
475 1160 553 1226 eunt,
572 1155 623 1211 sed
635 1161 662 1210 et
673 1171 783 1223 rerum,
796 1170 865 1226 quas
878 1155 967 1226 dicat,
982 1156 1073 1210 scien·

95 1239 161 1294 tiam
174 1238 384 1310 doctrinamque
403 1240 429 1295 ei
446 1255 502 1294 non
519 1239 622 1295 deesse
634 1239 728 1294 dicunt
739 1244 766 1294 et
777 1239 805 1293 in
816 1239 889 1295 vitiis
900 1255 1008 1294 morum
1023 1239 1072 1294 ob·

96 1322 242 1394 iurgandis
254 1324 432 1379 severitatem
443 1324 664 1397 gravitatemque
676 1338 731 1377 non
744 1323 929 1380 invenustam.
958 1322 1025 1378 Mihi
1037 1322 1073 1377 de

98 1406 172 1460 omni
187 1406 247 1460 eius
262 1406 375 1478 ingenio
390 1407 482 1478 deque
498 1408 574 1462 omni
594 1407 697 1478 scripto
717 1405 850 1462 iudicium
868 1422 1072 1476 censuramque

96 1491 190 1544 facere
208 1504 264 1543 non
283 1505 431 1546 necessum
446 1497 502 1559 est,
524 1491 576 1546 sed
588 1489 664 1561 quod
675 1489 711 1544 de
726 1490 763 1545 M.
780 1488 915 1547 Cicerone
932 1495 959 1545 et
973 1489 1004 1556 Q.
1016 1489 1072 1543 En-

95 1573 142 1627 nio
154 1577 181 1628 et
193 1573 224 1627 P.
239 1572 356 1647 Virgilio
370 1574 517 1645 iudicavit,
533 1591 625 1630 cares
640 1573 761 1629 cuimodi
773 1575 821 1644 sit,
839 1574 876 1629 ad
890 1572 1072 1629 consideran·

97 1656 163 1711 dum
184 1673 332 1728 ponemus.
369 1659 406 1714 In
426 1659 518 1713 libro
534 1659 609 1714 enim
633 1657 809 1714 vicesimo
824 1656 985 1713 secundo
1000 1655 1072 1728 epi-

96 1742 273 1796 stolarum
287 1742 490 1811 moralium,
505 1757 576 1814 quas
594 1741 823 1797 adLucilium
839 1740 1009 1812 composuit,
1022 1738 1072 1795 de-

96 1823 227 1879 ridiculos
247 1841 348 1880 versus
360 1823 393 1890 Q.
407 1824 527 1881 Ennium
546 1827 582 1881 de
598 1824 738 1896 Cethego,
761 1826 873 1896 antiquo
891 1825 953 1881 viro
971 1823 1071 1879 iecisse

95 1905 148 1962 hos
163 1907 244 1962 dicits

220 1991 244 2060 is
260 1991 360 2048 dictust
372 1993 432 2048 ollis
443 1993 624 2065 popularibus
636 1993 716 2063 olim,

180 2075 295 2145 quitum
308 2077 442 2134 vivebant
450 2076 579 2133 homines
590 2082 673 2148 atque
685 2091 788 2133 aevum
800 2077 956 2148 agitabant,

179 2157 233 2214 ilos
247 2160 384 2216 delibatus
395 2162 507 2233 populi,
525 2160 624 2216 suadai
635 2160 768 2216 medulla.

96 2256 129 2296 ac
144 2240 247 2298 deinde
259 2245 370 2316 scripsit
381 2244 417 2300 de
428 2243 529 2300 iisdem
540 2245 669 2301 versibus
684 2247 772 2301 verba
782 2242 869 2299 haec:

158 2323 309 2393 „Admiror
320 2328 562 2398 eloquentissimos
574 2329 652 2385 viros
667 2334 694 2386 et
706 2328 816 2384 deditos
827 2326 918 2382 Ennio
932 2343 984 2398 pro
1001 2328 1071 2399 opti·

96 2406 148 2460 mis
160 2407 276 2464 ridicula
287 2410 430 2465 laudasse.
456 2408 553 2465 Cicero
566 2417 640 2466 certe
658 2413 729 2467 inter
745 2414 835 2467 bonos
853 2411 913 2466 eius
931 2426 1032 2467 versus
1045 2415 1072 2466 et

95 2487 148 2542 hos
161 2491 273 2545 rel'ert.“
820 2505 824 2511 ’

157 2574 249 2643 Atque
265 2574 294 2629 id
311 2574 393 2629 ctiam
407 2575 443 2630 de
459 2573 593 2632 Cicerone
611 2575 690 2630 dicits
1078 2587 1128 2642 111

156 2656 237 2725 „Non
248 2658 349 2726 miror,
361 2657 463 2728 inquit,
481 2659 583 2727 ruisse,
599 2659 646 2730 qni
656 2657 709 2713 hos
721 2672 822 2714 versus
840 2657 989 2728 scriberet,
1007 2672 1070 2713 cum

95 2741 191 2810 luerit,
215 2742 261 2812 qui
272 2740 414 2797 laudaret:
432 2743 485 2798 nisi
497 2744 566 2798 rorte
581 2740 694 2811 Cicero,
706 2755 831 2797 summus
843 2745 952 2811 orator,
970 2742 1072 2813 agebat

95 2841 207 2880 causam
219 2842 299 2881 suam
311 2831 337 2880 et
347 2827 461 2882 volebat
469 2826 523 2882 hos
533 2841 634 2883 versus
643 2825 736 2883 videri
750 2825 869 2894 bonos,“

157 2909 259 2965 Postea
268 2909 323 2966 hoo
335 2910 418 2966 etiam
432 2910 539 2968 addidit
549 2910 747 2967 insulsissime:

155 2993 259 3067 „Apud
271 2994 363 3066 ipsum
374 3010 501 3066 quoque,
519 2994 620 3065 inquit,
633 2992 797 3049 Ciceronem
808 2993 936 3051 invenies
949 2992 1031 3049 etiam
1043 2993 1071 3048 in

93 3090 179 3147 prosa
197 3078 323 3133 oratione
341 3079 497 3148 quaedam,
512 3078 657 3149 exquibus
668 3077 807 3149 intelligas
818 3077 894 3133 illum
908 3092 964 3132 non
975 3076 1070 3148 perdi·

94 3159 171 3215 disse
182 3178 313 3233 operam,
328 3161 404 3232 quod
413 3162 531 3217 Ennium
543 3162 641 3234 legit.“
653 3184 661 3200 ·
723 3178 726 3185 ·

156 3243 235 3299 Ponit
246 3245 363 3313 deinde,
379 3261 452 3315 quac
460 3245 536 3317 apud
549 3244 713 3302 Ciceronem
724 3243 913 3317 reprehendat
925 3244 1005 3320 quasi
1014 3243 1070 3297 En·
1080 3243 1131 3296 112

94 3325 192 3395 niana,
213 3329 289 3398 quod
306 3330 343 3383 ita
360 3330 502 3401 scripserit
519 3330 547 3384 in
564 3328 733 3402 Republica=
750 3334 804 3398 „nt
819 3329 948 3386 Menelao
966 3327 1070 3382 Laconi

93 3409 233 3478 quaedam
244 3412 293 3466 luit
304 3413 504 3483 suaviloquens
515 3413 690 3468 iucunditas“
710 3420 737 3469 et
751 3414 828 3483 quod
843 3413 898 3468 alic
915 3414 983 3466 loco
992 3410 1078 3460 disie-

91 3492 140 3547 cit:
151 3494 420 3566 „breviloquentiam
430 3497 460 3553 in
472 3495 594 3556 dicendo
606 3499 711 3554 colat.“
736 3501 829 3569 atque
840 3493 992 3549 'susumus
1004 3495 1107 3545 mis*
