2422 3862
116 257 181 324 ³84
411 260 445 320 L.
467 259 614 320 ANNAEl
636 257 810 321 SENECAE

119 418 175 474 εει.
202 413 382 488 sapientiam
396 412 510 474 bonum
524 428 596 474 esse
610 412 730 473 dicunt=
753 409 901 486 sequitur,
923 416 956 473 ut
970 427 1100 474 necesse

89 497 158 559 ιιειι
173 496 253 557 illam
275 498 468 572 corporalem
489 511 614 572 quoque
628 493 740 557 dicere.
784 496 825 556 At
840 510 952 570 sapere
967 512 1029 556 non
1046 513 1099 573 pu·

117 587 183 641 tant
194 580 332 642 eiusdem
345 578 536 641 condicionis
549 594 630 640 εεεε.
648 579 842 655 incorporale
854 586 901 639 est
911 587 942 640 et
954 580 1099 640 accidens

119 664 219 738 alteri,
244 664 276 725 id
298 671 345 726 εει
365 662 549 740 supientiae:
577 664 681 738 itaque
701 678 758 724 nec
773 663 844 723 iacit
860 662 1023 738 quicquam
1044 678 1100 723 nec

118 748 256 824 prodest
300 746 399 824 „Quid
420 754 515 823 ergot
541 747 653 823 inquit,
674 763 736 808 non
758 746 903 820 dicimus,
924 747 1039 807 bonum
1054 754 1101 807 εει

119 837 252 907 saperet
273 832 401 892 dicimus
416 833 585 892 referentes
604 831 705 906 adid,
721 846 762 891 ex
777 846 837 906 quo
853 829 976 906 pendet,
996 831 1028 890 id
1044 836 1100 905 est,

90 915 158 977 aad
171 916 272 992 ipsam
286 915 497 991 sapientiam.“
530 915 822 976 Adversushos
841 914 1100 991 quidabaliis

117 1000 422 1075 respondeatur,
444 1000 550 1073 audi,
573 1006 735 1074 antequam
750 1013 808 1073 ego
824 997 937 1074 incipio
954 998 1101 1059 secedere

118 1089 149 1144 ει
163 1084 193 1143 in
207 1084 266 1143 aiia
280 1090 367 1158 parte
379 1082 550 1146 considere.
573 1083 768 1158 „istomodo
782 1083 929 1158 inquiunt
942 1097 1001 1142 nec
1013 1081 1101 1141 beate

117 1165 222 1226 vivere
237 1165 351 1237 benun
369 1173 446 1228 εει.“
473 1167 564 1226 velint
578 1168 683 1241 nolint,
699 1166 950 1242 respondendum
967 1172 1014 1226 est
1028 1165 1100 1225 bea-

118 1256 179 1310 tam
203 1249 292 1310 vitam
312 1250 426 1310 bonum
451 1265 537 1322 esse,
563 1251 653 1311 beate
675 1252 779 1310 vivere
797 1249 912 1311 bonum
934 1266 996 1310 non
1019 1263 1099 1309 εεεε.

91 1333 296 1396 §Etiamnunc
307 1332 421 1394 nostris
433 1333 507 1394 illud
519 1350 644 1408 quoque
656 1334 834 1410 obponitum
846 1333 966 1408 „Vultis
979 1347 1100 1408 sapere.

120 1432 193 1491 ergo
211 1418 384 1492 expetenda
397 1432 447 1478 res
464 1424 511 1478 εει
527 1433 647 1493 sapere.
671 1419 697 1478 si
712 1417 886 1493 expetenda
900 1431 951 1478 res
966 1422 1029 1491 εει,
1046 1416 1100 1476 bo·

119 1516 192 1560 num
207 1506 284 1561 εει.“
329 1502 484 1577 Coguntur
502 1501 599 1562 nostri
615 1503 709 1562 verba
723 1508 869 1577 torquere
883 1508 914 1561 ει
928 1517 1020 1562 unam
1037 1502 1097 1578 syl-

118 1584 219 1644 labam
235 1585 408 1660 expetendc
424 1586 632 1659 interponere,
658 1600 749 1661 quam
771 1601 872 1645 sermo
887 1592 993 1646 noster
1006 1583 1102 1643 inseri

118 1683 181 1727 non
197 1668 276 1730 sinit.
300 1686 359 1746 ego
372 1669 463 1743 illam,
479 1669 505 1729 si
522 1668 652 1744 pateris,
668 1670 841 1745 adiungam.
885 1669 1102 1743 „Expeten-

120 1750 205 1811 dum
220 1750 277 1828 εει,
293 1753 440 1829 inquiunt,
455 1753 537 1829 quod
550 1754 663 1814 bonum
680 1760 742 1814 est=
764 1750 995 1827 expetibile,
1014 1751 1102 1826 quod

121 1835 210 1896 nobis
227 1836 382 1912 contingit,
398 1854 466 1898 curn
481 1837 594 1897 bonum
607 1838 762 1898 consecuti
774 1853 890 1898 sumus.
912 1851 972 1896 non
987 1836 1104 1909 petitur

92 1924 275 1996 litemquam
293 1920 422 1994 bonum,
445 1921 500 1981 sed
523 1919 616 1996 petito
637 1922 719 1982 bono
734 1920 883 1981 accedit.“
925 1919 1003 1992 Ego
1025 1935 1102 1978 non

118 2003 217 2063 idem
233 2005 362 2064 sentio
378 2013 409 2066 et
424 2011 548 2066 nostros
564 2005 664 2065 iudico
683 2006 712 2064 in
727 2005 786 2064 hoc
800 2003 1008 2077 descendere,
1029 2003 1104 2078 quia

119 2086 178 2146 iam
198 2088 296 2162 primo
320 2088 440 2150 vinculo
457 2095 596 2151 tenentur
611 2095 640 2148 et
655 2096 770 2149 mutare
785 2087 844 2147 iliis
861 2087 1023 2147 iormuiam
1038 2103 1103 2148 non

118 2170 198 2230 iicet.
241 2172 368 2232 Multum
389 2173 462 2233 dare
483 2174 618 2234 solemus
635 2169 876 2248 praesumptioni
891 2170 1028 2232 omnium
1045 2170 1102 2231 ho-

119 2251 233 2314 minum
258 2265 287 2315 ει
312 2256 395 2331 apud
420 2273 478 2316 nos
505 2256 638 2318 veritatis
668 2263 876 2332 argumentum
906 2263 954 2315 est
983 2254 1102 2331 aliquid

120 2338 261 2399 omnibus
282 2339 393 2400 videri:
415 2346 568 2416 tamquam
589 2341 666 2401 deos
687 2355 759 2401 esse
773 2341 851 2399 inter
866 2339 925 2398 alia
939 2339 1001 2399 hoc
1017 2341 1102 2400 oolli-

118 2421 232 2498 gimus‚
261 2424 343 2498 quod
366 2424 506 2485 omnibus
526 2423 616 2486 insita
639 2425 678 2484 de
700 2424 748 2484 dis
769 2424 872 2498 opinio
896 2430 944 2482 est
965 2439 1024 2482 nec
1039 2425 1103 2483 ulla

119 2520 196 2580 gens
211 2523 342 2583 usquam
358 2514 407 2568 est
420 2509 498 2570 adeo
514 2516 600 2570 extra
615 2508 699 2583 leges
716 2523 880 2580 moresque
898 2506 1053 2581 proiecta,
1070 2513 1103 2567 ut

119 2605 180 2650 non
205 2592 325 2668 aliquos
354 2593 431 2653 deos
458 2593 571 2652 credat.
605 2608 672 2651 cum
698 2592 864 2651 animarum
891 2591 1102 2651 aeternitatem

119 2672 314 2750 disserimuS,
330 2693 391 2737 non
410 2678 477 2736 leve
491 2682 674 2736 momentum
691 2675 771 2750 apud
786 2690 844 2736 nos
860 2672 952 2733 habet
968 2689 1101 2734 consen·

119 2771 173 2816 sus
197 2759 353 2821 hominum
374 2768 426 2821 eut
445 2759 611 2820 timentium
632 2759 746 2818 interos
761 2764 813 2818 aut
827 2757 1009 2817 colentium:
1031 2764 1104 2818 utor

119 2836 177 2899 hac
192 2842 314 2916 publica
331 2844 546 2917 persuasione=
568 2841 717 2902 neminem
732 2842 879 2914 invenies,
896 2839 1028 2915 quinon
1045 2858 1102 2917 pu·

90 2923 161 2982 ιιει
177 2930 207 2984 ει
228 2924 407 3000 sapientiam
428 2928 542 2987 bonum
557 2933 587 2986 ει
599 2941 711 3000 sapere
725 2926 848 2986 bonum.
892 2924 961 2984 Non
978 2925 1101 2999 faciam,

120 3006 203 3078 quod
220 3008 289 3069 vicli
306 3009 418 3082 solent,
442 3018 475 3071 ut
494 3025 659 3086 provocem
682 3009 720 3069 ad
737 3009 900 3084 populum:
923 3009 1040 3070 nostris
1057 3011 1101 3069 in·

119 3085 266 3163 cipiamus
290 3093 383 3154 armis
408 3094 583 3169 confligere.
628 3093 713 3168 Quod
735 3093 845 3154 accidit
870 3091 977 3168 elicui,
998 3100 1102 3156 uuum

118 3179 204 3235 extra
218 3176 264 3251 id,
291 3178 339 3237 cui
354 3178 478 3250 accidit,
502 3185 564 3250 est,
578 3193 616 3236 en
632 3179 662 3236 in
678 3193 731 3249 eo,
749 3175 799 3237 cui
813 3175 951 3236 accidit?
971 3178 998 3235 si
1015 3179 1045 3236 in
1063 3194 1101 3238 eo

117 3262 179 3331 est,
202 3263 250 3322 cui
264 3259 388 3336 accidit,
410 3269 471 3322 tam
486 3277 600 3336 corpus
622 3269 669 3322 εει
684 3277 774 3334 quam
790 3261 878 3334 illud,
906 3258 956 3320 cui
977 3260 1101 3321 accidit.

117 3337 190 3403 nihil
204 3345 284 3406 enim
300 3345 441 3406 accidere
457 3344 525 3405 sine
538 3352 619 3405 tectu
629 3351 748 3420 potest:
769 3344 853 3419 quod
863 3344 969 3418 tangit,
983 3360 1100 3421 corpus

113 3431 169 3484 est.
214 3429 248 3491 Si
263 3436 349 3490 extre
365 3437 425 3504 εει,
443 3436 644 3506 posteaquam
658 3429 827 3500 acciderat,
848 3429 989 3488 recessit.
1014 3429 1101 3505 quod

97 3515 246 3592 teresse,
270 3522 390 3581 motum
407 3515 514 3580 habet.
543 3513 762 3594 quodmotum
772 3511 887 3584 naua,
904 3527 1021 3586 corpus
1041 3521 1099 3574 est
