2422 3862
136 272 200 338 310
431 273 466 332 L.
487 272 634 332 ANNAEI
657 271 832 332 SENECAE

138 423 334 488 necessariae
349 433 436 498 suut,
456 432 488 486 et
501 425 640 499 decreta,
662 440 743 500 quae
763 424 921 485 veritatem
936 427 1124 500 argumentis

138 511 293 586 colligunt.
349 509 506 584 Quaedam
533 517 640 584 aperta
668 516 755 582 sunt,
793 507 946 583 quaedam
975 508 1123 571 obscurat

138 602 258 671 aperta,
291 608 371 670 quae
395 608 492 654 sensu
519 592 827 668 conprehendantur,
858 607 938 668 quae
964 595 1122 655 memoria.

138 679 288 750 obscura,
311 693 391 754 quae
408 685 495 737 extra
509 675 586 738 haec
601 683 681 740 sunt.
702 677 780 736 ratio
796 681 897 737 autem
914 692 977 736 non
993 677 1125 752 inpletur

137 762 321 822 manifestis:
344 761 441 821 maior
461 761 527 821 eius
544 777 616 835 pars
639 761 860 836 pulchriorque
874 760 906 819 in
921 762 1051 821 occultis
1065 769 1123 823 est.

138 847 259 907 occulta
275 845 489 921 probationem
504 845 647 919 exigunt,
668 844 809 920 probatio
824 860 886 905 non
908 843 975 904 sinc
991 845 1123 906 decretis

95 936 200 997 62est=
222 930 401 991 necessaria
418 943 492 1003 ergo
508 929 632 989 decreta
646 937 728 990 sunt.
765 926 850 1001 Quae
862 944 914 987 res
930 943 1122 989 communem

138 1029 264 1074 sensum
284 1011 371 1087 lacit,
392 1013 501 1073 eadem
520 1013 705 1087 perlectum,
730 1018 812 1073 certa
826 1028 928 1073 rerum
944 1012 1121 1086 persuasio:

138 1097 205 1157 sine
228 1113 288 1172 qua
308 1096 336 1157 si
357 1097 460 1157 omnia
479 1097 510 1155 in
526 1097 627 1157 animo
643 1104 765 1169 natant,
790 1095 969 1156 necessaria
985 1103 1056 1157 sunt
1070 1097 1121 1156 de-

95 1189 236 1255 oacreta,
261 1195 342 1256 quae
363 1182 437 1241 dant
457 1181 566 1241 animis
586 1179 756 1241 inflexibile
782 1178 938 1240 iudicium.
982 1180 1122 1255 Denique

139 1281 208 1325 cum
229 1280 389 1325 monemus
412 1264 559 1338 aliquem,
583 1273 617 1326 ut
636 1265 766 1325 amicum
788 1264 901 1345 eodem?
918 1263 1029 1323 habeat
1043 1266 1121 1338 loco,

140 1366 202 1424 quo
217 1365 267 1422 se,
290 1355 324 1409 ut
337 1363 378 1409 ex
391 1349 514 1409 inimico
530 1350 643 1425 cogitet
656 1349 724 1409 fieri
740 1363 835 1423 posse
854 1348 1001 1420 amicum,
1019 1349 1050 1407 in
1070 1348 1120 1408 illo

138 1449 273 1495 amorem
304 1432 423 1506 incitet,
457 1432 489 1492 in
517 1433 577 1494 hoc
604 1433 780 1493 moderetur
808 1432 926 1504 odium,
956 1432 1120 1492 adicimus:

137 1518 307 1594 „iustum
322 1524 383 1577 est
399 1524 435 1577 et
448 1516 683 1578 honestum.“
705 1517 819 1577 lustum
833 1523 933 1577 autem
945 1514 1122 1576 honesturn·

138 1617 200 1677 que
215 1602 408 1663 decretorum
428 1608 603 1662 nostrorum
623 1601 757 1661 continet
769 1598 864 1661 ratio:
885 1615 959 1674 ergo
975 1599 1051 1658 haec
1067 1615 1120 1658 ne-

94 1686 275 1748 accessoria
288 1692 350 1760 est,
372 1686 441 1746 sine
462 1702 523 1761 qua
539 1700 596 1745 nec
610 1685 662 1744 illa
676 1692 757 1745 sunt.
802 1681 866 1744 Sed
880 1691 1039 1757 utrumque
1053 1683 1121 1743 iuu-

136 1785 260 1843 gamus=
282 1785 415 1845 namque
429 1777 460 1830 et
474 1769 541 1829 sine
554 1769 659 1829 radice
674 1768 798 1829 inutiles
812 1767 890 1828 rami
903 1773 973 1827 sunt
987 1773 1018 1826 et
1031 1766 1121 1842 ipsae

136 1853 258 1914 radices
272 1852 320 1927 iis,
336 1869 417 1928 quae
430 1868 573 1928 genuere,
589 1852 781 1913 adiuvantur.
823 1851 970 1926 Quantum
985 1849 1120 1911 utilitatis

136 1953 246 1998 manus
264 1937 411 2010 habeant,
441 1936 563 1999 nescire
582 1937 655 1997 nulli
676 1936 757 1997 licet.
792 1944 897 2010 aperte
921 1936 1039 1995 iuvant:
1068 1951 1122 2017 cqr

136 2021 226 2095 illud,
250 2037 311 2096 quo
333 2038 441 2082 manus
460 2022 582 2094 vivunt,
603 2036 642 2080 ex
664 2037 726 2096 quo
747 2020 883 2094 inpetum
898 2026 1035 2092 sumunt,
1058 2035 1119 2094 quo

136 2113 306 2176 moventur,
318 2106 404 2164 latet.
416 2105 498 2165 idem
509 2105 612 2164 dicere
622 2105 661 2164 de
673 2103 846 2180 praeceptis
857 2118 1002 2179 possum:
1014 2109 1121 2176 aperta

137 2194 218 2246 sunt.
249 2187 373 2247 decreta
391 2204 467 2248 vero
487 2188 657 2263 sapientiae
676 2189 708 2248 in
729 2187 843 2249 abdito.
872 2187 952 2248 sicut
966 2186 1121 2246 sanctiora

137 2285 294 2331 sacrorum
310 2279 427 2332 tantum
440 2271 546 2333 initiati
564 2273 679 2346 sciunt,
694 2273 736 2332 ita
749 2272 780 2331 in
794 2270 993 2347 philosophia
1008 2286 1121 2330 arcana

136 2353 187 2414 illa
207 2354 353 2415 admissis
376 2356 573 2432 receptisque
591 2357 622 2416 in
643 2372 734 2418 sacra
747 2356 964 2417 ostenduntur:
985 2363 1017 2416 at
1032 2371 1120 2429 prae-

93 2449 128 2503 65
136 2447 225 2514 cepta
240 2446 271 2498 et
284 2439 344 2498 alia
358 2439 509 2502 eiusmodi
523 2441 662 2516 profanis
678 2454 803 2517 quoque
816 2448 889 2501 nota
903 2446 984 2501 sunt.
1016 2439 1119 2499 Posi·

136 2523 277 2585 douius
302 2541 376 2584 non
403 2533 549 2586 tantum
575 2525 910 2601 praeceptionem,
939 2523 1012 2584 nihil
1039 2522 1118 2583 enim

135 2624 194 2669 nos
210 2609 270 2669 hoc
284 2610 380 2671 verbo
401 2611 445 2671 uti
467 2608 622 2685 prohibet,
648 2610 705 2669 sed
728 2609 819 2670 etiam
841 2610 1069 2669 suasionem
1090 2613 1119 2664 ct

135 2694 450 2754 consolationem
471 2703 502 2754 et
517 2693 830 2754 exhortationem
853 2692 1118 2753 necessariam

134 2775 293 2836 iudicat.
317 2776 366 2836 his
381 2777 473 2837 adicit
488 2793 691 2840 causarum
706 2776 1024 2853 inquisitionem,
1040 2783 1117 2852 ety-

133 2857 357 2933 mologiam,
374 2876 466 2935 quam
483 2878 580 2937 quare
593 2861 697 2922 dicere
711 2877 769 2923 nos
780 2877 841 2921 non
854 2861 1033 2934 audeamus,
1050 2874 1118 2919 cum

134 2940 338 3015 grammatici,
354 2945 500 3006 custodes
512 2945 611 3007 Latini
626 2945 787 3020 sermonis,
804 2962 862 3008 suo
876 2945 943 3005 iure
956 2943 999 3004 ita
1014 2941 1117 3018 adpel-

135 3026 212 3096 lent,
234 3040 296 3084 non
312 3025 412 3088 video.
441 3030 482 3089 ait
495 3031 598 3090 utilem
619 3032 752 3091 suturam
768 3038 799 3089 et
813 3029 1052 3104 descriptionem
1067 3043 1118 3087 cu·

134 3108 244 3182 iusque
271 3110 405 3172 virtutis:
432 3111 512 3174 hanc
534 3113 720 3175 Posidonius
750 3114 990 3188 ethologiam
1017 3118 1116 3182 vocat,

135 3190 260 3265 quidam
287 3194 622 3281 characterismon
650 3199 821 3274 adpellant,
852 3195 941 3272 signa
966 3194 1117 3269 cuiusque

132 3277 252 3337 virtutis
268 3293 304 3337 ac
319 3278 381 3339 vitii
396 3288 427 3342 et
440 3289 530 3342 notas
540 3281 730 3358 reddentem,
746 3281 858 3357 quibus
871 3283 950 3342 inter
962 3298 999 3342 se
1009 3279 1118 3341 similia

86 3359 386 3424 didiscriminentur.
421 3364 506 3426 Haec
518 3381 570 3425 res
586 3367 725 3427 eamdem
740 3367 800 3426 vim
815 3366 907 3427 habet
921 3382 1014 3442 quam
1029 3379 1116 3440 prae-

120 3442 237 3518 cipere.
268 3463 341 3510 nam
364 3450 419 3528 qui
438 3450 608 3530 praecipit,
633 3449 724 3512 dicite
751 3451 823 3526 „illa
838 3450 952 3520 iacies,
980 3452 1009 3509 si
1030 3448 1116 3510 voles

101 3536 292 3606 temperans
310 3543 424 3600 esse.“
453 3539 512 3618 qui
527 3536 698 3605 describit.
713 3535 771 3597 aiu.
794 3541 991 3608 ,temperans
1003 3538 1065 3601 est,
1076 3529 1131 3600 oph
