2422 3862
175 223 240 288 240
458 224 491 283 L.
513 222 661 283 ANNAEI
683 221 859 284 SENECAE

85 404 106 456 7
128 384 241 441 lllone
257 376 437 437 defrictum?
466 376 568 438 Video
583 391 645 436 non
659 377 792 436 futurum
807 376 899 436 linem
913 375 944 436 in
960 377 1019 438 ista
1031 381 1157 441 materia

169 462 279 536 ullum,
301 461 361 521 nisi
379 475 469 536 quem
491 459 561 535 ipse
580 460 652 519 mihi
673 461 786 521 fecero.
828 460 877 519 hic
899 461 1003 535 itaque
1024 465 1156 524 contice·

170 562 266 621 scam,
282 544 482 620 quantum-ed
496 542 563 617 ista,
581 560 660 619 quae
674 543 741 604 sine
755 544 849 605 dubio
864 543 936 604 talia
951 543 1099 608 divinavit
1112 549 1157 608 lu·

169 637 245 703 tura,
263 629 364 705 qualia
379 643 460 688 nunc
475 635 554 700 sunt
572 629 622 703 qui
637 628 752 703 primus
768 628 934 704 adpellavit
947 628 1156 705 „inpedimen

169 718 232 774 ta.“
273 713 379 774 Nunc
397 712 487 773 volo
505 713 768 788 paucissimos
789 712 914 773 adhuc
935 712 1158 790 interroga·

168 799 299 858 tiones
313 805 534 858 nostrorum
548 796 619 857 tibi
632 796 798 856 reddere
813 796 860 855 ad
875 797 1057 858 virtutem
1072 815 1140 875 per

170 883 357 955 tinentes,
384 896 494 957 quam
520 879 759 940 satisfacere
784 880 887 941 vitae
906 882 1045 942 beatae
1067 900 1156 944 con·

170 965 376 1028 tendimus.

128 1060 163 1115 12
233 1050 340 1124 Quod
360 1051 497 1109 bonum
519 1047 850 1123 est,b0noslacit
880 1051 1158 1111 nametinarte
1198 1092 1200 1094 -

170 1135 321 1194 musica
337 1133 437 1210 quod
453 1132 591 1193 bonum
608 1139 681 1206 est,
699 1133 826 1205 [mom]
848 1133 1156 1195 facitmusicum.

170 1218 335 1278 fortuita
363 1219 502 1279 bonum
531 1233 604 1277 non
635 1217 805 1277 taciunt=
839 1231 932 1291 ergo
964 1233 1041 1278 non
1069 1226 1156 1280 sunt

169 1303 279 1363 bona

233 1385 395 1446 Adversus
409 1385 469 1446 hoc
486 1385 531 1445 sic
545 1384 719 1460 repondent
730 1381 932 1459 Peripatetici,
948 1394 983 1446 ut
998 1385 1082 1460 quod
1098 1386 1156 1460 pri-

170 1486 252 1532 mum
270 1470 480 1545 proponimus,
500 1470 610 1528 salsum
631 1484 702 1529 esse
717 1467 829 1529 dicant.
860 1469 928 1543 „ab
943 1485 990 1541 eo,
1008 1469 1157 1544 inquiunt

172 1555 255 1630 quod
278 1560 325 1614 est
346 1554 477 1629 bonnm,
499 1569 559 1613 non
581 1554 688 1628 utique
705 1553 782 1613 liunt
795 1553 878 1612 boni.
918 1551 948 1611 in
970 1554 1088 1612 musica
1111 1561 1159 1614 est

170 1639 287 1715 aliquid
306 1637 420 1699 bonum
442 1645 596 1712 tamquam
612 1638 685 1697 tibia
711 1642 764 1697 aut
788 1636 904 1696 chorda
931 1643 984 1696 aut
1008 1652 1157 1710 orgarium

171 1722 296 1797 aliquod
312 1729 447 1798 aptatum
463 1722 503 1781 ad
517 1738 593 1783 usus
609 1721 748 1782 canendi.
784 1720 858 1780 nihil
872 1719 1098 1780 tamenhorum
1114 1723 1127 1780 l
1146 1753 1158 1763 -

129 1817 163 1874 13
170 1806 210 1867 cit
224 1807 383 1868 musicum.
422 1807 478 1866 Hic
493 1805 765 1882 respondebimus:
781 1821 863 1879 „non
878 1803 1061 1879 intellegitis,
1082 1821 1157 1880 quo-

171 1890 744 1967 modo'posuerimusquodbonum
765 1887 880 1948 estin
900 1889 1057 1948 musica.
1098 1907 1159 1950 non

171 1975 250 2036 enirn
267 1975 298 2034 id
312 1974 459 2048 dicimus,
478 1975 561 2050 quod
577 1974 699 2035 instruit
712 1973 876 2047 musicum,
899 1973 956 2033 sed
973 1973 1057 2048 quod
1074 1975 1158 2033 iacit:

170 2066 200 2120 lu
217 2060 256 2119 od
272 2059 492 2136 supellectilem
508 2060 590 2131 artis,
606 2075 667 2121 non
682 2058 722 2118 ed
738 2063 831 2116 artem
846 2057 942 2116 venis.
975 2056 1001 2116 si
1018 2057 1093 2130 quid
1107 2074 1158 2118 au-

170 2150 231 2202 tem
251 2143 282 2203 in
302 2145 370 2219 ipsa
391 2153 455 2204 arte
473 2145 589 2204 musica
604 2144 718 2203 bonum
741 2147 802 2212 est,
828 2141 857 2199 id
879 2141 985 2215 ntique
1010 2142 1158 2201 musicum

130 2226 291 2288 Iliacict.“
333 2227 513 2288 Etiamnunc
534 2228 636 2287 iacere
661 2227 693 2287 id
715 2225 837 2301 planius
859 2225 941 2285 volo.
986 2224 1107 2284 Bonum
1128 2226 1157 2284 in

172 2317 235 2370 arte
250 2311 366 2371 musica
381 2312 502 2372 dnobus
516 2310 617 2371 modis
635 2310 758 2384 dicitur,
780 2310 921 2383 alterum,
945 2324 1007 2384 quo
1029 2308 1157 2369 effectus

170 2395 279 2454 musici
295 2395 464 2468 adiuvatur,
481 2398 617 2470 alterum,
634 2411 695 2470 quo
711 2410 778 2454 ars:
794 2393 832 2452 ad
848 2393 991 2455 effectum
1008 2392 1159 2467 pertinent

171 2479 385 2554 instrumenta,
401 2480 493 2540 tibiae
509 2485 539 2538 et
554 2495 669 2554 organa
683 2485 713 2538 et
728 2478 877 2551 chordae,
895 2477 932 2536 nd
949 2484 1044 2536 artem
1061 2477 1160 2552 ipsam

171 2580 232 2625 non
250 2565 410 2640 pertinent.
448 2572 496 2624 est
510 2562 591 2622 enim
606 2563 713 2623 artifex
729 2563 817 2623 etiam
834 2562 900 2621 sine
915 2561 996 2621 istis:
1012 2559 1056 2620 uti
1072 2562 1160 2621 sorsi-

171 2655 221 2709 tan
242 2665 303 2708 non
319 2655 422 2724 potest
435 2656 509 2708 arte.
549 2646 607 2708 hoc
628 2663 687 2706 non
706 2654 754 2707 est
772 2662 872 2721 aeque
888 2646 1004 2720 duplex
1017 2646 1047 2704 in
1063 2644 1159 2706 homi-

171 2748 220 2793 ne.
253 2732 557 2793 idemenimbonum
576 2731 751 2792 ethominis
767 2731 902 2791 civitae.
1056 2736 1066 2747 ‘

131 2827 164 2885 15
235 2815 362 2889 „Quod
395 2814 730 2891 contemptissimo
760 2815 900 2890 cuique
929 2814 1162 2888 contingere

173 2899 952 2974 acturpissimopotest‚bonnmnonest.
986 2913 1161 2973 opesau-

173 2988 243 3041 tem
262 2983 442 3042 etlenoni
458 2991 493 3044 ct
514 2984 685 3044 lanistae
705 2985 951 3058 contingunt:
973 2998 1066 3056 crgo
1087 2998 1161 3042 non

174 3072 266 3124 sunt
287 3065 416 3126 bona.“

237 3148 378 3220 „Falsum
402 3159 462 3224 cst,
490 3151 643 3226 inquiunt,
672 3153 754 3227 quod
777 3152 958 3226 proponitis.
995 3166 1064 3209 nam
1086 3157 1116 3207 et
1132 3149 1160 3207 in

175 3234 370 3303 grammatice
385 3241 414 3294 et
436 3236 465 3294 in
490 3243 555 3296 arte
577 3236 719 3296 medendi
741 3243 793 3296 aut
812 3236 1002 3312 gubernandi
1020 3233 1161 3292 videmus

135 3311 348 3376 lohumillimis
364 3319 537 3394 quibusque
552 3320 634 3380 bona
649 3321 855 3395 contingere.“
900 3320 962 3380 Sed
981 3319 1059 3379 istae
1080 3325 1161 3378 artes

154 3435 157 3439 «
175 3414 237 3457 non
260 3407 331 3460 sunt
345 3402 580 3476 magnitudinem
597 3404 688 3464 animi
705 3407 881 3481 professae,
897 3420 958 3463 non
975 3408 1161 3474 consurgunt

178 3479 208 3540 in
230 3485 321 3544 altum
342 3501 399 3545 nec
418 3488 541 3550 fortuita
561 3489 733 3550 fastidiente
760 3490 857 3551 virtus
878 3486 995 3550 extollit
1009 3486 1160 3546 hominem
