2422 3862
118 226 181 292 378
413 228 446 288 L.
469 227 614 287 ΑΝΝΑΕΙ
636 226 810 287 SENECAE

120 381 252 457 quisque
266 395 302 440 se
317 385 463 440 numeret.
491 378 631 439 metiatur
647 377 737 438 simul
751 392 878 452 corpus:
902 377 989 452 sciet,
1008 395 1100 454 quam

119 480 177 525 nec
192 465 315 525 multum
331 479 443 538 capere
459 478 516 522 nec
530 461 583 521 diu
598 462 706 536 possit.
730 460 802 521 nihil
818 469 916 522 tamen
932 477 1033 538 aeque
1048 463 1100 524 tibi

120 548 268 624 profuerit
282 548 321 608 ad
337 545 565 621 temperantiam
581 545 713 606 omnium
730 560 831 605 rerum
846 561 936 620 quam
951 546 1098 622 frequens

120 634 263 708 cogitatio
287 631 390 692 brevis
417 631 485 689 aevi
509 637 538 689 et
557 628 647 689 huius
669 628 790 688 incerti:
821 629 968 704 quicquid
993 630 1098 705 facies,

118 718 240 791 respice
257 715 296 775 ad
311 722 448 777 mortem.
491 713 579 771 Vale.

408 877 623 935 EPISTULA
643 878 690 933 vt.
720 880 807 950 (115.)

374 985 483 1038 Seneca
503 989 613 1039 Lucrmo
635 1000 686 1039 suo
704 996 845 1038 saturam.

94 1133 107 1185 l
180 1121 1100 1199 Nimisanxiumessetecircaverbaetconpo-

118 1206 317 1278 sitionem,
340 1206 379 1265 mi
398 1206 509 1277 Lucili,
530 1207 639 1268 nolo:
667 1207 789 1267 habeo
815 1208 973 1279 maiora,
1002 1224 1100 1283 quae

119 1305 241 1351 cures.
264 1304 385 1362 quaere,
402 1290 476 1364 quid
489 1291 616 1365 scribas,
632 1306 693 1350 non
709 1291 975 1365 quemadmodum.
1000 1300 1030 1352 et
1041 1291 1100 1352 lroc

119 1374 220 1448 ipsum
235 1389 297 1433 non
312 1379 346 1434 ut
361 1373 488 1446 scribas,
505 1375 561 1433 sed
576 1381 610 1436 ut
623 1376 753 1449 sentiaS,
769 1376 880 1448 utilia,
897 1390 977 1448 quae
992 1390 1099 1436 sense-

90 1458 174 1529 aris,
202 1457 298 1531 magis
327 1457 464 1531 adplices
484 1456 536 1517 tibi
557 1464 588 1518 et
609 1459 693 1519 velut
712 1459 826 1532 signes.
872 1458 1099 1534 Cuiuscumque

119 1542 288 1602 orationem
312 1541 426 1602 videris
451 1539 611 1601 sollicitam
638 1550 668 1602 et
693 1542 832 1616 politam,
862 1543 940 1603 scito
965 1543 1099 1602 animum

120 1641 245 1701 quoque
260 1642 321 1685 non
343 1625 442 1685 minus
463 1640 535 1685 esse
551 1625 668 1700 pusillis
687 1632 883 1700 occupatum:
906 1642 1033 1701 magnus
1049 1627 1100 1684 ille

118 1707 277 1769 remissius
299 1707 433 1784 loquitur
453 1715 483 1767 et
503 1710 651 1770 securius.
680 1725 893 1784 quaecumque
915 1710 999 1783 dicit,
1026 1711 1097 1783 plus

118 1791 231 1852 habent
255 1793 386 1853 fiduciae
413 1808 504 1867 quam
530 1808 629 1852 curae.
672 1793 758 1854 Nosti
784 1795 947 1868 conplures
969 1792 1099 1852 iuvenes

117 1876 214 1936 barba
235 1885 265 1937 et
285 1893 373 1937 coma
395 1875 523 1949 nitidos,
550 1878 588 1936 de
609 1878 737 1951 capsula
758 1884 854 1937 totos:
883 1876 955 1937 nihii
974 1876 1012 1935 ab
1039 1877 1099 1935 illis

117 1959 291 2036 speraveris
308 1963 393 2031 forte,
410 1960 482 2019 nihil
499 1959 640 2020 solidum.
686 1959 817 2021 Oratio
834 1963 964 2021 cultus
983 1960 1099 2019 animi

117 2052 191 2102 est:
214 2046 240 2104 si
257 2043 462 2104 circumtonsa
476 2050 524 2103 est
538 2051 568 2104 et
583 2044 683 2104 fucata
697 2053 727 2105 et
741 2060 832 2104 manu
850 2046 944 2116 facta,
966 2043 1101 2104 ostendit

117 2124 199 2186 illum
216 2144 339 2202 quoque
354 2143 415 2187 noa
433 2143 505 2187 esse
526 2128 679 2188 sincerum
695 2135 725 2187 et
741 2126 856 2187 habere
870 2127 985 2202 aliquid
1002 2128 1099 2188 fracti.

90 2217 180 2272 anon
196 2218 243 2270 est
258 2218 466 2271 ornamentum
482 2211 567 2270 virita
582 2212 781 2272 concinnitas.
826 2209 865 2270 si
882 2211 994 2270 nobis
1019 2212 1100 2270 ani-

119 2309 211 2352 mum
234 2294 322 2352 boni
344 2294 416 2353 viri
437 2294 578 2355 liceret
598 2294 813 2370 inspicere,
841 2311 990 2369 oquam
1013 2296 1100 2369 pul-

120 2377 246 2437 chram
264 2377 417 2452 faeiem,
436 2394 544 2452 quom
560 2386 745 2452 sanctam,
763 2394 870 2453 quam
892 2393 936 2436 ex
951 2380 1092 2453 magni·

119 2460 195 2522 fico
212 2461 449 2537 placidoque
465 2463 673 2536 fulgentem
685 2463 919 2535 videremus,
933 2461 1002 2521 hinc
1016 2464 1100 2523 iusti-

119 2546 174 2618 tia,
196 2546 278 2606 illino
294 2546 483 2618 fortitudine,
507 2545 576 2606 irino
598 2545 798 2621 temperantia
815 2546 1040 2621 prudentiaque
1055 2548 1100 2606 lu-

119 2630 271 2691 centibus!
289 2637 409 2705 praeter
419 2628 475 2689 has
491 2630 647 2704 frugalitas
661 2637 691 2689 et
703 2629 887 2691 continentia
899 2637 929 2689 et
941 2630 1101 2690 tolerantia

118 2721 149 2773 et
163 2714 328 2774 liberalitas
344 2713 534 2788 comitasque
549 2721 592 2789 et,
615 2714 684 2788 quis
708 2714 833 2774 credat?
855 2714 884 2773 in
906 2713 1031 2773 homine
1050 2730 1098 2773 ra-

117 2812 183 2855 rum
195 2797 368 2858 humanitas
380 2798 509 2873 bonum,
522 2799 717 2872 splendorem
730 2798 771 2857 illi
783 2814 871 2858 suum
885 2797 1099 2858 adfunderent.

117 2888 190 2940 tunc
207 2879 398 2954 providentia
417 2897 483 2941 eum
506 2882 655 2956 elegantia
674 2889 761 2942 etex
782 2883 848 2942 istis
865 2879 1097 2955 magnanimitas

118 2962 357 3023 eminentissima
378 2974 539 3039 quantum,
566 2966 597 3025 di
620 2966 709 3039 boni,
735 2965 858 3026 decoris
874 2965 929 3037 illi,
952 2970 1099 3039 quantum

118 3046 266 3122 ponderis
280 3046 500 3124 gravitatisque
514 3049 677 3109 adderent!
699 3056 812 3124 quanta
825 3056 909 3109 esset
922 3050 1100 3122 cumgratia

118 3131 297 3192 auctoritas!
322 3147 410 3193 nemo
426 3132 506 3192 illam
522 3132 697 3205 amabilem,
721 3133 772 3208 qui
788 3150 848 3194 non
866 3133 955 3191 simul
971 3147 1098 3191 venera·

89 3212 208 3273 anilem
228 3213 353 3276 diceret.
398 3215 431 3276 Si
453 3217 521 3292 quis
541 3217 651 3276 viderit
670 3217 750 3276 hanc
765 3217 873 3277 faciem
890 3215 1027 3276 altiorem
1043 3217 1099 3275 ful-

117 3299 348 3374 gentioremque
366 3315 457 3374 quam
473 3301 555 3360 cerni
570 3301 647 3361 inter
663 3301 795 3360 humana
808 3298 977 3372 consuevit,
995 3315 1100 3359 nonne

117 3383 199 3443 velut
214 3384 345 3445 numinis
362 3398 494 3444 occursu
511 3384 743 3458 obstupefactus
758 3385 882 3445 resistat
896 3392 933 3455 et,
949 3383 1043 3443 ullas
1060 3385 1101 3444 sit

116 3468 244 3538 vidisse,
260 3467 369 3527 tacitus
385 3474 545 3542 precetur?
564 3475 627 3528 tum
643 3475 791 3528 evocante
812 3469 879 3545 ipsa
896 3468 996 3527 voltus
1014 3468 1102 3528 beni·
