2422 3862
464 226 696 283 canonicum.
873 211 875 214 ‘
1004 219 1068 285 411

92 383 168 439 tione
187 381 331 449 formavit,
347 379 392 436 cui
407 381 500 435 titulus
517 385 573 435 est:
598 378 664 448 „de
685 338 799 432 torma
816 376 970 446 mundi‚“
987 392 1071 448 quem
1102 352 1104 356 ἱ

93 467 173 523 vobis
188 467 253 520 item
264 462 428 536 reliquimus
442 463 654 535 perlegendum.
678 459 775 518 accan.
788 460 957 533 deaeometr.
970 460 1014 520 hb.
1025 458 1069 515 11.

89 569 121 624 p.
136 553 214 608 1537.
228 548 286 616 (ed.
298 548 388 603 Busil.
407 550 501 616 1570.)
530 547 601 602 Nam
615 545 736 600 muudus
759 544 821 614 ipse
841 543 991 615 sphaerica
1015 546 1069 598 ler-

92 643 136 690 tur
149 632 316 688 rotunditate
331 631 480 698 collectus,
501 637 532 685 ut
556 629 685 686 diversas
707 644 800 684 rerum
820 629 924 683 formas
951 627 1069 683 ambitus

92 718 136 773 sui
160 716 321 772 circuitione
344 713 542 783 concluderet,
570 712 646 768 unde
666 713 767 768 librum
789 709 900 768 Seneca
923 716 1070 766 consenta-

92 817 147 856 uec
158 797 335 872 philosophis
346 796 533 869 disputatione
541 797 678 864 lonnavit,
687 796 732 851 cui
743 796 835 850 tilulus
843 801 899 850 est:
914 796 970 864 „de
982 796 1071 850 forma

92 884 218 940 mundi.“
228 883 350 953 (Rursus
364 881 464 937 eadem
474 883 561 938 verba
569 880 806 936 habetHrahanus
813 879 927 935 Maurus
940 879 975 934 de
986 879 1069 934 instit.

93 969 220 1024 clericor.
240 968 288 1023 lib.
308 967 357 1031 ΙΙΙ,
381 982 406 1022 c.
423 970 466 1023 25.
480 970 546 1020 tom.
560 965 614 1034 Vl,
629 981 657 1036 p.
673 967 708 1020 44
722 963 755 1017 B.
768 963 813 1024 ed.
831 963 927 1020 Colon.
939 979 965 1018 a.
979 965 1071 1030 1626.)

389 1096 436 1154 IX.
456 1096 769 1154 EXHORTATIONES.

155 1219 281 1275 Mutant.
292 1219 384 1274 institt.
397 1219 441 1274 lib.
460 1216 513 1284 VI,
532 1234 557 1275 o.
569 1221 618 1287 14,
638 1224 654 1285 s
672 1222 714 1276 16.
730 1222 772 1278 17.
795 1217 871 1274 ldem
887 1215 1026 1288 (Seneca)
1042 1219 1070 1274 iu
1082 1221 1116 1274 14

94 1303 221 1359 eiusdem
236 1302 331 1374 operis
349 1301 680 1370 (Exhortationum)
694 1303 799 1373 primos
898 1342 904 1352 .

153 1386 248 1455 „Quid
269 1386 353 1457 agis?
375 1385 480 1455 inquit,
502 1385 570 1457 quid
589 1383 779 1441 machinaris?
806 1384 873 1455 quid
896 1386 1070 1442 abscondis?

93 1477 187 1526 custos
207 1477 236 1531 te
247 1475 310 1524 tuus
322 1469 455 1539 sequitur.
475 1469 568 1524 Alium
580 1468 628 1525 tibi
633 1469 822 1541 peregrinatio
830 1468 974 1538 subduxit,
987 1469 1072 1524 allum

95 1570 186 1623 mors,
205 1554 289 1608 alium
303 1551 451 1609 valetudo:
474 1552 573 1608 haeret
586 1552 647 1623 hic,
668 1568 724 1624 quo
740 1568 838 1608 carere
852 1567 1004 1622 numquam
1018 1569 1071 1625 po·

94 1645 145 1694 tes.
169 1637 242 1705 Quid
260 1638 353 1693 locum
365 1636 489 1693 abditum
504 1638 575 1709 legis
592 1643 619 1692 et
633 1637 751 1692 arbitros
764 1639 917 1694 removes?
940 1642 1007 1707 puta
1024 1636 1071 1692 tibi

94 1722 260 1792 contigisse,
271 1726 301 1775 ut
312 1722 408 1775 oculos
421 1720 544 1776 omnium
556 1720 693 1794 effugias,
705 1721 837 1777 demens:
849 1719 914 1790 quid
928 1721 975 1775 tibi
984 1721 1071 1793 prod·

95 1812 206 1862 estnon
221 1803 327 1860 hahere
344 1804 487 1859 conscium
501 1805 614 1862 habenti
631 1805 877 1861 conscientiarum

156 1887 281 1943 lactant.
292 1889 383 1943 institi.
396 1887 439 1943 lib.
452 1887 483 1958 1,
495 1906 519 1945 c.
531 1894 562 1958 7,
576 1893 617 1947 13.
650 1889 721 1956 Quia
730 1888 792 1945 fieri
809 1903 866 1943 non
878 1890 988 1960 potest,
1003 1889 1115 1958 quinl5

95 1971 138 2040 id,
161 1971 237 2041 quod
256 1972 303 2036 sit,
326 1971 476 2042 aliquando
499 1990 564 2029 esse
588 1974 727 2046 coeperit,
754 1987 931 2044 consequens
953 1978 1009 2040 est,
1033 1979 1071 2040 ut,

95 2055 207 2125 quando
222 2054 289 2110 nihil
302 2061 366 2111 ante
386 2056 546 2124 illumian,
567 2058 629 2130 ipse
649 2062 713 2114 ante
734 2057 828 2112 omnia
848 2071 884 2112 ex
905 2073 936 2111 se
960 2056 1022 2128 ipso
1038 2057 1073 2112 sit

95 2144 259 2210 procreatus
272 2167 316 2178 ·—
331 2139 407 2210 quod
419 2137 546 2216 Seneca,
560 2141 769 2213 homunculus,
785 2142 813 2196 in
826 2139 1072 2196 Exhortationibus

96 2223 173 2278 vidit.

156 2305 247 2375 ‚,Nos‚
274 2306 375 2375 iuquit,
399 2306 511 2361 aliunde
532 2309 699 2379 pendemus.
722 2309 816 2380 itaque
833 2306 870 2363 ad
886 2309 1008 2381 aliquem
1025 2325 1067 2364 re-

95 2388 244 2458 spicimus,
266 2389 310 2443 cul
333 2387 410 2458 quod
426 2395 469 2444 est
491 2393 625 2460 optimum
646 2393 675 2446 in
697 2393 795 2459 nobis,
816 2392 985 2447 debeamus:
1001 2392 1072 2446 alius

96 2488 148 2525 nos
165 2469 267 2538 edidit,
284 2471 355 2524 alius
373 2471 513 2526 instruxit:
532 2474 602 2530 deus
616 2476 678 2545 ipse
692 2491 724 2528 se
740 2475 833 2528 lecit.“

158 2553 284 2610 Lactant-
298 2555 389 2612 insuti.
402 2553 447 2609 b'b.
457 2552 490 2620 I,
501 2570 526 2615 c.
537 2562 568 2625 5,
579 2560 623 2615 17.
650 2557 784 2620 Annaeus
796 2554 907 2613 Seneca
919 2584 962 2597 --
975 2557 1003 2610 in
1013 2556 1069 2612 Ex·
1082 2558 1117 2614 16

94 2637 311 2694 hortationibus:

158 2722 229 2791 „Hic
245 2737 330 2792 quum
348 2722 439 2793 prima
453 2721 633 2777 fundamenta
648 2723 728 2778 molis
744 2721 949 2794 pulcherrimae
969 2724 1074 2780 iaccret

96 2814 122 2862 et
136 2805 191 2863 hoc
207 2805 360 2875 ordiretur,
375 2822 431 2877 quo
443 2822 535 2878 neque
552 2806 642 2862 maius
657 2806 809 2878 quidquam
822 2807 899 2864 novit
910 2812 1009 2864 natura
1021 2824 1073 2864 nec
1137 2861 1140 2865 ,

95 2892 203 2961 melius,
215 2897 244 2944 ut
255 2891 349 2946 omnic
357 2892 410 2946 sub
422 2890 539 2946 ducibus
550 2890 608 2947 suis
620 2892 699 2956 irent,
712 2891 841 2962 quamvis
852 2891 913 2964 ipse
924 2909 976 2965 per
987 2897 1073 2948 totum

95 2991 126 3030 se
142 2990 245 3045 corptss
259 2974 432 3044 intenderat,
445 2980 539 3031 tamen
552 2975 692 3032 ministros
706 2975 788 3047 regui
804 2977 847 3031 aui
864 2975 935 3032 deus
948 2976 1073 3048 genuit.“

154 3059 189 3112 Et
203 3074 287 3128 quam
301 3060 385 3115 multa
396 3059 451 3114 alia
464 3060 499 3115 de
514 3060 569 3117 deo
581 3061 683 3117 uostris
694 3059 912 3116 similialouutus
927 3067 984 3130 est,
999 3076 1073 3131 quaa

94 3158 170 3197 nunc
185 3141 297 3197 differo.
312 3166 355 3182 -—-
369 3140 414 3197 Ib.
426 3158 451 3200 c.
465 3147 494 3209 7,
507 3150 533 3202 5.
562 3144 596 3199 Et
612 3151 657 3202 est
667 3143 735 3200 illud
746 3159 860 3214 verum,
875 3144 952 3216 quod
969 3145 1073 3200 dixisse

96 3227 125 3279 ln
138 3225 384 3282 Exhortationibus
400 3223 538 3282 Senecam
560 3245 647 3300 supra
667 3228 762 3283 retulis
784 3228 917 3300 genuisse
933 3229 1015 3300 regni
1030 3227 1074 3283 sui

96 3309 235 3362 ministros
251 3310 346 3364 deum.

158 3390 284 3447 locunt.
296 3395 388 3449 instita
399 3389 463 3458 ΙΙΙ,
475 3407 501 3449 c.
516 3396 564 3463 15,
577 3398 602 3450 1.
632 3393 742 3451 Eodem
759 3395 862 3451 ductus
870 3392 1082 3450 erroreum·
1091 3393 1133 3442 ul

97 3491 129 3530 ca
151 3504 186 3515 —
206 3476 268 3545 quis
287 3477 360 3532 enim
376 3492 473 3533 veram
488 3476 567 3534 viam
580 3481 696 3537 teneret
714 3484 833 3536 errante
847 3472 1024 3532 <Siccium
1044 3488 1092 3502 --
