2422 3862
118 263 192 328 ‚150
415 259 617 320 L.·nrt1tnnt
640 259 816 320 subuertit

128 417 315 493 serpentium
331 429 436 473 morsu
451 421 503 473 aut
517 413 632 473 lrcctos
646 412 734 472 ruina
748 423 800 472 aut
821 427 876 488 per
894 414 1101 487 longam-ner·

126 517 235 562 vorum
250 497 488 560 contractionem
502 503 641 557 extortos
656 497 837 556 minutatim:
856 497 1027 572 aliquorum
1040 514 1101 558 me

128 587 186 648 lior
206 583 281 653 dici,
304 581 476 656 aliquorum
497 581 583 656 peior
610 586 712 655 potest
732 581 846 641 exitus:
869 595 954 642 mors
979 581 1102 656 quidem

128 668 262 732 omnium
278 682 333 742 par
351 673 407 726 est.
444 680 500 741 per
521 663 717 749 quaevenit,
739 663 863 726 diversa
884 672 970 726 sunt:
994 667 1051 739 [id]
1072 667 1101 725 in

129 752 219 830 quod·
228 751 387 822 desinunt,
410 766 503 809 unum
524 756 580 809 est.
624 749 708 809 Mors
729 750 812 817 nulla
829 750 926 810 maior
940 756 993 810 aut
1006 750 1102 811 minor

128 844 192 898 est:
224 835 316 894 babet
340 835 418 892 enim
443 833 584 894 eumdem
608 832 640 892 in
667 832 815 894 omnibus·
832 834 972 907 modum,
996 834 1103 897 finisse

86 922 230 986 temam.
262 919 346 979 Idem
365 917 417 978 tibi
431 917 471 977 de
486 918 575 978 bonis
591 917 677 977 dico:
699 917 762 977 hoc
781 917 892 978 bonum
909 917 990 978 inter
1002 934 1102 979 meras

128 1005 312 1080 voluptatem
327 1001 387 1061 hoc
398 1009 445 1061 est
456 1000 534 1062 inter
544 1000 642 1062 tristia
653 1009 683 1061 et
693 1002 814 1062 acerba.
830 1002 904 1063 illud
912 1004 1052 1062 lortunae
1059 1003 1103 1062 in·

129 1087 314 1163 dulgentiam
325 1086 412 1158 rexit,
425 1085 483 1145 hoc
497 1085 672 1147 violentiam
685 1085 816 1146 domuita
830 1093 995 1162 utrumque
1006 1103 1104 1162 aeque

129 1173 244 1234 bonum
255 1178 317 1244 est,
333 1170 472 1245 quamvis
492 1168 566 1229 illud
585 1171 676 1245 plana
696 1170 892 1244 emolliverit,
908 1169 969 1231 hoo
982 1186 1103 1246 aspera.

131 1257 214 1316 idem
224 1255 294 1315 finis
307 1253 441 1314 omnium
452 1259 514 1313 est=
529 1252 612 1313 bona
623 1263 704 1328 sunt,
711 1254 865 1314 laudanda
876 1262 957 1329 sunt,
963 1255 1103 1316 virtutem

130 1341 340 1413 rationemque
351 1336 548 1397 comitantur:
568 1338 664 1398 virtus
676 1344 788 1414 aequat
801 1338 879 1399 inter
894 1355 938 1412 se,
958 1339 1105 1415 quioquid

87 1436 122 1491 45
132 1422 281 1499 agnoseit.
323 1421 386 1480 Nec
401 1428 463 1494 est,
486 1435 580 1495 quare
593 1422 653 1482 hoc
670 1423 748 1482 inter
762 1429 869 1483 nostra
888 1424 1002 1500 placita·
1017 1424 1105 1483 mire·

130 1509 189 1567 ris:
211 1506 295 1581 apud
308 1504 475 1580 Epicurum
490 1505 552 1567 duo
567 1505 649 1566 bona
665 1515 749 1580 sunt,
771 1522 811 1565 ex
826 1507 939 1583 quibus
954 1524 1105 1568 summum

131 1591 205 1652 illud
220 1590 403 1665 beatumque
418 1589 614 1665 conponitur,
637 1599 688 1664 „ut
708 1605 821 1665 corpus
845 1592 912 1652 sine
933 1591 1105 1664 doloresit,

130 1676 250 1736 animus
272 1675 339 1734 sine
361 1673 617 1750 perturbatione.“
662 1674 738 1735 haec
759 1674 842 1735 bona
866 1691 927 1735 non
953 1682 1104 1749 crescunt,—

132 1761 157 1820 si
177 1761 267 1835 plena
281 1765 365 1818 sunt:
388 1774 450 1832 quo
466 1757 546 1818 enim
560 1766 693 1830 crescet,
718 1759 803 1834 quod
817 1761 940 1835 plenum
958 1766 1027 1819 esti
1051 1760 1106 1820 do-

131 1847 196 1905 lore
218 1859 331 1919 corpus
356 1850 453 1902 caret:
482 1841 556 1916 quid
577 1843 617 1902 ad
635 1842 715 1903 hanc
736 1844 886 1903 accedere
910 1843 1104 1904 indolentiam

132 1935 255 2003 potesta
290 1926 408 1986 animus
423 1933 544 1986 constat
565 1925 624 1985 sibi
641 1934 672 1986 et
686 1925 825 2001 placidus
840 1934 902 1988 est:
926 1927 1001 2003 quid
1019 1943 1099 1987 acce

89 2012 206 2078 tedere
230 2012 268 2070 ad
300 2010 379 2069 banc
407 2008 653 2084 tranquillitatem
679 2017 802 2084 potestr
844 2010 1107 2085 Quemadmodum

133 2096 282 2156 serenitas
303 2095 380 2153 coeli
402 2107 462 2153 non
484 2094 592 2175 recipit
611 2093 756 2154 maiorem
777 2095 877 2155 adhuc
895 2095 1062 2156 claritatem
1074 2095 1104 2153 in

131 2176 373 2240 sincerissimum
400 2177 528 2239 nitorem
553 2185 730 2253 repurgata
763 2178 808 2238 sic
831 2178 963 2240 hominis
992 2195 1105 2255 corpus

133 2261 328 2337 animumque
343 2261 477 2322 curantis
492 2269 522 2322 et
538 2261 650 2322 bonum
672 2278 760 2322 suum
780 2277 822 2321 err
837 2270 973 2340 utroque
984 2271 1104 2323 neotcn

134 2347 172 2408 tis
193 2345 349 2421 perlectus
369 2353 416 2406 est
437 2352 534 2406 statua
556 2354 586 2406 et
605 2362 753 2408 summam
773 2347 837 2407 voti
858 2346 907 2408 sui
927 2347 1056 2422 invenit,
1080 2348 1106 2406 si

132 2446 190 2492 nec
210 2439 314 2490 aestus
336 2430 436 2491 animo
461 2438 586 2490 estnec
613 2431 705 2491 dolor
727 2431 860 2507 corpori.
895 2431 923 2491 si
944 2447 1006 2506 qua
1021 2438 1107 2491 extra

131 2515 338 2576 blandimenta
363 2515 555 2589 contingunt,
584 2531 644 2575 non
670 2523 783 2591 augent
807 2530 961 2576 summum
982 2516 1105 2588 bonnm,

133 2599 202 2674 sed,
218 2607 250 2660 ut
264 2600 306 2660 ita
320 2597 435 2672 dicam,
452 2599 597 2660 condiunt
611 2604 641 2659 et
656 2600 819 2679 oblectant.
842 2600 1016 2661 absolutum
1027 2601 1105 2659 enim

132 2684 207 2744 illud
232 2683 384 2743 humanae
407 2690 534 2742 naturae
557 2683 671 2744 bonum
696 2684 836 2759 corporis
859 2692 889 2744 et
913 2684 1007 2744 animi
1031 2699 1106 2760 pace

92 2778 125 2835 tr
132 2775 308 2829 contentum
322 2774 379 2826 est.
424 2766 509 2826 nabo
524 2768 607 2842 apud
620 2768 788 2843 Epicurum
799 2766 854 2829 tibi
875 2769 1049 2830 etiamnunc
1067 2767 1106 2829 si·

132 2851 285 2912 millimam
306 2848 379 2910 lmic
397 2858 522 2911 nostrae
542 2849 724 2912 divisionem
750 2853 917 2914 bonorum:
940 2853 999 2913 alia
1028 2853 1106 2913 enin

133 2944 204 2996 sunt
218 2934 300 3009 apud
316 2934 412 3006 illum,
436 2950 520 3008 quae
531 2936 614 2996 malit
628 2937 805 3012 contingere
819 2937 892 3009 oilli,
916 2944 952 2996 ut·
966 2935 1105 3012 corporis

134 3020 266 3095 quietem
288 3015 327 3075 ab
347 3017 427 3076 omni
449 3018 641 3080 incommodo
661 3019 790 3080 liberam
803 3027 833 3081 ot
847 3021 938 3081 animi
951 3020 1106 3082 remissio·

133 3117 203 3163 nem
226 3100 376 3161 bonorum
404 3117 529 3163 satorum
554 3106 814 3179 contemplatione
835 3105 1014 3180 gaudentis:
1050 3106 1107 3166 alia

133 3192 220 3257 sunt,
241 3200 323 3260 quae
347 3185 486 3260 quamvis
513 3187 587 3248 nolit
608 3189 764 3262 accidere,
786 3188 986 3251 nibilominus
1005 3189 1108 3250 laudat

134 3277 165 3330 et
179 3268 363 3344 conprobat,
381 3275 534 3346 tamquam
549 3272 644 3348 illam,
662 3289 753 3349 quarn
769 3275 861 3349 paulo
873 3283 943 3334 ante
957 3274 1106 3346 dicebam,

134 3353 231 3414 malae
252 3353 427 3416 valitudinis
447 3362 478 3415 et
498 3355 638 3417 dolorum
659 3359 910 3433 gravissimorum
932 3358 1106 3434 perpessio·

127 3453 214 3511 nem,
237 3437 269 3497 in
287 3454 347 3514 pua
360 3438 514 3516 llpicorus
529 3441 586 3502 luit
604 3441 656 3503 illo
675 3459 797 3503 summo
814 3459 851 3503 ac
866 3442 1106 3504 lomunatlasimo

109 3517 250 3582 mesco.
297 3523 342 3586 ait
363 3523 447 3589 enim
469 3542 533 3602 „se
543 3527 677 3590 vesicae
691 3539 723 3590 et
739 3527 909 3590 exulcerati
923 3527 1040 3585 lanula
1049 3535 1107 3584 uu-
