2422 3862
185 221 247 305 116
471 229 504 288 L.
527 229 674 288 ANNAEl
696 227 871 289 SENECAE

185 381 282 458 quiin
298 380 448 458 piscinam
463 397 532 442 cum
546 382 662 456 ingenti
674 380 816 457 inpulsae
832 397 931 457 aquae
946 398 1025 442 sono
1039 382 1156 443 saliunt.

184 474 307 543 praeter
321 466 413 538 istos,
435 482 579 541 quorum,
602 467 628 526 si
644 465 716 526 nihil
730 465 828 537 aliud,
850 472 956 527 rectae
970 481 1066 526 voces
1082 475 1157 536 sunt

178 550 320 627 'alipilum
335 551 436 625 cogita
448 557 569 611 tenuem
584 558 614 609 et
628 550 785 610 stridulam
800 565 926 624 vocem,
943 565 1005 626 quo
1022 550 1062 610 sit
1078 557 1158 613 nota·

183 633 289 708 bilior,
306 632 439 695 subinde
454 634 673 710 exprimentem
688 650 906 710 menumquam
919 641 1088 706 tacentem,
1105 634 1159 695 nisi

186 721 259 779 dum
273 719 357 779 vellit
371 721 437 779 alas
452 725 482 779 et
496 720 586 780 alium
606 734 662 794 pro
680 735 715 778 se
730 719 861 778 clamare
878 719 968 793 cogit.
992 719 1052 778 iam
1065 717 1157 787 liborii

184 804 287 864 varias
315 801 553 863 exclamationes
580 810 610 863 et
631 801 813 863 botularium
840 811 871 863 et
896 803 1113 863 crustularium
1134 810 1158 862 el

187 903 294 947 omncs
317 889 498 962 popinarum
521 886 677 948 institores
692 903 824 947 mercem
840 903 903 951 ,sua
919 887 1053 962 quadam
1076 893 1106 946 et
1120 887 1160 946 in-

157 970 298 1046 asignita
317 970 524 1033 modulatione
546 952 803 1044 vendentes.7ir',‚0
825 978 869 1044 te,
891 968 1009 1045 inquis,
1032 971 1160 1032 ferreum
1198 964 1207 1027 l

187 1063 239 1115 aut
252 1054 395 1129 surdum,
410 1056 458 1115 cui
474 1071 561 1115 mens
576 1057 654 1116 inter
669 1063 712 1116 tot
727 1057 878 1116 clamores
892 1061 954 1115 tam
971 1055 1090 1128 varios,
1104 1062 1159 1118 tam

187 1139 350 1212 dissonos,
366 1147 501 1212 constet,
518 1156 587 1200 cum
600 1139 805 1218 Chrysippum
818 1147 956 1200 nostrum
971 1138 1104 1201 adsiduo
1117 1154 1150 1199 sa

187 1224 291 1284 lutatio
312 1223 462 1298 perducat
483 1223 523 1284 ad
544 1228 700 1285 mortem.“
728 1226 769 1284 At
785 1223 976 1284 mehercules
998 1238 1059 1298 ego
1075 1223 1161 1284 istum

188 1307 338 1367 tremitum
365 1324 424 1370 non
451 1309 548 1383 magis
575 1325 648 1369 curo
676 1324 767 1383 quam
790 1308 916 1369 fluctum
939 1314 991 1381 aut
1013 1306 1160 1371 deiectum

186 1407 302 1465 aquae,
326 1391 466 1465 quamvis
483 1393 605 1452 audiam
626 1392 747 1453 cuidam
762 1391 845 1466 genti
859 1392 939 1453 hanc
953 1408 1049 1455 unam
1068 1390 1162 1454 luisse

188 1491 313 1535 eausam
328 1477 434 1537 urbem
447 1493 534 1538 suam
548 1476 768 1549 transferendi,
784 1478 868 1552 quod
881 1478 1034 1552 lragorem
1045 1476 1102 1536 Nili
1116 1492 1162 1537 ca-

157 1560 286 1620 ndentis
303 1560 383 1620 lerre
398 1577 459 1622 non
480 1561 586 1635 potuit.
613 1561 712 1636 Magis
733 1560 805 1621 mihi
821 1577 882 1622 vox
896 1577 1030 1622 avocare
1047 1561 1164 1622 videtur

187 1660 279 1720 quom
292 1644 434 1720 crepitus.
447 1645 498 1704 illa
509 1646 589 1723 enim
601 1645 734 1706 animum
745 1645 877 1720 adducit,
885 1644 934 1706 hic
946 1653 1063 1706 tantum
1076 1660 1164 1706 aures

186 1725 281 1803 inplet
296 1745 332 1788 ao
348 1729 510 1804 verberat..
528 1731 561 1788 ln
575 1714 648 1803 liis,
672 1745 752 1804 quae
766 1745 815 1790 me
830 1731 898 1790 sinc
913 1730 1094 1791 avocatione
1110 1728 1164 1791 cir-

187 1820 413 1887 cumstrepunt,
435 1808 563 1873 essedas
578 1821 822 1874 transcurrentes
838 1830 920 1889 pono
943 1822 973 1875 et
988 1815 1109 1875 labrum
1122 1815 1164 1873 in·

188 1896 336 1970 quilinum
351 1902 381 1955 et
396 1897 555 1958 terrarium
569 1898 719 1972 vicinum,
742 1906 795 1958 aut
809 1899 906 1972 hunc,
929 1899 981 1974 qui
1001 1898 1041 1958 ad
1056 1897 1165 1958 Metam

189 1979 354 2039 Sudantem
370 1981 490 2041 tubulas
506 1982 661 2057 experitur
675 1989 705 2042 et
719 1965 899 2063 tibias‚)nec
912 1988 1029 2056 cantat,
1046 1983 1103 2043 sed
1115 1998 1165 2043 ex·
1178 2008 1182 2015 ·

188 2065 305 2123 clamat.
335 2064 506 2124 etiamnunc
529 2068 685 2127 molestior
706 2072 754 2126 est
773 2065 843 2126 mihi
865 2083 977 2142 sonus,
1001 2066 1055 2141 qui
1076 2065 1165 2126 inter·

91 2169 95 2176 ·
158 2143 311 2207 ⁵mittitur
332 2148 463 2209 subinde
483 2165 574 2224 quarn
596 2150 648 2225 qui
669 2151 869 2211 continuatur.
899 2150 961 2212 Sed
983 2151 1041 2210 iam
1058 2151 1166 2210 mesic

189 2231 228 2289 ad
249 2229 351 2289 omnia
371 2231 430 2292 ista
450 2233 571 2308 duravi,
594 2242 628 2294 ut
648 2233 755 2295 audire
776 2237 825 2294 vel
847 2235 1026 2311 pausarium
1048 2236 1166 2311 possim

129 2373 142 2381 „
188 2329 266 2375 voce
287 2313 486 2376 acerbissima
507 2318 673 2392 remigibus
699 2319 810 2378 modos
836 2320 968 2399 dantem.
1002 2319 1165 2379 animum

188 2398 269 2458 euim
294 2414 388 2474 cogo
415 2399 493 2461 sibi
516 2401 703 2463 intentum
725 2418 816 2462 esse
841 2396 1095 2463 nec'avooari
1120 2402 1166 2463 ad

188 2490 364 2543 externa:
393 2485 495 2544 omnia
519 2486 588 2545 licet
610 2485 685 2547 loris
705 2494 866 2562 resonent,
894 2489 966 2548 dum
988 2487 1072 2550 intus
1093 2486 1165 2547 nihil

187 2568 332 2628 tumultus
344 2569 396 2644 sit,
413 2571 485 2630 dum
497 2569 576 2629 inter
587 2585 622 2629 se
635 2587 696 2631 non
710 2570 848 2632 rixentur
858 2571 1011 2647 cupiditas
1022 2579 1053 2633 et
1066 2572 1165 2643 timor,

187 2652 259 2711 dum
271 2653 396 2765 ausaritia
408 2653 591 2728 luxuriaque
601 2670 663 2714 non
674 2653 846 2716 dissideant
858 2671 916 2717 uec
931 2656 1028 2716 altera
1041 2656 1165 2716 alteram

187 2744 298 2796 vexet.=
319 2737 496 2812 namquid
521 2739 685 2812 prodest
705 2739 827 2801 totius
846 2738 1023 2815 regionis
1045 2740 1165 2803 silen-

187 2820 294 2892 tium,
318 2820 350 2879 si
373 2822 554 2882 adlectus
577 2822 766 2884 lremuutl
1025 2891 1028 2895 ,

158 2909 175 2962 6
314 2903 419 2964 Omnia
433 2908 524 2966 noodr
538 2913 627 2968 crant
633 2908 762 2983 placido
774 2915 916 2984 conperta
929 2911 1038 2985 putea.

186 2986 310 3046 Falsum
324 2995 385 3047 est:
402 2990 483 3048 nulla
497 2991 619 3065 placida
632 3000 681 3052 est
696 2992 800 3066 quies,
815 2993 873 3053 nisi
892 3009 984 3068 quam
998 2993 1075 3054 ratio
1094 3008 1166 3055 con·

188 3068 306 3143 posuit:
322 3086 384 3130 nox
396 3072 518 3136 exhibet
529 3076 707 3149 molestiam,
721 3093 782 3137 non
796 3077 885 3150 tollit,
899 3084 929 3137 et
940 3075 1166 3138 sollicitudines

187 3159 292 3215 mutat.
315 3171 383 3214 nam
396 3157 609 3220 dormientium
623 3177 747 3236 quoque
758 3161 909 3223 insomnia
919 3169 980 3222 tam
992 3160 1167 3223 turbulenta

189 3245 260 3297 sunt
275 3255 365 3313 quam
380 3240 457 3302 dies‘.
480 3243 531 3303 illa
545 3245 746 3318 tranquillitas
762 3260 836 3305 vera
851 3253 911 3318 est,
927 3243 957 3306 io
975 3244 1167 3322 quambene

158 3317 273 3382 tmens
286 3325 465 3399 explicatur.
488 3326 626 3402 Adspice
637 3329 736 3403 illum,
751 3327 800 3390 cui
812 3346 940 3392 somnus
951 3330 1043 3392 laxae
1053 3330 1166 3393 domus

187 3405 307 3468 silentio
320 3409 488 3484 quaeritur,
501 3412 587 3472 cuius
600 3427 690 3472 aures
703 3428 742 3473 ne
757 3414 826 3489 quis
839 3415 931 3488 agitet
943 3431 1052 3489 sonus,
1064 3412 1165 3477 omnis

181 3505 343 3554 serrorum
358 3495 446 3558 turba
461 3496 608 3560 conticuit
621 3504 652 3558 et
663 3512 853 3574 suspensum
866 3498 1082 3563 accedentium
1094 3514 1166 3575 pro·
