2422 3862
262 263 432 325 EPISTUL.
446 262 540 324 Mox.
562 263 633 325 LIB.
644 263 711 324 XV.
730 263 788 324 EP.
799 272 826 326 3.
849 269 921 340 (95.)
1018 265 1081 330 303

99 424 185 489 sunt,
220 421 333 491 quauta
360 413 441 476 circa
466 423 611 491 nepotum
636 418 724 478 locos
749 417 891 478 iuventus
918 419 1078 495 premitur!

98 504 235 563 Transeo
252 515 416 574 puerorum
430 501 594 561 infelicium
609 516 729 576 greges,
746 518 825 577 quos
842 510 913 578 post
926 511 1080 565 transacta
1087 510 1122 564 at

100 584 242 645 convivia
263 585 340 644 aliae
361 584 491 644 cubiculi
512 585 714 645 contumeliae
734 593 923 661 exspectant.
956 593 1079 648 transeo

97 669 221 744 agmina
235 669 424 728 exoletorum
443 684 499 743 per
514 669 655 730 nationes
671 670 855 746 coloresque
868 669 1032 747 descripta,
1049 679 1081 732 ut

97 752 208 812 eadem
225 750 365 812 omnibus
381 754 507 813 laevitas
523 755 570 825 sit,
587 753 694 813 eadem
711 752 826 828 primae
840 770 983 815 mensura
996 757 1079 816 lanu·

96 836 194 912 ginis,
216 836 324 896 cadem
340 837 462 911 species
479 838 673 912 capillorum,
689 852 728 897 ne
744 837 829 914 quis,
845 839 892 899 cui
907 841 1019 899 rectior
1032 846 1081 900 est

99 936 203 995 coma,
237 920 379 994 crispulis
411 921 583 981 misceatur.
620 928 743 981 transeo
778 922 926 996 pistorum
951 921 1079 994 turbam,

95 1013 222 1065 transeo
238 1002 481 1079 ministratorum,
500 1020 554 1080 per
566 1022 645 1080 quos
655 1003 743 1079 siguo
756 1006 827 1067 dato
839 1006 880 1065 ad
891 1006 1079 1066 inserendam

97 1103 226 1148 coenam
252 1088 440 1150 discurritur.
472 1089 502 1148 di
528 1088 616 1162 boni,
650 1095 794 1163 quantum
820 1089 974 1151 hominum
999 1107 1078 1151 unus

96 1179 203 1232 venter
219 1180 357 1232 exercet!
403 1172 501 1245 puina
519 1182 552 1232 tu
570 1174 639 1233 illos
653 1171 790 1248 boletos,
805 1174 1010 1249 voluptarium
1026 1186 1121 1239 vead

96 1271 224 1328 nerum,
249 1255 322 1315 nihil
345 1257 454 1317 occulti
470 1258 573 1332 operis
589 1258 707 1317 iudicas
723 1259 840 1332 lacere,
857 1259 975 1319 etiamsi
992 1274 1078 1334 prae·

97 1341 236 1400 sentanei
252 1357 313 1399 non
331 1340 471 1402 lueruntt
493 1340 589 1416 quid?
609 1349 641 1402 tu
655 1342 736 1401 illam
749 1342 895 1403 aestivam
907 1343 1007 1402 nivem
1018 1359 1079 1404 non

95 1432 186 1499 putas
214 1425 323 1485 callum
349 1423 535 1486 iocineribus
559 1426 735 1486 obduceret
762 1426 856 1500 quid?
888 1425 939 1485 illa
967 1433 1078 1500 ostrea,

95 1508 312 1568 inertissimam
337 1525 460 1569 carnem
486 1526 583 1571 coeno
609 1509 793 1583 saginatam,
823 1508 896 1569 nibil
921 1508 1078 1569 existimas

95 1593 224 1652 limosae
239 1591 396 1667 gravitatis
411 1593 545 1654 interret
561 1593 655 1667 quida
669 1592 743 1652 illud
755 1593 928 1666 „sociorum
941 1598 1078 1667 garum,“

97 1675 263 1750 pretiosam
290 1679 436 1737 malorum
463 1677 594 1752 piscium
618 1676 748 1747 saniem,
776 1692 838 1737 non
864 1675 965 1736 credis
988 1691 1079 1737 urere

96 1760 181 1819 salsa
196 1761 267 1820 tabe
287 1762 490 1837 praecordia?
514 1761 607 1837 quid?
628 1759 679 1820 illa
696 1761 857 1835 purulenta
874 1766 904 1818 ct
920 1775 1000 1834 quae
1013 1766 1077 1819 tan-

96 1852 158 1903 turn
181 1861 241 1904 uon
263 1844 392 1921 abipso
417 1845 487 1919 igne
507 1844 538 1904 in
559 1860 596 1904 os
618 1845 856 1918 transferuntur,
877 1842 996 1903 iudicas
1012 1841 1079 1904 sine

95 1942 178 1986 noxa
202 1929 231 1986 in
259 1929 335 2003 ipsis
361 1929 531 1989 visceribus
556 1926 714 2002 extinguit
751 1943 842 2003 quam
868 1926 950 1987 loedi
976 1927 1079 2002 itaque

94 2012 339 2088 pestilentesque
353 2021 458 2073 ructus
474 2019 561 2088 sunt,
584 2020 728 2087 quantum
751 2011 905 2073 fastidium
921 2011 968 2071 sui
984 2011 1078 2072 exha-

94 2095 228 2156 lantibus
243 2099 400 2173 crapulam
415 2104 565 2158 veterem!
589 2097 671 2157 scias
685 2106 861 2172 putrescere
873 2103 1002 2170 sumpta,
1016 2111 1077 2154 non

96 2182 259 2255 concoqui.
303 2180 426 2241 Memini
448 2183 544 2243 luisse
567 2183 720 2256 quondam
742 2180 771 2241 in
789 2196 931 2241 sermone
946 2180 1120 2242 nobilemuo

94 2263 238 2338 patinam,
251 2266 280 2323 in
295 2282 394 2340 quam,
408 2266 553 2342 quicquid
565 2266 648 2340 apud
660 2268 760 2327 lautos
773 2267 853 2326 solet
864 2265 944 2324 diem
956 2265 1078 2338 ducere,

93 2364 268 2422 properans
289 2349 318 2407 in
341 2350 484 2410 damnum
506 2366 595 2410 suum
613 2349 728 2425 popina
749 2354 964 2424 congesseram
987 2363 1079 2408 vene-

93 2431 160 2490 riae
176 2431 384 2508 spondylique
400 2441 429 2493 et
446 2440 548 2494 ostrea
563 2440 690 2494 eatenus
703 2433 893 2506 circumcisa,
911 2447 971 2506 qua
984 2431 1079 2491 edun·

92 2523 151 2575 tur:
169 2513 437 2574 intervenientibus
459 2515 722 2590 distmguebautur
742 2516 868 2575 echinis.
896 2522 989 2575 totam
1009 2515 1079 2573 torti

94 2597 306 2672 destructique
322 2597 388 2656 sine
403 2598 473 2657 ullis
490 2598 615 2658 ossibus
630 2599 714 2658 mulli
728 2605 969 2657 construxerant.
996 2595 1118 2671 pigeret

94 2684 155 2741 iam
170 2696 242 2741 esse
263 2682 397 2756 singula:
426 2688 575 2757 coguntur
595 2682 625 2741 in
646 2697 740 2741 unum
762 2695 900 2755 sapores.
928 2679 958 2740 in
983 2695 1080 2740 coena

94 2766 144 2839 fit,
169 2767 250 2839 quod
270 2766 336 2825 fieri
357 2765 450 2826 debet
466 2773 570 2827 saturo
585 2766 616 2825 in
632 2771 752 2825 ventre=
781 2771 929 2839 exspecto
951 2764 1026 2838 iam,
1047 2773 1080 2826 ut

94 2851 279 2911 manducata
305 2859 467 2926 ponantur.
504 2850 651 2926 quantulo
680 2855 781 2909 auteur
808 2848 868 2908 hoc
896 2848 996 2910 minus
1022 2858 1078 2922 est,

96 2941 192 2994 testas
217 2951 386 3010 excerpere
411 2941 504 3011 atque
530 2951 605 2995 ossa
625 2941 654 2993 ct
675 2933 809 2993 dentium
830 2949 925 3008 opera
945 2949 1078 3010 coquum

95 3019 203 3092 fungia
229 3035 344 3094 „grave
366 3026 413 3079 est
429 3019 575 3080 luxuriari
592 3033 648 3093 per
664 3017 797 3093 singula:
821 3017 922 3078 omnia
939 3018 1034 3078 semel
1049 3025 1080 3078 ct

94 3102 125 3161 in
142 3104 281 3163 eumdem
297 3120 440 3178 saporem
452 3119 543 3162 versa
555 3109 716 3177 ponantur.
740 3117 836 3177 quare
850 3118 924 3177 ergo
937 3103 1079 3162 adunam

94 3202 161 3245 rem
183 3205 304 3248 manum
326 3189 501 3263 porrigam?
533 3188 622 3261 plura
648 3187 770 3246 veniant
793 3185 891 3246 simul.
917 3186 1079 3248 multorum

96 3272 279 3332 ferculorum
296 3279 474 3333 ornamenta
489 3277 599 3331 coeant
612 3279 643 3330 et
657 3269 870 3330 cohaereant.“
892 3269 996 3330 Sciant
1006 3276 1121 3346 pro-28

95 3354 178 3415 tinus
198 3357 245 3428 hi,
268 3357 319 3432 qui
341 3357 533 3417 iactationem
548 3370 586 3414 ex
603 3353 670 3414 istis
686 3355 748 3429 peti
762 3361 792 3414 et
806 3353 933 3429 gloriam
948 3353 1079 3426 aiebant,
1177 3390 1179 3394 ι

95 3453 159 3498 non
172 3442 293 3501 ostendi
305 3441 372 3516 ista,
385 3441 441 3501 sed
454 3436 662 3499 conscientiae
673 3438 749 3498 dari.
771 3438 905 3514 „pariter
918 3439 986 3511 sint,
999 3452 1079 3511 quae

97 3521 221 3598 disponi
244 3528 359 3600 solent,
380 3541 442 3585 uno
463 3523 528 3583 iure
545 3524 684 3599 'perlusa
713 3521 787 3583 nihil
807 3520 939 3583 intersim
967 3527 1086 3590 ostrea„
