2422 3862
160 245 332 306 EPlsTUL.
345 244 440 305 Μοιι.
461 244 534 308 LIB.
553 244 616 304 xx.
638 243 695 303 ΕΡ.
711 253 770 305 aa.
787 247 944 319 (neura)
986 243 1048 307 393

65 406 128 469 εει,
145 411 214 456 cum
229 395 306 454 haec
322 410 382 454 non
398 393 480 454 sintt
505 395 660 469 quomodo
676 394 716 454 ad
731 394 819 454 aliam
833 395 1048 470 proprietatem

64 479 219 555 pervenit,
238 493 306 538 cum
321 478 442 552 utrique
459 476 657 552 praecipuum
671 478 745 538 illud
757 493 916 539 commune
927 479 981 552 sit,
999 495 1049 540 se-

65 564 198 624 cundum
219 569 357 622 naturam
380 566 497 620 esset“
525 562 599 634 lpsa
613 561 731 622 scilicet
745 562 962 636 magnitudine.
992 579 1049 622 neo
1058 571 1090 625 14

63 647 124 706 hoc
147 661 259 706 novum
285 652 333 705 est
354 645 504 719 quaedam
529 646 699 705 crescendo
719 646 838 705 mutari.
865 647 969 705 Infans
985 647 1049 706 luit.

64 733 165 790 lactus
180 737 228 789 est
243 729 356 803 pubes:
388 728 449 787 alia
463 727 530 787 eius
550 729 723 804 proprietas
735 729 778 788 lit.
806 728 858 789 ille
874 728 955 789 enim
968 727 1047 789 inr'a·

64 813 187 873 tionalis
204 819 266 883 est,
281 811 331 871 hic
342 812 510 872 rationalis.
533 811 689 884 Quaedam
704 811 891 873 incremento
906 828 967 872 non
983 822 1049 874 tan·

63 903 127 957 tum
141 897 171 956 in
187 895 285 955 maius
300 903 428 967 exeunt,
443 895 499 955 sed
512 896 542 955 in
552 896 646 957 aliud.
662 896 749 970 „Non
766 897 814 968 fit,
831 896 943 970 inquit,
959 898 1050 972 aliud,
1058 907 1092 959 15

65 981 150 1056 quod
170 979 268 1038 maius
289 979 332 1039 lit.
367 987 467 1039 utrum
487 981 627 1053 lagenam
648 996 687 1038 an
703 980 817 1040 dolium
832 981 952 1056 inpleas
968 982 1049 1055 vino,

63 1065 137 1123 nibil
156 1063 264 1122 refert:
286 1063 317 1121 in
339 1069 472 1136 utroque
492 1063 665 1138 proprietas
685 1063 747 1122 vini
768 1070 824 1124 est.
854 1071 885 1124 et
905 1063 1050 1139 exiguum

62 1148 161 1207 mellis
184 1147 307 1221 pondus
329 1153 359 1206 et
378 1161 522 1219 magnum
544 1162 659 1221 sapore
675 1163 736 1207 non
755 1147 886 1207 differt.“
920 1147 1051 1208 Diversa

63 1232 155 1305 ponis
171 1231 328 1303 exempla:
358 1229 388 1287 in
406 1228 474 1289 istis
490 1229 570 1288 enim
585 1230 694 1289 eadem
709 1231 839 1305 qualitas
856 1239 912 1291 est.
944 1248 1049 1307 quarn-

62 1316 111 1374 vis
135 1320 318 1388 augeantur,
339 1320 463 1374 manet.
488 1312 644 1385 Quaedam
664 1315 849 1389 amplificata
869 1315 899 1373 in
922 1331 979 1376 suo
998 1331 1049 1391 ge·
1058 1319 1092 1374 16

62 1413 137 1457 nere
152 1400 226 1458 etin
241 1413 298 1456 sua
313 1395 500 1471 proprietate
510 1397 686 1471 perdurant.
709 1399 860 1472 quaedam
872 1407 943 1472 post
957 1402 1049 1459 multa

62 1482 250 1541 incrementa
271 1481 375 1540 ultima
396 1479 519 1540 demum
539 1483 628 1541 vertit
655 1481 786 1542 adiectio
809 1488 839 1540 et
859 1497 971 1541 novam
990 1483 1049 1541 illis

62 1565 216 1639 aliamque
246 1579 336 1639 quam
358 1563 389 1622 in
415 1581 477 1638 qua
503 1565 638 1636 luerunt,
666 1565 879 1624 condicionem
907 1565 1049 1639 inprimit.
1146 1615 1152 1628 .,

61 1650 150 1709 Unus
165 1649 244 1722 lapis
260 1648 332 1707 lacit
347 1648 510 1721 fornicem,
526 1648 591 1720 ille,
610 1647 662 1722 qui
677 1648 771 1707 latera
783 1647 926 1708 inclinata
938 1663 1049 1718 cuneaf

61 1734 106 1791 vit
129 1740 158 1792 et
173 1733 345 1792 interventu
366 1748 424 1791 suo
446 1729 553 1791 vinxit.
584 1730 709 1792 Summa
725 1732 857 1792 adiectio
873 1748 969 1806 quare
981 1733 1052 1806 plu-

61 1817 170 1875 rimum
196 1815 268 1876 lacit
293 1816 340 1875 vel
366 1817 499 1891 exigua?
526 1831 588 1875 non
609 1815 705 1893 [quia]
727 1823 830 1890 auget,
860 1817 918 1877 sed
943 1816 1048 1890 inplet.

62 1900 219 1972 Quaedam
242 1915 393 1974 processu
415 1897 549 1974 priorem
570 1907 686 1960 exuunt
704 1900 832 1960 sormam
847 1901 920 1960 etin
938 1903 1091 1960 novamli
1121 1967 1123 1972 .

61 1992 235 2044 transeunt:
257 1983 309 2043 ubi
331 1982 449 2058 aliquid
469 1983 588 2043 animus
610 1984 662 2043 diu
684 1985 810 2058 protulit
824 1993 854 2045 et
867 1983 1048 2058 magnitudi·
1172 1997 1174 2002 ·

61 2082 132 2126 nem
153 2068 220 2127 eius
241 2068 402 2143 sequendo
420 2068 554 2128 lassatus
569 2077 629 2141 est,
652 2067 802 2129 inlinitum
817 2069 920 2142 coepit
933 2068 1048 2129 vocari.

63 2153 148 2225 quod
164 2153 255 2226 longe
270 2152 352 2212 aliud
367 2152 478 2212 lactum
495 2159 542 2213 est
557 2168 649 2228 quam
665 2152 736 2223 fuit,
764 2168 833 2212 cum
847 2169 989 2226 magnum
1004 2151 1048 2210 vi-

62 2236 199 2308 deretur,
224 2237 280 2295 sed
299 2234 425 2295 finitum.
455 2237 565 2297 eodem
580 2238 673 2298 modo
689 2236 804 2311 aliquid
821 2236 985 2297 difficulter
1001 2251 1049 2297 se-

62 2319 126 2378 cari
152 2318 370 2392 cogitavimus:
400 2321 568 2380 novissime
597 2328 755 2381 crescente
783 2321 842 2381 hac
870 2320 1050 2381 difficultate

61 2402 286 2460 insecabile
300 2401 456 2461 inventurn
476 2412 532 2464 est.
555 2405 601 2465 sic
616 2405 654 2464 ab
672 2421 726 2477 eo,
746 2405 831 2479 quod
848 2405 898 2463 vix
914 2411 944 2463 et
958 2418 1049 2476 aegre

61 2484 259 2554 movebatur,
282 2485 493 2557 processimus
509 2488 547 2546 ad
572 2487 770 2547 inmobile.
800 2488 915 2546 Eadem
931 2486 1050 2545 ratione

61 2566 176 2641 aliquid
193 2567 405 2627 secundum
419 2576 593 2628 naturam
608 2570 679 2631 luit:
696 2569 796 2628 hocin
808 2570 897 2628 aliam
912 2567 1050 2643 proprie·

61 2658 154 2711 tatem
166 2648 345 2724 magnitudo
358 2666 414 2710 sua
426 2653 578 2712 transtulit
592 2659 623 2712 et
635 2653 773 2713 bonum
789 2652 868 2712 lecit.
883 2650 947 2689 ***
961 2651 1050 2710 Vale.

359 2787 576 2846 EPISTULA
599 2790 633 2844 11.
658 2789 748 2860 (119.)

324 2881 435 2935 Seneca
451 2883 563 2933 Lucumo
581 2894 633 2932 suo
652 2894 792 2936 snrurau.

47 3050 48 3053 ,
148 2986 294 3059 Quotiens
309 2987 425 3062 aliquid
442 2985 560 3056 inveni,
580 3001 642 3044 non
659 2990 824 3058 exspecto,
847 2983 948 3042 donec
963 2982 1076 3042 dicasl

61 3070 112 3143 „in
131 3077 308 3129 commune!
318 3074 336 3102 ⁴‘
358 3071 428 3144 ipse
439 3069 511 3128 mibi
524 3067 604 3129 dico.
628 3067 706 3141 Quid
719 3068 766 3141 sit
782 3065 867 3142 quod
881 3066 1050 3126 invenerim

63 3152 209 3227 quaeris?
247 3154 347 3212 sinum
376 3154 462 3225 laxa,
491 3168 607 3211 merum
637 3153 753 3211 lucrum
783 3157 839 3210 εει.
883 3149 1050 3220 docebo,

63 3238 257 3309 quomodo
283 3235 374 3294 lieri
400 3236 514 3295 dives
540 3234 748 3294 celerrime
775 3233 922 3309 possis.
959 3247 1051 3307 quam

62 3319 154 3377 valde
166 3321 254 3394 cupis
266 3319 388 3379 audire!
413 3333 469 3378 nec
486 3319 642 3379 inmerito:
665 3318 705 3377 ad
719 3318 868 3377 maximas
884 3322 914 3375 te
930 3315 1051 3374 divitias

63 3403 283 3474 conpendiaria
303 3403 424 3462 ducam.
456 3417 536 3476 opus
557 3402 614 3463 erit
631 3409 732 3462 tamen
754 3400 807 3460 tibi
828 3399 994 3459 creditore.
1018 3403 1062 3451 us

62 3485 212 3558 negotiari
226 3487 347 3560 possis,
362 3501 417 3546 aes
433 3485 565 3547 alienum
579 3486 680 3548 iacias
693 3490 840 3562 oportetz
853 3479 1083 3544 sennonem
