2422 3862
217 204 386 264 EPISTUL.
402 203 496 264 Mon.
519 204 591 264 LlB.
603 204 669 264 XV.
692 203 749 263 ΕΡ.
760 213 787 264 2.
809 212 822 279 (
859 208 880 276 .)
978 201 1040 267 297

57 357 233 429 crescendi,
257 372 326 418 cnm
347 355 406 416 sibi
420 355 473 417 uni
489 372 595 431 parum
611 372 739 431 magnus
753 357 917 418 videretur.
963 359 1041 432 Quid

57 443 221 502 Caesarem
236 441 267 499 in
284 457 341 501 sua
357 441 418 501 fata
432 441 545 515 pariter
560 456 596 500 ac
609 439 732 515 publica
744 441 878 501 inmisit?
898 442 996 516 gloria
1012 451 1042 504 et

56 526 180 584 ambitio
196 531 226 584 et
242 524 343 584 nullus
365 541 461 600 supra
481 531 601 584 ceteros
623 524 778 584 eminendi
798 525 917 587 modus.
945 542 1040 586 unum

56 617 126 668 ante
142 625 177 668 se
195 610 274 668 ferre
290 625 351 669 non
368 606 479 682 potuit,
504 623 571 668 cum
591 608 765 683 respublica
787 625 882 683 supra
901 624 936 670 se
960 611 1040 671 dnos

57 696 158 752 ferret.
204 692 297 765 Quid,
320 700 352 752 tu
368 692 401 750 G.
417 692 545 752 Marium
559 693 655 752 semel
672 695 838 767 consulem,
854 710 945 753 unum
961 695 1040 754 enim
1048 695 1083 751 66

56 777 249 837 consulatum
269 777 402 851 accepit,
428 782 547 835 ceteros
568 776 681 851 rapuit,
702 792 771 836 cum
792 778 948 839 Teutonos
964 778 1040 837 Cim·

56 863 195 936 brosque
216 860 405 932 concideret,
427 875 496 920 cum
510 859 683 934 Iugurtham
707 876 763 935 per
775 859 898 920 Africae
920 862 1042 922 deserta

57 952 249 1020 sequeretur,
265 951 309 1005 tot
325 944 459 1018 pericula
474 951 563 1018 putas
579 944 736 1018 adpetisse
747 945 866 1005 virtutis
877 945 1043 1006 instinctu?

55 1028 171 1088 illarius
203 1028 371 1101 exercitus,
403 1027 531 1087 lllarium
558 1027 679 1088 ambitio
706 1029 846 1088 ducebat.
890 1030 944 1091 Isti
973 1041 1082 1097 cumen

57 1112 162 1173 omnia
183 1118 396 1184 concuterent,
418 1111 669 1175 concutiebantur
688 1113 841 1172 turbinum
863 1130 963 1187 more,
990 1112 1041 1188 qni

55 1204 145 1271 rapta
157 1198 353 1269 convolvunt,
365 1195 421 1255 sed
434 1194 495 1270 ipsi
507 1202 577 1255 ante
591 1197 753 1256 volvuntur
765 1204 795 1255 et
806 1195 845 1256 ob
857 1196 916 1257 hoc
927 1198 1041 1258 maiore

56 1283 163 1354 inpetu
179 1279 343 1353 incurrunt,
361 1280 432 1354 quia
444 1280 559 1340 nullum
570 1278 630 1340 illis
642 1280 688 1339 sui
700 1278 835 1354 regimen
849 1288 896 1341 est
908 1282 1041 1356 ideoque

56 1380 126 1424 eum
145 1365 246 1424 multis
263 1364 384 1425 luerunt
398 1365 494 1438 malo,
515 1362 692 1439 pestiferam
707 1364 788 1424 illam
804 1363 879 1437 vim,
897 1382 959 1440 qua
976 1367 1040 1438 ple-

55 1448 164 1523 risque
184 1454 367 1520 nocuerunt,
394 1448 454 1521 ipsi
475 1463 601 1523 quoque
621 1449 764 1509 sentiunt.
807 1447 874 1506 Non
891 1456 939 1508 est
957 1448 1041 1522 quod

56 1532 167 1591 credas
184 1548 369 1607 quemquam
384 1531 451 1591 lieri
465 1532 566 1593 aliena
579 1532 755 1592 infelicitate
769 1531 897 1590 felicem.
935 1530 1082 1590 Omniatlb

55 1615 116 1677 ista
130 1618 285 1691 exempla,
310 1631 389 1690 quae
405 1617 502 1677 oculis
519 1624 611 1690 atque
625 1614 751 1676 auribus
769 1613 883 1674 nostris
899 1614 1039 1689 ingerun-

58 1709 119 1771 tur,
141 1700 309 1759 retexenda
330 1706 402 1759 sunt
422 1707 452 1760 et
473 1701 595 1774 plenum
618 1700 705 1759 malis
721 1697 915 1759 sermonibus
930 1704 1040 1774 pectus

57 1783 313 1844 exhauriendum:
343 1783 518 1844 inducenda
541 1785 572 1843 in
599 1791 782 1859 occupatum
806 1783 907 1842 locum
935 1782 1040 1856 virtuS,

58 1882 138 1941 quoe
153 1869 312 1928 mendacia
328 1875 357 1926 ει
372 1876 479 1927 cotnra
494 1883 598 1927 verum
613 1867 765 1942 placentia
781 1867 944 1941 exstirpet,
960 1880 1041 1940 quac

57 1967 116 2010 nos
141 1969 159 2010 a
182 1954 310 2027 populo,
338 1952 386 2011 cni
408 1952 496 2010 nimis
519 1952 687 2024 credimus,
712 1958 835 2026 separet
854 1966 890 2009 ac
913 1950 1040 2010 sinceris

58 2033 254 2109 opinionibus
275 2036 392 2095 reddat.
420 2034 479 2096 boc
501 2042 548 2095 εει
569 2034 648 2094 enim
669 2034 835 2110 sapientia,
857 2034 887 2093 in
903 2041 1041 2094 naturam

57 2120 194 2179 converti
217 2128 246 2180 ει
269 2135 306 2179 eo
333 2120 464 2191 restitui,
491 2120 573 2180 unde
599 2117 741 2194 publicus
768 2135 855 2179 error
880 2117 1040 2193 expulerit.

56 2203 168 2277 llllagna
183 2220 255 2278 pars
271 2202 409 2264 sanitatis
424 2210 472 2263 est
485 2203 658 2265 hortatores
679 2203 817 2264 insaniae
832 2200 996 2278 reliquisse
1011 2200 1040 2260 in
1050 2203 1085 2262 69

57 2289 115 2346 isto
138 2287 220 2347 coitu
242 2287 371 2347 invicem
393 2288 487 2348 noxio
509 2294 558 2360 [el]
581 2289 689 2363 procul
705 2288 819 2348 abisse.
847 2287 908 2346 hoc
923 2294 956 2348 ut
970 2301 1042 2346 esse

58 2387 164 2430 verum
181 2372 277 2444 scias,
298 2371 441 2446 adspice,
464 2378 579 2446 quanto
595 2371 681 2433 aliter
695 2372 911 2446 unnsquisque
926 2372 1041 2445 populo

55 2455 148 2524 vivat,
168 2453 254 2514 aliter
270 2453 337 2512 sibi.
360 2463 484 2515 nonest
505 2471 559 2529 per
575 2471 610 2515 se
625 2456 770 2530 magistra
783 2455 977 2515 innocentiae
992 2469 1042 2512 so-

56 2537 153 2597 litudo
180 2551 238 2594 nec
262 2537 463 2609 frugalitatem
486 2538 599 2603 docent
622 2555 708 2609 rura,
735 2538 792 2598 sed
815 2538 867 2598 nbi
892 2537 979 2596 testis
1006 2551 1043 2594 ac
1120 2590 1124 2595 .

57 2626 216 2696 spectator
231 2618 393 2693 abscessit,
409 2620 480 2678 vilia
495 2619 672 2692 subsidunt,
690 2636 820 2694 quorum
835 2619 998 2679 monstrari
1013 2625 1044 2678 et
1108 2680 1112 2683 .

56 2704 196 2778 conspici
218 2705 334 2763 fructus
357 2711 413 2764 est.
458 2703 531 2776 Quis
553 2719 636 2776 eam,
660 2720 750 2778 quam
765 2704 839 2765 nulli
858 2703 1087 2777 ostenderctlft

57 2788 155 2848 induit
177 2794 365 2863 purpuram?
393 2788 463 2863 quis
486 2788 589 2863 posuit
603 2794 754 2848 secretam
768 2789 798 2848 in
817 2804 890 2849 auro
908 2787 1042 2861 dapemt

58 2873 127 2948 quis
149 2873 206 2932 sub
228 2872 356 2933 alicuius
378 2873 498 2933 arboris
512 2872 646 2943 rusticae
662 2871 818 2948 proiectus
833 2871 941 2932 umbra
955 2872 1042 2931 luxu-

57 2956 121 3015 riae
150 2973 225 3017 suae
252 2973 395 3032 pompam
422 2959 508 3017 solus
534 2956 701 3032 explicant
735 2973 824 3018 nemo
851 2956 948 3017 oculis
977 2957 1042 3016 suis

59 3043 157 3101 lautus
174 3049 236 3114 est,
252 3057 290 3100 ne
306 3056 474 3116 paucorum
490 3041 613 3116 quidem
628 3049 680 3102 aut
694 3041 894 3110 familiarium,
917 3040 973 3100 scd
989 3041 1042 3111 ad-

57 3131 196 3199 paratum
226 3125 364 3185 vitiorum
393 3141 518 3186 suorum
546 3142 603 3201 pro
630 3126 723 3185 modo
744 3126 851 3186 turbae
875 3125 1042 3198 spectantis

57 3209 214 3282 expandit.
251 3211 295 3269 Ita
311 3217 374 3269 est=
397 3208 619 3269 inritamentum
635 3218 683 3269 est
697 3210 841 3281 omnium,
857 3209 886 3266 in
905 3223 985 3281 quae
999 3208 1082 3268 in-ft

57 3293 204 3365 sanimus
220 3293 385 3353 admirator
400 3299 429 3352 et
444 3291 604 3353 conscius=
627 3308 666 3352 ne
682 3292 955 3367 concupiscamus,
977 3291 1042 3350 effi-

59 3376 134 3448 cies,
151 3379 177 3436 si
192 3392 231 3435 ne
252 3377 451 3436 ostendamus
466 3374 616 3436 effeceris.
638 3374 760 3437 ambitio
776 3384 806 3436 ει
820 3375 941 3434 luxuria
956 3381 985 3434 et
999 3374 1042 3431 in-

60 3462 198 3535 potentia
214 3474 338 3520 scenam
353 3458 545 3520 desiderant:
568 3456 692 3519 sanabis
707 3457 775 3530 ista,
792 3458 821 3518 sl
831 3455 1042 3517 absconderis.
