<?xml version="1.0" encoding="UTF-8"?>
<!DOCTYPE html PUBLIC "-//W3C//DTD XHTML 1.0 Transitional//EN"
    "http://www.w3.org/TR/xhtml1/DTD/xhtml1-transitional.dtd">
<html xmlns="http://www.w3.org/1999/xhtml" xml:lang="en" lang="en">
 <head>
  <title>
</title>
<meta http-equiv="Content-Type" content="text/html;charset=utf-8" />
  <meta name='ocr-system' content='tesseract 3.04.00' />
  <meta name='ocr-capabilities' content='ocr_page ocr_carea ocr_par ocr_line ocrx_word'/>
</head>
<body>
  <div class='ocr_page' id='page_1' title='image "./lannaeisenecaeo06senegoog_0072.png"; bbox 0 0 2422 3862; ppageno 0'>
   <div class='ocr_carea' id='block_1_1' title="bbox 216 229 1069 304">
    <p class='ocr_par' dir='ltr' id='par_1_1' title="bbox 216 229 1069 304">
     <span class='ocr_line' id='line_1_1' title="bbox 216 229 1069 304; baseline 0.006 -15"><span class='ocrx_word' id='word_1_1' title='bbox 216 229 391 293; x_wconf 86' lang='lat' dir='ltr'>EPlSTUL.</span> <span class='ocrx_word' id='word_1_2' title='bbox 403 229 497 292; x_wconf 77' lang='lat' dir='ltr'>Mea.</span> <span class='ocrx_word' id='word_1_3' title='bbox 519 231 592 291; x_wconf 89' lang='lat' dir='ltr'>LlB.</span> <span class='ocrx_word' id='word_1_4' title='bbox 606 230 642 290; x_wconf 91' lang='lat' dir='ltr'>ll.</span> <span class='ocrx_word' id='word_1_5' title='bbox 664 231 720 290; x_wconf 88' lang='grc' dir='ltr'>ΕΡ.</span> <span class='ocrx_word' id='word_1_6' title='bbox 734 239 761 292; x_wconf 75' lang='lat' dir='ltr'>l.</span> <span class='ocrx_word' id='word_1_7' title='bbox 776 241 802 292; x_wconf 80' lang='lat'>5.</span> <span class='ocrx_word' id='word_1_8' title='bbox 817 239 873 304; x_wconf 82' lang='lat'>(16.</span> <span class='ocrx_word' id='word_1_9' title='bbox 887 235 943 299; x_wconf 81' lang='grc'>17.)</span> <span class='ocrx_word' id='word_1_10' title='bbox 1028 229 1069 294; x_wconf 87' lang='grc'>37</span> 
     </span>
    </p>
   </div>
   <div class='ocr_carea' id='block_1_2' title="bbox 41 381 1171 3149">
    <p class='ocr_par' dir='ltr' id='par_1_2' title="bbox 93 381 1067 458">
     <span class='ocr_line' id='line_1_2' title="bbox 93 381 1067 458; baseline 0 -15"><span class='ocrx_word' id='word_1_11' title='bbox 93 398 157 443; x_wconf 88' lang='lat' dir='ltr'>tunc</span> <span class='ocrx_word' id='word_1_12' title='bbox 170 398 221 442; x_wconf 87' lang='lat' dir='ltr'>me</span> <span class='ocrx_word' id='word_1_13' title='bbox 234 389 331 443; x_wconf 91' lang='lat' dir='ltr'>totum</span> <span class='ocrx_word' id='word_1_14' title='bbox 343 381 557 457; x_wconf 81' lang='lat' dir='ltr'>philosophiae</span> <span class='ocrx_word' id='word_1_15' title='bbox 569 381 681 441; x_wconf 83' lang='lat' dir='ltr'>dabo.“</span> <span class='ocrx_word' id='word_1_16' title='bbox 698 382 781 456; x_wconf 88' lang='lat' dir='ltr'>atqui</span> <span class='ocrx_word' id='word_1_17' title='bbox 793 381 864 440; x_wconf 91' lang='lat' dir='ltr'>nihil</span> <span class='ocrx_word' id='word_1_18' title='bbox 879 383 962 456; x_wconf 92' lang='lat' dir='ltr'>prius</span> <span class='ocrx_word' id='word_1_19' title='bbox 976 400 1067 458; x_wconf 89' lang='lat' dir='ltr'>quam</span> 
     </span>
    </p>

    <p class='ocr_par' dir='ltr' id='par_1_3' title="bbox 41 463 1095 877">
     <span class='ocr_line' id='line_1_3' title="bbox 41 463 1066 542; baseline -0.003 -17"><span class='ocrx_word' id='word_1_20' title='bbox 41 486 43 509; x_wconf 78' lang='lat'>=</span> <span class='ocrx_word' id='word_1_21' title='bbox 94 468 145 527; x_wconf 90' lang='lat' dir='ltr'>loc</span> <span class='ocrx_word' id='word_1_22' title='bbox 160 467 335 542; x_wconf 91' lang='lat' dir='ltr'>parandum</span> <span class='ocrx_word' id='word_1_23' title='bbox 351 473 414 540; x_wconf 89' lang='lat' dir='ltr'>est,</span> <span class='ocrx_word' id='word_1_24' title='bbox 439 466 523 541; x_wconf 92' lang='lat' dir='ltr'>quod</span> <span class='ocrx_word' id='word_1_25' title='bbox 539 474 570 526; x_wconf 92' lang='lat' dir='ltr'>tu</span> <span class='ocrx_word' id='word_1_26' title='bbox 587 463 693 526; x_wconf 84' lang='lat' dir='ltr'>differs</span> <span class='ocrx_word' id='word_1_27' title='bbox 712 473 741 526; x_wconf 92' lang='lat' dir='ltr'>et</span> <span class='ocrx_word' id='word_1_28' title='bbox 756 475 828 541; x_wconf 89' lang='lat' dir='ltr'>post</span> <span class='ocrx_word' id='word_1_29' title='bbox 843 474 944 526; x_wconf 88' lang='lat' dir='ltr'>cetera</span> <span class='ocrx_word' id='word_1_30' title='bbox 959 483 1066 541; x_wconf 83' lang='lat' dir='ltr'>paras:</span> 
     </span>
     <span class='ocr_line' id='line_1_4' title="bbox 95 548 1067 626; baseline 0 -17"><span class='ocrx_word' id='word_1_31' title='bbox 95 551 206 611; x_wconf 89' lang='lat' dir='ltr'>abhoc</span> <span class='ocrx_word' id='word_1_32' title='bbox 227 548 439 626; x_wconf 90' lang='lat' dir='ltr'>incipiendum</span> <span class='ocrx_word' id='word_1_33' title='bbox 460 558 516 610; x_wconf 88' lang='lat' dir='ltr'>est.</span> <span class='ocrx_word' id='word_1_34' title='bbox 554 548 699 623; x_wconf 87' lang='lat' dir='ltr'>„Parare,</span> <span class='ocrx_word' id='word_1_35' title='bbox 724 550 840 625; x_wconf 86' lang='lat' dir='ltr'><strong>inquis,</strong></span> <span class='ocrx_word' id='word_1_36' title='bbox 862 550 945 610; x_wconf 89' lang='lat' dir='ltr'>unde</span> <span class='ocrx_word' id='word_1_37' title='bbox 968 550 1067 611; x_wconf 86' lang='lat' dir='ltr'>vivam</span> 
     </span>
     <span class='ocr_line' id='line_1_5' title="bbox 96 632 1066 709; baseline 0.001 -16"><span class='ocrx_word' id='word_1_38' title='bbox 96 637 192 696; x_wconf 84' lang='lat' dir='ltr'>volo.“</span> <span class='ocrx_word' id='word_1_39' title='bbox 211 637 310 697; x_wconf 90' lang='lat' dir='ltr'>Simul</span> <span class='ocrx_word' id='word_1_40' title='bbox 323 643 353 695; x_wconf 91' lang='lat' dir='ltr'>et</span> <span class='ocrx_word' id='word_1_41' title='bbox 364 644 393 695; x_wconf 85' lang='lat' dir='ltr'>te</span> <span class='ocrx_word' id='word_1_42' title='bbox 403 648 513 709; x_wconf 90' lang='lat' dir='ltr'>parare</span> <span class='ocrx_word' id='word_1_43' title='bbox 526 632 627 692; x_wconf 89' lang='lat' dir='ltr'>disce:</span> <span class='ocrx_word' id='word_1_44' title='bbox 641 632 877 707; x_wconf 87' lang='lat' dir='ltr'>siquidtevetat</span> <span class='ocrx_word' id='word_1_45' title='bbox 888 634 967 694; x_wconf 88' lang='lat' dir='ltr'>bene</span> <span class='ocrx_word' id='word_1_46' title='bbox 981 633 1066 694; x_wconf 86' lang='lat' dir='ltr'>vive-</span> 
     </span>
     <span class='ocr_line' id='line_1_6' title="bbox 96 717 1095 793; baseline 0.001 -15"><span class='ocrx_word' id='word_1_47' title='bbox 96 735 130 791; x_wconf 87' lang='lat' dir='ltr'>re,</span> <span class='ocrx_word' id='word_1_48' title='bbox 144 720 226 779; x_wconf 91' lang='lat' dir='ltr'>bene</span> <span class='ocrx_word' id='word_1_49' title='bbox 241 719 319 779; x_wconf 92' lang='lat' dir='ltr'>mori</span> <span class='ocrx_word' id='word_1_50' title='bbox 336 734 397 778; x_wconf 94' lang='lat' dir='ltr'>non</span> <span class='ocrx_word' id='word_1_51' title='bbox 413 725 502 777; x_wconf 89' lang='lat' dir='ltr'>vetat.</span> <span class='ocrx_word' id='word_1_52' title='bbox 537 717 603 776; x_wconf 90' lang='lat' dir='ltr'>Non</span> <span class='ocrx_word' id='word_1_53' title='bbox 621 725 677 790; x_wconf 89' lang='lat' dir='ltr'>est,</span> <span class='ocrx_word' id='word_1_54' title='bbox 693 717 776 791; x_wconf 91' lang='lat' dir='ltr'>quod</span> <span class='ocrx_word' id='word_1_55' title='bbox 791 727 957 793; x_wconf 76' lang='lat' dir='ltr'><strong>paupertas</strong></span> <span class='ocrx_word' id='word_1_56' title='bbox 975 735 1033 780; x_wconf 91' lang='lat' dir='ltr'>nos</span> <span class='ocrx_word' id='word_1_57' title='bbox 1049 724 1095 779; x_wconf 81' lang='lat' dir='ltr'>aa</span> 
     </span>
     <span class='ocr_line' id='line_1_7' title="bbox 98 799 1067 877; baseline 0.002 -16"><span class='ocrx_word' id='word_1_58' title='bbox 98 803 291 877; x_wconf 86' lang='lat' dir='ltr'>philosophia</span> <span class='ocrx_word' id='word_1_59' title='bbox 308 808 451 873; x_wconf 87' lang='lat' dir='ltr'>revocet,</span> <span class='ocrx_word' id='word_1_60' title='bbox 480 817 519 860; x_wconf 97' lang='lat' dir='ltr'>ne</span> <span class='ocrx_word' id='word_1_61' title='bbox 541 809 664 875; x_wconf 77' lang='lat' dir='ltr'>egestas</span> <span class='ocrx_word' id='word_1_62' title='bbox 685 799 817 876; x_wconf 90' lang='lat' dir='ltr'>quidem.</span> <span class='ocrx_word' id='word_1_63' title='bbox 840 803 999 863; x_wconf 87' lang='lat' dir='ltr'>toleranda</span> <span class='ocrx_word' id='word_1_64' title='bbox 1020 811 1067 863; x_wconf 89' lang='lat' dir='ltr'>est</span> 
     </span>
    </p>

    <p class='ocr_par' dir='ltr' id='par_1_4' title="bbox 41 878 1067 1214">
     <span class='ocr_line' id='line_1_8' title="bbox 41 878 1067 961; baseline 0 -15"><span class='ocrx_word' id='word_1_65' title='bbox 41 878 44 955; x_wconf 67' lang='grc' dir='ltr'><strong><em>ῗ</em></strong></span> <span class='ocrx_word' id='word_1_66' title='bbox 97 886 167 946; x_wconf 88' lang='lat' dir='ltr'>enim</span> <span class='ocrx_word' id='word_1_67' title='bbox 183 887 225 947; x_wconf 92' lang='lat' dir='ltr'>ad</span> <span class='ocrx_word' id='word_1_68' title='bbox 240 885 300 946; x_wconf 91' lang='lat' dir='ltr'>hoc</span> <span class='ocrx_word' id='word_1_69' title='bbox 322 884 558 960; x_wconf 81' lang='lat' dir='ltr'>properantibus</span> <span class='ocrx_word' id='word_1_70' title='bbox 582 886 628 944; x_wconf 93' lang='lat' dir='ltr'>vel</span> <span class='ocrx_word' id='word_1_71' title='bbox 650 885 761 954; x_wconf 84' lang='lat' dir='ltr'>sames,</span> <span class='ocrx_word' id='word_1_72' title='bbox 788 902 878 961; x_wconf 89' lang='lat' dir='ltr'>quam</span> <span class='ocrx_word' id='word_1_73' title='bbox 898 889 1067 947; x_wconf 77' lang='lat' dir='ltr'>toleravere</span> 
     </span>
     <span class='ocr_line' id='line_1_9' title="bbox 97 969 1066 1047; baseline -0.002 -16"><span class='ocrx_word' id='word_1_74' title='bbox 97 970 213 1046; x_wconf 85' lang='lat' dir='ltr'>quidam</span> <span class='ocrx_word' id='word_1_75' title='bbox 230 971 261 1030; x_wconf 90' lang='lat' dir='ltr'>in</span> <span class='ocrx_word' id='word_1_76' title='bbox 278 969 504 1030; x_wconf 88' lang='lat' dir='ltr'>obsidionibus.</span> <span class='ocrx_word' id='word_1_77' title='bbox 531 977 561 1030; x_wconf 92' lang='lat' dir='ltr'>et</span> <span class='ocrx_word' id='word_1_78' title='bbox 575 969 660 1044; x_wconf 90' lang='lat' dir='ltr'>quod</span> <span class='ocrx_word' id='word_1_79' title='bbox 674 969 838 1030; x_wconf 88' lang='lat' dir='ltr'>aliud-erat</span> <span class='ocrx_word' id='word_1_80' title='bbox 852 971 932 1031; x_wconf 92' lang='lat' dir='ltr'>illius</span> <span class='ocrx_word' id='word_1_81' title='bbox 951 972 1066 1047; x_wconf 91' lang='lat' dir='ltr'>patien-</span> 
     </span>
     <span class='ocr_line' id='line_1_10' title="bbox 96 1052 1067 1130; baseline 0 -17"><span class='ocrx_word' id='word_1_82' title='bbox 96 1057 147 1114; x_wconf 88' lang='lat' dir='ltr'>tiae</span> <span class='ocrx_word' id='word_1_83' title='bbox 168 1053 341 1130; x_wconf 91' lang='lat' dir='ltr'>praemium</span> <span class='ocrx_word' id='word_1_84' title='bbox 363 1069 454 1129; x_wconf 87' lang='lat' dir='ltr'>quam</span> <span class='ocrx_word' id='word_1_85' title='bbox 475 1054 505 1112; x_wconf 94' lang='lat' dir='ltr'>in</span> <span class='ocrx_word' id='word_1_86' title='bbox 528 1052 684 1113; x_wconf 80' lang='lat' dir='ltr'>arbitrium</span> <span class='ocrx_word' id='word_1_87' title='bbox 705 1069 766 1112; x_wconf 95' lang='lat' dir='ltr'>non</span> <span class='ocrx_word' id='word_1_88' title='bbox 787 1055 899 1115; x_wconf 88' lang='lat' dir='ltr'>cadere</span> <span class='ocrx_word' id='word_1_89' title='bbox 919 1055 1067 1116; x_wconf 78' lang='lat' dir='ltr'>victorist</span> 
     </span>
     <span class='ocr_line' id='line_1_11' title="bbox 96 1138 1064 1214; baseline -0.001 -14"><span class='ocrx_word' id='word_1_90' title='bbox 96 1148 204 1214; x_wconf 89' lang='lat' dir='ltr'>quanto</span> <span class='ocrx_word' id='word_1_91' title='bbox 223 1139 284 1199; x_wconf 92' lang='lat' dir='ltr'>hoc</span> <span class='ocrx_word' id='word_1_92' title='bbox 299 1139 397 1198; x_wconf 89' lang='lat' dir='ltr'>maius</span> <span class='ocrx_word' id='word_1_93' title='bbox 412 1145 475 1211; x_wconf 87' lang='lat' dir='ltr'>est,</span> <span class='ocrx_word' id='word_1_94' title='bbox 492 1155 559 1213; x_wconf 62' lang='lat' dir='ltr'>,quo</span> <span class='ocrx_word' id='word_1_95' title='bbox 576 1138 757 1212; x_wconf 87' lang='lat' dir='ltr'>promittitur</span> <span class='ocrx_word' id='word_1_96' title='bbox 769 1148 918 1213; x_wconf 88' lang='lat' dir='ltr'>perpetua</span> <span class='ocrx_word' id='word_1_97' title='bbox 932 1140 1064 1210; x_wconf 89' lang='lat' dir='ltr'>libertas,</span> 
     </span>
    </p>

    <p class='ocr_par' dir='ltr' id='par_1_5' title="bbox 41 1222 1171 3149">
     <span class='ocr_line' id='line_1_12' title="bbox 41 1222 1064 1298; baseline 0.001 -16"><span class='ocrx_word' id='word_1_98' title='bbox 41 1268 51 1282; x_wconf 90' lang='lat'>..</span> <span class='ocrx_word' id='word_1_99' title='bbox 96 1224 202 1289; x_wconf 83' lang='lat' dir='ltr'>rullius</span> <span class='ocrx_word' id='word_1_100' title='bbox 227 1237 286 1283; x_wconf 90' lang='lat' dir='ltr'>nec</span> <span class='ocrx_word' id='word_1_101' title='bbox 308 1222 438 1283; x_wconf 88' lang='lat' dir='ltr'>hominis</span> <span class='ocrx_word' id='word_1_102' title='bbox 463 1237 519 1282; x_wconf 90' lang='lat' dir='ltr'>nec</span> <span class='ocrx_word' id='word_1_103' title='bbox 540 1222 589 1281; x_wconf 93' lang='lat' dir='ltr'>dei</span> <span class='ocrx_word' id='word_1_104' title='bbox 610 1223 713 1282; x_wconf 83' lang='lat' dir='ltr'>timor:</span> <span class='ocrx_word' id='word_1_105' title='bbox 740 1229 770 1281; x_wconf 90' lang='lat' dir='ltr'>et</span> <span class='ocrx_word' id='word_1_106' title='bbox 791 1222 913 1298; x_wconf 88' lang='lat' dir='ltr'>quidem</span> <span class='ocrx_word' id='word_1_107' title='bbox 932 1225 978 1283; x_wconf 89' lang='lat' dir='ltr'>vel</span> <span class='ocrx_word' id='word_1_108' title='bbox 994 1239 1064 1283; x_wconf 91' lang='lat' dir='ltr'>esu·</span> 
     </span>
     <span class='ocr_line' id='line_1_13' title="bbox 94 1305 1093 1382; baseline 0.002 -16"><span class='ocrx_word' id='word_1_109' title='bbox 94 1309 177 1369; x_wconf 92' lang='lat' dir='ltr'>rienti</span> <span class='ocrx_word' id='word_1_110' title='bbox 200 1308 241 1368; x_wconf 92' lang='lat' dir='ltr'>ad</span> <span class='ocrx_word' id='word_1_111' title='bbox 262 1307 323 1366; x_wconf 85' lang='lat' dir='ltr'>ista</span> <span class='ocrx_word' id='word_1_112' title='bbox 342 1307 526 1366; x_wconf 91' lang='lat' dir='ltr'>veniendum</span> <span class='ocrx_word' id='word_1_113' title='bbox 548 1314 604 1366; x_wconf 89' lang='lat' dir='ltr'>est.</span> <span class='ocrx_word' id='word_1_114' title='bbox 646 1305 790 1382; x_wconf 86' lang='lat' dir='ltr'>Perpessi</span> <span class='ocrx_word' id='word_1_115' title='bbox 817 1315 888 1368; x_wconf 89' lang='lat' dir='ltr'>sunt</span> <span class='ocrx_word' id='word_1_116' title='bbox 913 1308 1093 1368; x_wconf 67' lang='lat' dir='ltr'>exercitus?</span> 
     </span>
     <span class='ocr_line' id='line_1_14' title="bbox 94 1389 1067 1467; baseline 0 -17"><span class='ocrx_word' id='word_1_117' title='bbox 94 1392 224 1467; x_wconf 91' lang='lat' dir='ltr'>inopiam</span> <span class='ocrx_word' id='word_1_118' title='bbox 242 1391 376 1452; x_wconf 90' lang='lat' dir='ltr'>omnium</span> <span class='ocrx_word' id='word_1_119' title='bbox 391 1406 507 1463; x_wconf 90' lang='lat' dir='ltr'>rerum,</span> <span class='ocrx_word' id='word_1_120' title='bbox 528 1389 670 1450; x_wconf 86' lang='lat' dir='ltr'>vixerunt</span> <span class='ocrx_word' id='word_1_121' title='bbox 688 1389 850 1452; x_wconf 89' lang='lat' dir='ltr'>herbarum</span> <span class='ocrx_word' id='word_1_122' title='bbox 865 1392 1018 1465; x_wconf 73' lang='lat' dir='ltr'>radicibus</span> <span class='ocrx_word' id='word_1_123' title='bbox 1037 1399 1067 1452; x_wconf 90' lang='lat' dir='ltr'>et</span> 
     </span>
     <span class='ocr_line' id='line_1_15' title="bbox 93 1475 1065 1551; baseline -0.001 -17"><span class='ocrx_word' id='word_1_124' title='bbox 93 1477 172 1537; x_wconf 91' lang='lat' dir='ltr'>dictu</span> <span class='ocrx_word' id='word_1_125' title='bbox 187 1476 310 1536; x_wconf 81' lang='lat' dir='ltr'>foedius</span> <span class='ocrx_word' id='word_1_126' title='bbox 324 1478 456 1536; x_wconf 88' lang='lat' dir='ltr'>tulerunt</span> <span class='ocrx_word' id='word_1_127' title='bbox 469 1475 588 1535; x_wconf 82' lang='lat' dir='ltr'>famem.</span> <span class='ocrx_word' id='word_1_128' title='bbox 611 1475 688 1535; x_wconf 90' lang='lat' dir='ltr'>haec</span> <span class='ocrx_word' id='word_1_129' title='bbox 704 1476 804 1534; x_wconf 91' lang='lat' dir='ltr'>omnia</span> <span class='ocrx_word' id='word_1_130' title='bbox 820 1477 903 1551; x_wconf 85' lang='lat' dir='ltr'>passi</span> <span class='ocrx_word' id='word_1_131' title='bbox 922 1485 992 1537; x_wconf 92' lang='lat' dir='ltr'>sunt</span> <span class='ocrx_word' id='word_1_132' title='bbox 1009 1491 1065 1551; x_wconf 90' lang='lat' dir='ltr'>pro</span> 
     </span>
     <span class='ocr_line' id='line_1_16' title="bbox 93 1558 1065 1636; baseline 0 -18"><span class='ocrx_word' id='word_1_133' title='bbox 93 1576 201 1635; x_wconf 83' lang='lat' dir='ltr'>regno,</span> <span class='ocrx_word' id='word_1_134' title='bbox 223 1575 350 1636; x_wconf 89' lang='lat' dir='ltr'>quoque</span> <span class='ocrx_word' id='word_1_135' title='bbox 372 1559 469 1634; x_wconf 80' lang='lat' dir='ltr'>magis</span> <span class='ocrx_word' id='word_1_136' title='bbox 492 1558 626 1633; x_wconf 91' lang='lat' dir='ltr'>mireris,</span> <span class='ocrx_word' id='word_1_137' title='bbox 649 1560 764 1619; x_wconf 81' lang='lat' dir='ltr'>alieno:</span> <span class='ocrx_word' id='word_1_138' title='bbox 789 1558 938 1620; x_wconf 90' lang='lat' dir='ltr'>dubitabit</span> <span class='ocrx_word' id='word_1_139' title='bbox 955 1560 1065 1634; x_wconf 89' lang='lat' dir='ltr'>aliquis</span> 
     </span>
     <span class='ocr_line' id='line_1_17' title="bbox 94 1641 1065 1720; baseline 0 -18"><span class='ocrx_word' id='word_1_140' title='bbox 94 1645 170 1705; x_wconf 81' lang='lat' dir='ltr'>ferre</span> <span class='ocrx_word' id='word_1_141' title='bbox 200 1650 429 1720; x_wconf 89' lang='lat' dir='ltr'>paupertatem,</span> <span class='ocrx_word' id='word_1_142' title='bbox 457 1649 490 1703; x_wconf 86' lang='lat' dir='ltr'>ut</span> <span class='ocrx_word' id='word_1_143' title='bbox 513 1641 647 1703; x_wconf 91' lang='lat' dir='ltr'>animum</span> <span class='ocrx_word' id='word_1_144' title='bbox 668 1644 822 1703; x_wconf 77' lang='lat' dir='ltr'>furoribus</span> <span class='ocrx_word' id='word_1_145' title='bbox 846 1643 973 1702; x_wconf 71' lang='lat' dir='ltr'>liberet?</span> <span class='ocrx_word' id='word_1_146' title='bbox 998 1644 1065 1702; x_wconf 92' lang='lat' dir='ltr'>Non</span> 
     </span>
     <span class='ocr_line' id='line_1_18' title="bbox 61 1726 1066 1804; baseline -0.002 -17"><span class='ocrx_word' id='word_1_147' title='bbox 61 1764 69 1773; x_wconf 83' lang='lat'>--</span> <span class='ocrx_word' id='word_1_148' title='bbox 93 1737 136 1788; x_wconf 90' lang='lat' dir='ltr'>est</span> <span class='ocrx_word' id='word_1_149' title='bbox 148 1744 223 1804; x_wconf 83' lang='lat' dir='ltr'>ergo</span> <span class='ocrx_word' id='word_1_150' title='bbox 241 1727 327 1804; x_wconf 91' lang='lat' dir='ltr'>prius</span> <span class='ocrx_word' id='word_1_151' title='bbox 343 1728 582 1801; x_wconf 80' lang='lat' dir='ltr'>adquirendum:</span> <span class='ocrx_word' id='word_1_152' title='bbox 598 1728 668 1787; x_wconf 88' lang='lat' dir='ltr'>licet</span> <span class='ocrx_word' id='word_1_153' title='bbox 680 1728 720 1786; x_wconf 91' lang='lat' dir='ltr'>ad</span> <span class='ocrx_word' id='word_1_154' title='bbox 734 1726 960 1802; x_wconf 90' lang='lat' dir='ltr'>philosophiam</span> <span class='ocrx_word' id='word_1_155' title='bbox 976 1726 1066 1787; x_wconf 89' lang='lat' dir='ltr'>etiam</span> 
     </span>
     <span class='ocr_line' id='line_1_19' title="bbox 93 1809 1097 1887; baseline 0.002 -16"><span class='ocrx_word' id='word_1_156' title='bbox 93 1814 156 1872; x_wconf 91' lang='lat' dir='ltr'>sine</span> <span class='ocrx_word' id='word_1_157' title='bbox 176 1814 286 1874; x_wconf 90' lang='lat' dir='ltr'>viatico</span> <span class='ocrx_word' id='word_1_158' title='bbox 310 1811 481 1887; x_wconf 89' lang='lat' dir='ltr'>pervenire.</span> <span class='ocrx_word' id='word_1_159' title='bbox 527 1811 572 1870; x_wconf 93' lang='lat' dir='ltr'>Ita</span> <span class='ocrx_word' id='word_1_160' title='bbox 592 1818 660 1871; x_wconf 72' lang='lat' dir='ltr'>est?</span> <span class='ocrx_word' id='word_1_161' title='bbox 690 1827 758 1871; x_wconf 93' lang='lat' dir='ltr'>cum</span> <span class='ocrx_word' id='word_1_162' title='bbox 786 1809 888 1870; x_wconf 91' lang='lat' dir='ltr'>omnia</span> <span class='ocrx_word' id='word_1_163' title='bbox 911 1809 1097 1885; x_wconf 78' lang='lat' dir='ltr'>habueriS,8</span> 
     </span>
     <span class='ocr_line' id='line_1_20' title="bbox 93 1893 1066 1970; baseline -0.001 -15"><span class='ocrx_word' id='word_1_164' title='bbox 93 1905 161 1956; x_wconf 86' lang='lat' dir='ltr'>tunc</span> <span class='ocrx_word' id='word_1_165' title='bbox 175 1897 292 1957; x_wconf 90' lang='lat' dir='ltr'>habere</span> <span class='ocrx_word' id='word_1_166' title='bbox 308 1904 338 1956; x_wconf 93' lang='lat' dir='ltr'>et</span> <span class='ocrx_word' id='word_1_167' title='bbox 352 1895 531 1970; x_wconf 90' lang='lat' dir='ltr'>sapientiam</span> <span class='ocrx_word' id='word_1_168' title='bbox 547 1897 655 1955; x_wconf 72' lang='lat' dir='ltr'>voles?</span> <span class='ocrx_word' id='word_1_169' title='bbox 671 1895 748 1954; x_wconf 89' lang='lat' dir='ltr'>haec</span> <span class='ocrx_word' id='word_1_170' title='bbox 763 1893 819 1953; x_wconf 91' lang='lat' dir='ltr'>erit</span> <span class='ocrx_word' id='word_1_171' title='bbox 834 1895 970 1954; x_wconf 88' lang='lat' dir='ltr'>ultimum</span> <span class='ocrx_word' id='word_1_172' title='bbox 988 1894 1066 1954; x_wconf 88' lang='lat' dir='ltr'>vitae</span> 
     </span>
     <span class='ocr_line' id='line_1_21' title="bbox 93 1978 1067 2052; baseline 0 -14"><span class='ocrx_word' id='word_1_173' title='bbox 93 1981 324 2042; x_wconf 81' lang='lat' dir='ltr'>instnrmentum</span> <span class='ocrx_word' id='word_1_174' title='bbox 345 1987 389 2052; x_wconf 89' lang='lat' dir='ltr'>et,</span> <span class='ocrx_word' id='word_1_175' title='bbox 410 1987 443 2040; x_wconf 89' lang='lat' dir='ltr'>ut</span> <span class='ocrx_word' id='word_1_176' title='bbox 456 1980 497 2039; x_wconf 88' lang='lat' dir='ltr'>ita</span> <span class='ocrx_word' id='word_1_177' title='bbox 511 1979 623 2050; x_wconf 88' lang='lat' dir='ltr'>dicam,</span> <span class='ocrx_word' id='word_1_178' title='bbox 648 1978 913 2037; x_wconf 70' lang='lat' dir='ltr'>additamentum?</span> <span class='ocrx_word' id='word_1_179' title='bbox 935 1979 979 2039; x_wconf 90' lang='lat' dir='ltr'>Tu</span> <span class='ocrx_word' id='word_1_180' title='bbox 995 1993 1067 2038; x_wconf 89' lang='lat' dir='ltr'>vero</span> 
     </span>
     <span class='ocr_line' id='line_1_22' title="bbox 93 2062 1066 2140; baseline -0.001 -16"><span class='ocrx_word' id='word_1_181' title='bbox 93 2065 155 2124; x_wconf 92' lang='lat' dir='ltr'>sive</span> <span class='ocrx_word' id='word_1_182' title='bbox 176 2064 295 2140; x_wconf 90' lang='lat' dir='ltr'>aliquid</span> <span class='ocrx_word' id='word_1_183' title='bbox 311 2063 424 2123; x_wconf 84' lang='lat' dir='ltr'>habes=</span> <span class='ocrx_word' id='word_1_184' title='bbox 446 2062 504 2123; x_wconf 88' lang='lat' dir='ltr'>iarn</span> <span class='ocrx_word' id='word_1_185' title='bbox 527 2062 754 2139; x_wconf 89' lang='lat' dir='ltr'>philosophare.</span> <span class='ocrx_word' id='word_1_186' title='bbox 786 2062 869 2122; x_wconf 90' lang='lat' dir='ltr'>unde</span> <span class='ocrx_word' id='word_1_187' title='bbox 890 2062 970 2122; x_wconf 88' lang='lat' dir='ltr'>enim</span> <span class='ocrx_word' id='word_1_188' title='bbox 994 2063 1066 2137; x_wconf 89' lang='lat' dir='ltr'>scis,</span> 
     </span>
     <span class='ocr_line' id='line_1_23' title="bbox 93 2145 1065 2224; baseline 0 -16"><span class='ocrx_word' id='word_1_189' title='bbox 93 2165 127 2208; x_wconf 90' lang='lat' dir='ltr'>an</span> <span class='ocrx_word' id='word_1_190' title='bbox 140 2150 200 2208; x_wconf 88' lang='lat' dir='ltr'>iarn</span> <span class='ocrx_word' id='word_1_191' title='bbox 215 2148 306 2209; x_wconf 91' lang='lat' dir='ltr'>nimis</span> <span class='ocrx_word' id='word_1_192' title='bbox 322 2147 459 2208; x_wconf 68' lang='lat' dir='ltr'>habeas?</span> <span class='ocrx_word' id='word_1_193' title='bbox 476 2146 542 2208; x_wconf 89' lang='lat' dir='ltr'>sive</span> <span class='ocrx_word' id='word_1_194' title='bbox 559 2145 646 2206; x_wconf 83' lang='lat' dir='ltr'>nihil:</span> <span class='ocrx_word' id='word_1_195' title='bbox 669 2146 728 2206; x_wconf 92' lang='lat' dir='ltr'>hoc</span> <span class='ocrx_word' id='word_1_196' title='bbox 744 2146 829 2222; x_wconf 87' lang='lat' dir='ltr'>prius</span> <span class='ocrx_word' id='word_1_197' title='bbox 847 2164 960 2221; x_wconf 90' lang='lat' dir='ltr'>quaere</span> <span class='ocrx_word' id='word_1_198' title='bbox 974 2164 1065 2224; x_wconf 88' lang='lat' dir='ltr'>quarn</span> 
     </span>
     <span class='ocr_line' id='line_1_24' title="bbox 93 2230 1098 2307; baseline 0 -15"><span class='ocrx_word' id='word_1_199' title='bbox 93 2233 266 2307; x_wconf 88' lang='lat' dir='ltr'>quicquam.</span> <span class='ocrx_word' id='word_1_200' title='bbox 309 2233 369 2305; x_wconf 83' lang='lat' dir='ltr'>„At</span> <span class='ocrx_word' id='word_1_201' title='bbox 393 2231 570 2292; x_wconf 90' lang='lat' dir='ltr'>necessaria</span> <span class='ocrx_word' id='word_1_202' title='bbox 595 2232 753 2291; x_wconf 88' lang='lat' dir='ltr'>deerunt.“</span> <span class='ocrx_word' id='word_1_203' title='bbox 796 2230 927 2292; x_wconf 89' lang='lat' dir='ltr'>Primum</span> <span class='ocrx_word' id='word_1_204' title='bbox 954 2232 1098 2300; x_wconf 73' lang='lat' dir='ltr'>deesses</span> 
     </span>
     <span class='ocr_line' id='line_1_25' title="bbox 92 2314 1171 2392; baseline 0.001 -17"><span class='ocrx_word' id='word_1_205' title='bbox 92 2333 150 2376; x_wconf 90' lang='lat' dir='ltr'>non</span> <span class='ocrx_word' id='word_1_206' title='bbox 166 2322 319 2392; x_wconf 86' lang='lat' dir='ltr'>poterunt,</span> <span class='ocrx_word' id='word_1_207' title='bbox 339 2316 412 2390; x_wconf 88' lang='lat' dir='ltr'>quia</span> <span class='ocrx_word' id='word_1_208' title='bbox 425 2324 532 2376; x_wconf 89' lang='lat' dir='ltr'>natura</span> <span class='ocrx_word' id='word_1_209' title='bbox 546 2315 700 2375; x_wconf 89' lang='lat' dir='ltr'>minimum</span> <span class='ocrx_word' id='word_1_210' title='bbox 717 2314 798 2390; x_wconf 89' lang='lat' dir='ltr'>petit.</span> <span class='ocrx_word' id='word_1_211' title='bbox 822 2324 947 2378; x_wconf 91' lang='lat' dir='ltr'>naturae</span> <span class='ocrx_word' id='word_1_212' title='bbox 967 2324 1067 2377; x_wconf 92' lang='lat' dir='ltr'>autem</span> <span class='ocrx_word' id='word_1_213' title='bbox 1170 2347 1171 2351; x_wconf 59' lang='lat'><em>=</em></span> 
     </span>
     <span class='ocr_line' id='line_1_26' title="bbox 92 2399 1067 2476; baseline -0.001 -17"><span class='ocrx_word' id='word_1_214' title='bbox 92 2415 125 2459; x_wconf 92' lang='lat' dir='ltr'>se</span> <span class='ocrx_word' id='word_1_215' title='bbox 139 2402 267 2476; x_wconf 90' lang='lat' dir='ltr'>sapiens</span> <span class='ocrx_word' id='word_1_216' title='bbox 285 2400 509 2461; x_wconf 87' lang='lat' dir='ltr'>adcommodat.</span> <span class='ocrx_word' id='word_1_217' title='bbox 539 2399 601 2460; x_wconf 91' lang='lat' dir='ltr'>Sed</span> <span class='ocrx_word' id='word_1_218' title='bbox 626 2401 651 2459; x_wconf 94' lang='lat' dir='ltr'>si</span> <span class='ocrx_word' id='word_1_219' title='bbox 669 2400 869 2460; x_wconf 83' lang='lat' dir='ltr'>necessitates</span> <span class='ocrx_word' id='word_1_220' title='bbox 885 2402 1008 2461; x_wconf 87' lang='lat' dir='ltr'>ultimae</span> <span class='ocrx_word' id='word_1_221' title='bbox 1022 2399 1067 2459; x_wconf 94' lang='lat' dir='ltr'>in-</span> 
     </span>
     <span class='ocr_line' id='line_1_27' title="bbox 92 2482 1067 2558; baseline 0.001 -16"><span class='ocrx_word' id='word_1_222' title='bbox 92 2484 240 2558; x_wconf 82' lang='lat' dir='ltr'>ciderunt,</span> <span class='ocrx_word' id='word_1_223' title='bbox 257 2484 434 2545; x_wconf 91' lang='lat' dir='ltr'>iamdudum</span> <span class='ocrx_word' id='word_1_224' title='bbox 449 2485 531 2546; x_wconf 84' lang='lat' dir='ltr'>exiet</span> <span class='ocrx_word' id='word_1_225' title='bbox 545 2500 562 2543; x_wconf 93' lang='lat' dir='ltr'>e</span> <span class='ocrx_word' id='word_1_226' title='bbox 577 2482 638 2544; x_wconf 87' lang='lat' dir='ltr'>vita</span> <span class='ocrx_word' id='word_1_227' title='bbox 653 2491 682 2544; x_wconf 91' lang='lat' dir='ltr'>et</span> <span class='ocrx_word' id='word_1_228' title='bbox 696 2484 843 2545; x_wconf 92' lang='lat' dir='ltr'>molestus</span> <span class='ocrx_word' id='word_1_229' title='bbox 858 2484 915 2544; x_wconf 90' lang='lat' dir='ltr'>sibi</span> <span class='ocrx_word' id='word_1_230' title='bbox 928 2500 1000 2544; x_wconf 90' lang='lat' dir='ltr'>esse</span> <span class='ocrx_word' id='word_1_231' title='bbox 1014 2484 1067 2543; x_wconf 91' lang='lat' dir='ltr'>de·</span> 
     </span>
     <span class='ocr_line' id='line_1_28' title="bbox 93 2567 1068 2643; baseline -0.001 -16"><span class='ocrx_word' id='word_1_232' title='bbox 93 2569 178 2629; x_wconf 90' lang='lat' dir='ltr'>sinet.</span> <span class='ocrx_word' id='word_1_233' title='bbox 216 2567 250 2629; x_wconf 93' lang='lat' dir='ltr'>Si</span> <span class='ocrx_word' id='word_1_234' title='bbox 267 2584 341 2628; x_wconf 94' lang='lat' dir='ltr'>vero</span> <span class='ocrx_word' id='word_1_235' title='bbox 357 2568 500 2643; x_wconf 81' lang='lat' dir='ltr'>exiguum</span> <span class='ocrx_word' id='word_1_236' title='bbox 516 2568 572 2629; x_wconf 88' lang='lat' dir='ltr'>erit</span> <span class='ocrx_word' id='word_1_237' title='bbox 582 2576 612 2628; x_wconf 86' lang='lat' dir='ltr'>et</span> <span class='ocrx_word' id='word_1_238' title='bbox 626 2578 797 2643; x_wconf 80' lang='lat' dir='ltr'>angustum,</span> <span class='ocrx_word' id='word_1_239' title='bbox 816 2585 876 2642; x_wconf 89' lang='lat' dir='ltr'>quo</span> <span class='ocrx_word' id='word_1_240' title='bbox 893 2568 991 2642; x_wconf 90' lang='lat' dir='ltr'>possit</span> <span class='ocrx_word' id='word_1_241' title='bbox 1007 2568 1068 2627; x_wconf 92' lang='lat' dir='ltr'>vita</span> 
     </span>
     <span class='ocr_line' id='line_1_29' title="bbox 93 2650 1066 2726; baseline 0.001 -15"><span class='ocrx_word' id='word_1_242' title='bbox 93 2650 238 2726; x_wconf 84' lang='lat' dir='ltr'>produci,</span> <span class='ocrx_word' id='word_1_243' title='bbox 265 2651 298 2711; x_wconf 91' lang='lat' dir='ltr'>id</span> <span class='ocrx_word' id='word_1_244' title='bbox 312 2652 385 2713; x_wconf 91' lang='lat' dir='ltr'>boni</span> <span class='ocrx_word' id='word_1_245' title='bbox 401 2653 540 2714; x_wconf 88' lang='lat' dir='ltr'>consulet</span> <span class='ocrx_word' id='word_1_246' title='bbox 560 2668 616 2712; x_wconf 91' lang='lat' dir='ltr'>nec</span> <span class='ocrx_word' id='word_1_247' title='bbox 630 2654 708 2713; x_wconf 93' lang='lat' dir='ltr'>ultra</span> <span class='ocrx_word' id='word_1_248' title='bbox 723 2653 900 2713; x_wconf 89' lang='lat' dir='ltr'>necessaria</span> <span class='ocrx_word' id='word_1_249' title='bbox 917 2650 1066 2712; x_wconf 90' lang='lat' dir='ltr'>sollicitus</span> 
     </span>
     <span class='ocr_line' id='line_1_30' title="bbox 93 2735 1069 2812; baseline 0.003 -18"><span class='ocrx_word' id='word_1_250' title='bbox 93 2745 140 2796; x_wconf 85' lang='lat' dir='ltr'>aut</span> <span class='ocrx_word' id='word_1_251' title='bbox 153 2737 265 2796; x_wconf 88' lang='lat' dir='ltr'>anxius</span> <span class='ocrx_word' id='word_1_252' title='bbox 284 2736 382 2796; x_wconf 84' lang='lat' dir='ltr'>ventri</span> <span class='ocrx_word' id='word_1_253' title='bbox 398 2743 428 2795; x_wconf 88' lang='lat' dir='ltr'>et</span> <span class='ocrx_word' id='word_1_254' title='bbox 448 2737 582 2812; x_wconf 90' lang='lat' dir='ltr'>scapulis</span> <span class='ocrx_word' id='word_1_255' title='bbox 603 2753 692 2797; x_wconf 91' lang='lat' dir='ltr'>suum</span> <span class='ocrx_word' id='word_1_256' title='bbox 712 2737 820 2797; x_wconf 89' lang='lat' dir='ltr'>reddet</span> <span class='ocrx_word' id='word_1_257' title='bbox 843 2745 873 2797; x_wconf 90' lang='lat' dir='ltr'>et</span> <span class='ocrx_word' id='word_1_258' title='bbox 893 2735 1069 2811; x_wconf 88' lang='lat' dir='ltr'>occupatio-</span> 
     </span>
     <span class='ocr_line' id='line_1_31' title="bbox 93 2819 1068 2896; baseline 0.005 -19"><span class='ocrx_word' id='word_1_259' title='bbox 93 2835 145 2879; x_wconf 91' lang='lat' dir='ltr'>nes</span> <span class='ocrx_word' id='word_1_260' title='bbox 161 2821 291 2880; x_wconf 85' lang='lat' dir='ltr'>divitum</span> <span class='ocrx_word' id='word_1_261' title='bbox 306 2823 620 2896; x_wconf 86' lang='lat' dir='ltr'>concursationesque</span> <span class='ocrx_word' id='word_1_262' title='bbox 637 2821 676 2880; x_wconf 90' lang='lat' dir='ltr'>ad</span> <span class='ocrx_word' id='word_1_263' title='bbox 694 2819 814 2880; x_wconf 90' lang='lat' dir='ltr'>divitias</span> <span class='ocrx_word' id='word_1_264' title='bbox 832 2819 965 2881; x_wconf 91' lang='lat' dir='ltr'>euntium</span> <span class='ocrx_word' id='word_1_265' title='bbox 979 2837 1068 2882; x_wconf 90' lang='lat' dir='ltr'>secu-</span> 
     </span>
     <span class='ocr_line' id='line_1_32' title="bbox 92 2903 1114 2981; baseline 0.006 -18"><span class='ocrx_word' id='word_1_266' title='bbox 92 2919 141 2964; x_wconf 89' lang='lat' dir='ltr'>ms</span> <span class='ocrx_word' id='word_1_267' title='bbox 157 2906 321 2979; x_wconf 88' lang='lat' dir='ltr'>laetusque</span> <span class='ocrx_word' id='word_1_268' title='bbox 337 2903 448 2965; x_wconf 90' lang='lat' dir='ltr'>ridebit</span> <span class='ocrx_word' id='word_1_269' title='bbox 468 2921 504 2966; x_wconf 90' lang='lat' dir='ltr'>ac</span> <span class='ocrx_word' id='word_1_270' title='bbox 526 2905 619 2965; x_wconf 84' lang='lat' dir='ltr'>dicet:</span> <span class='ocrx_word' id='word_1_271' title='bbox 643 2906 738 2981; x_wconf 90' lang='lat' dir='ltr'>„quid</span> <span class='ocrx_word' id='word_1_272' title='bbox 760 2906 790 2965; x_wconf 89' lang='lat' dir='ltr'>in</span> <span class='ocrx_word' id='word_1_273' title='bbox 811 2907 934 2980; x_wconf 83' lang='lat' dir='ltr'>longum</span> <span class='ocrx_word' id='word_1_274' title='bbox 957 2907 1026 2981; x_wconf 93' lang='lat' dir='ltr'>ipse</span> <span class='ocrx_word' id='word_1_275' title='bbox 1040 2914 1070 2966; x_wconf 90' lang='lat' dir='ltr'>te</span> <span class='ocrx_word' id='word_1_276' title='bbox 1079 2916 1114 2971; x_wconf 84' lang='lat'>10</span> 
     </span>
     <span class='ocr_line' id='line_1_33' title="bbox 93 2987 1070 3065; baseline 0.004 -20"><span class='ocrx_word' id='word_1_277' title='bbox 93 2987 218 3048; x_wconf 69' lang='lat' dir='ltr'>differs?</span> <span class='ocrx_word' id='word_1_278' title='bbox 248 2989 485 3064; x_wconf 88' lang='lat' dir='ltr'>exspectabisne</span> <span class='ocrx_word' id='word_1_279' title='bbox 506 2990 620 3051; x_wconf 80' lang='lat' dir='ltr'>fenoris</span> <span class='ocrx_word' id='word_1_280' title='bbox 648 2997 809 3065; x_wconf 87' lang='lat' dir='ltr'>quaestum</span> <span class='ocrx_word' id='word_1_281' title='bbox 832 2997 884 3050; x_wconf 90' lang='lat' dir='ltr'>aut</span> <span class='ocrx_word' id='word_1_282' title='bbox 908 3006 945 3050; x_wconf 88' lang='lat' dir='ltr'>ex</span> <span class='ocrx_word' id='word_1_283' title='bbox 968 3005 1070 3050; x_wconf 89' lang='lat' dir='ltr'>meroe</span> 
     </span>
     <span class='ocr_line' id='line_1_34' title="bbox 94 3071 1070 3149; baseline 0.004 -19"><span class='ocrx_word' id='word_1_284' title='bbox 94 3073 298 3147; x_wconf 90' lang='lat' dir='ltr'>conpendium</span> <span class='ocrx_word' id='word_1_285' title='bbox 313 3080 365 3133; x_wconf 91' lang='lat' dir='ltr'>aut</span> <span class='ocrx_word' id='word_1_286' title='bbox 379 3073 499 3134; x_wconf 87' lang='lat' dir='ltr'>tabulas</span> <span class='ocrx_word' id='word_1_287' title='bbox 514 3071 596 3134; x_wconf 89' lang='lat' dir='ltr'>beati</span> <span class='ocrx_word' id='word_1_288' title='bbox 608 3074 708 3146; x_wconf 87' lang='lat' dir='ltr'>senis,</span> <span class='ocrx_word' id='word_1_289' title='bbox 724 3089 791 3134; x_wconf 91' lang='lat' dir='ltr'>cum</span> <span class='ocrx_word' id='word_1_290' title='bbox 806 3073 873 3134; x_wconf 88' lang='lat' dir='ltr'>lieri</span> <span class='ocrx_word' id='word_1_291' title='bbox 890 3074 992 3149; x_wconf 90' lang='lat' dir='ltr'>possis</span> <span class='ocrx_word' id='word_1_292' title='bbox 1010 3082 1070 3135; x_wconf 90' lang='lat' dir='ltr'>sta-</span> 
     </span>
    </p>
   </div>
   <div class='ocr_carea' id='block_1_3' title="bbox 94 3154 1154 3579">
    <p class='ocr_par' dir='ltr' id='par_1_6' title="bbox 94 3154 1072 3483">
     <span class='ocr_line' id='line_1_35' title="bbox 94 3154 1072 3233; baseline 0.006 -21"><span class='ocrx_word' id='word_1_293' title='bbox 94 3154 141 3215; x_wconf 88' lang='lat' dir='ltr'>tim</span> <span class='ocrx_word' id='word_1_294' title='bbox 155 3155 267 3218; x_wconf 78' lang='lat' dir='ltr'>uivesa</span> <span class='ocrx_word' id='word_1_295' title='bbox 286 3166 498 3232; x_wconf 84' lang='lat' dir='ltr'>repraesentat</span> <span class='ocrx_word' id='word_1_296' title='bbox 513 3173 589 3232; x_wconf 89' lang='lat' dir='ltr'>opes</span> <span class='ocrx_word' id='word_1_297' title='bbox 605 3156 771 3232; x_wconf 90' lang='lat' dir='ltr'>sapientia,</span> <span class='ocrx_word' id='word_1_298' title='bbox 793 3174 871 3232; x_wconf 86' lang='lat' dir='ltr'>quas</span> <span class='ocrx_word' id='word_1_299' title='bbox 888 3160 1072 3233; x_wconf 86' lang='lat' dir='ltr'>cuicumque</span> 
     </span>
     <span class='ocr_line' id='line_1_36' title="bbox 95 3237 1072 3317; baseline 0.008 -23"><span class='ocrx_word' id='word_1_300' title='bbox 95 3237 160 3301; x_wconf 85' lang='lat' dir='ltr'>lecit</span> <span class='ocrx_word' id='word_1_301' title='bbox 181 3255 413 3316; x_wconf 88' lang='lat' dir='ltr'>supervacuas,</span> <span class='ocrx_word' id='word_1_302' title='bbox 432 3241 545 3302; x_wconf 82' lang='lat' dir='ltr'>dedit.“</span> <span class='ocrx_word' id='word_1_303' title='bbox 581 3243 665 3302; x_wconf 88' lang='lat' dir='ltr'>Haec</span> <span class='ocrx_word' id='word_1_304' title='bbox 687 3242 727 3301; x_wconf 91' lang='lat' dir='ltr'>ad</span> <span class='ocrx_word' id='word_1_305' title='bbox 748 3242 824 3302; x_wconf 89' lang='lat' dir='ltr'>alios</span> <span class='ocrx_word' id='word_1_306' title='bbox 847 3243 1012 3317; x_wconf 82' lang='lat' dir='ltr'>pertinent:</span> <span class='ocrx_word' id='word_1_307' title='bbox 1041 3250 1072 3302; x_wconf 92' lang='lat' dir='ltr'>tu</span> 
     </span>
     <span class='ocr_line' id='line_1_37' title="bbox 95 3320 1071 3401; baseline 0.006 -23"><span class='ocrx_word' id='word_1_308' title='bbox 95 3320 296 3400; x_wconf 86' lang='lat' dir='ltr'>locupletibus</span> <span class='ocrx_word' id='word_1_309' title='bbox 308 3325 492 3400; x_wconf 90' lang='lat' dir='ltr'>propiores.</span> <span class='ocrx_word' id='word_1_310' title='bbox 510 3328 647 3386; x_wconf 90' lang='lat' dir='ltr'>seculum</span> <span class='ocrx_word' id='word_1_311' title='bbox 660 3332 750 3401; x_wconf 89' lang='lat' dir='ltr'>muta,</span> <span class='ocrx_word' id='word_1_312' title='bbox 767 3327 855 3386; x_wconf 88' lang='lat' dir='ltr'>nimis</span> <span class='ocrx_word' id='word_1_313' title='bbox 869 3326 975 3387; x_wconf 89' lang='lat' dir='ltr'>habes.</span> <span class='ocrx_word' id='word_1_314' title='bbox 990 3325 1071 3385; x_wconf 89' lang='lat' dir='ltr'>idern</span> 
     </span>
     <span class='ocr_line' id='line_1_38' title="bbox 96 3409 656 3483; baseline 0.002 -19"><span class='ocrx_word' id='word_1_315' title='bbox 96 3417 189 3471; x_wconf 87' lang='lat' dir='ltr'>autem</span> <span class='ocrx_word' id='word_1_316' title='bbox 204 3409 289 3470; x_wconf 88' lang='lat' dir='ltr'>omni</span> <span class='ocrx_word' id='word_1_317' title='bbox 305 3411 419 3481; x_wconf 91' lang='lat' dir='ltr'>seculo,</span> <span class='ocrx_word' id='word_1_318' title='bbox 438 3409 520 3483; x_wconf 90' lang='lat' dir='ltr'>quod</span> <span class='ocrx_word' id='word_1_319' title='bbox 536 3418 584 3469; x_wconf 92' lang='lat' dir='ltr'>sat</span> <span class='ocrx_word' id='word_1_320' title='bbox 600 3420 656 3471; x_wconf 91' lang='lat' dir='ltr'>est.</span> 
     </span>
    </p>

    <p class='ocr_par' dir='ltr' id='par_1_7' title="bbox 149 3491 1154 3579">
     <span class='ocr_line' id='line_1_39' title="bbox 149 3491 1154 3579; baseline -0.004 -27"><span class='ocrx_word' id='word_1_321' title='bbox 149 3491 292 3555; x_wconf 82' lang='lat' dir='ltr'>Poteram</span> <span class='ocrx_word' id='word_1_322' title='bbox 304 3491 366 3551; x_wconf 88' lang='lat' dir='ltr'>hoc</span> <span class='ocrx_word' id='word_1_323' title='bbox 379 3493 448 3553; x_wconf 90' lang='lat' dir='ltr'>loco</span> <span class='ocrx_word' id='word_1_324' title='bbox 466 3495 631 3570; x_wconf 88' lang='lat' dir='ltr'>epistulam</span> <span class='ocrx_word' id='word_1_325' title='bbox 651 3499 814 3579; x_wconf 86' lang='lat' dir='ltr'>claudere,</span> <span class='ocrx_word' id='word_1_326' title='bbox 825 3498 894 3562; x_wconf 84' lang='lat' dir='ltr'>nisi</span> <span class='ocrx_word' id='word_1_327' title='bbox 903 3508 940 3562; x_wconf 84' lang='lat' dir='ltr'>te</span> <span class='ocrx_word' id='word_1_328' title='bbox 951 3491 1099 3556; x_wconf 77' lang='lat' dir='ltr'>male‘m·</span> <span class='ocrx_word' id='word_1_329' title='bbox 1107 3496 1154 3551; x_wconf 69' lang='lat' dir='ltr'>tx</span> 
     </span>
    </p>
   </div>
   <div class='ocr_carea' id='block_1_4' title="bbox 0 0 1217 3862">
    <p class='ocr_par' dir='ltr' id='par_1_8' title="bbox 0 0 1217 3862">
     <span class='ocr_line' id='line_1_40' title="bbox 0 0 1217 3862; baseline 0 0"><span class='ocrx_word' id='word_1_330' title='bbox 0 0 1217 3862; x_wconf 95' lang='lat' dir='ltr'> </span> 
     </span>
    </p>
   </div>
  </div>
 </body>
</html>
