2422 3862
137 228 198 292 118
416 225 448 284 L.
468 222 614 283 ANNAEI
636 219 813 282 SENECAE

136 388 197 441 tata
210 380 288 438 inter
303 393 337 437 se
353 393 437 436 arma
451 369 580 450 agminis
595 374 698 449 densi,
721 390 779 434 non
795 371 879 434 urbis
895 373 1039 447 inpulsae
1053 372 1114 431 lra-

135 480 192 539 gor
207 463 337 523 territam
358 460 408 520 hio
428 462 504 520 alter
523 460 671 535 inperitus
686 467 747 532 est,
770 458 869 518 rebus>
884 456 950 516 suis
973 457 1059 517 timet
1073 457 1114 516 ad

135 564 256 608 omnem
280 547 425 621 crepitum
448 558 675 619 expavescens,
702 558 793 617 quem
813 540 1032 615 unaquaelibet
1053 556 1114 600 vox

136 647 190 707 pro
207 631 327 691 fremitu
341 636 469 704 accepta
483 628 607 700 deiecit,
624 643 714 703 quem
729 635 829 687 motus
844 624 994 686 levissimi
1009 625 1114 685 exani·

96 723 231 776 ternant:
252 715 388 774 timidum
409 714 492 773 illum
512 712 652 771 sarcinae
673 710 795 771 iaciunt.
827 709 1059 784 Quemcumque
1075 724 1114 768 ex

135 801 201 861 istis
223 799 363 859 felicibus
378 797 523 872 elegeris,
547 797 640 855 multa
654 795 857 867 trahentibuS,
878 794 972 853 multa
989 800 1113 868 portan-

134 884 231 954 tibus,
250 881 370 942 videbis
388 881 471 941 illum

382 968 535 1040 comitique
549 967 688 1038 onerique
701 966 856 1024 timentem.
911 999 913 1004 -

134 1052 218 1109 Tunc
238 1065 311 1123 ergo
333 1057 362 1109 te
384 1049 461 1109 scito
483 1065 554 1108 esse
578 1048 785 1122 conpositum,
810 1063 878 1107 curn
899 1047 939 1106 ad
959 1056 989 1108 te
1012 1048 1114 1108 nullus

136 1136 251 1194 clamor
267 1132 440 1207 pertinebit,
464 1148 531 1192 cum
546 1140 575 1192 te
589 1132 671 1191 nulla
688 1147 749 1192 vox
764 1129 816 1190 tibi
831 1131 981 1206 excutiet,
1003 1148 1064 1192 non
1088 1131 1114 1190 si

136 1215 320 1289 blandietur,
337 1233 398 1276 non
414 1217 441 1276 si
455 1216 628 1288 minabitur,
650 1233 712 1276 non
727 1215 754 1274 si
769 1215 851 1275 inani
867 1231 945 1276 sono
962 1231 1043 1276 vana
1057 1216 1112 1275 cir-

93 1311 127 1364 15
137 1307 331 1375 oumstrepet.
354 1301 432 1375 Quid
447 1307 544 1374 ergo?
558 1316 619 1360 non
631 1299 797 1375 aliquando
814 1299 1006 1360 commodius
1021 1308 1070 1360 est
1084 1307 1115 1359 et

136 1400 240 1444 carere
256 1385 416 1444 convicio?
431 1386 537 1445 fateor.
560 1385 662 1460 itaque
675 1399 732 1458 ego
750 1399 790 1443 ex
807 1384 867 1444 hoc
881 1386 951 1445 loeo
964 1385 1110 1459 migrabo.

136 1469 270 1543 experiri
289 1476 319 1529 et
339 1484 484 1528 exercere
505 1483 553 1528 me
573 1468 665 1529 volui.
697 1467 776 1541 Quid
791 1483 920 1529 necesse
935 1476 985 1529 est
1000 1467 1113 1529 diutius

136 1554 288 1628 torqueri,
311 1569 378 1612 oum
400 1559 460 1613 tam
481 1552 570 1622 facile
591 1552 757 1612 remedium
773 1552 890 1614 Ulixes.
905 1553 1001 1614 sociis
1023 1553 1114 1612 etiarn

135 1637 285 1696 adversus
302 1635 427 1697 Sirenas
443 1636 611 1695 invenerit?
630 1636 718 1695 Vale.

332 1877 335 1881 .
440 1821 657 1878 EPISTULA
676 1823 710 1877 V.
734 1824 805 1893 (57.)

322 1910 325 1915 ’
388 1935 499 1987 Sunacn
517 1937 628 1987 Lucumo
647 1947 698 1986 suo
716 1947 855 1987 saturam.

110 2084 123 2133 1
199 2055 271 2115 Cum
287 2057 402 2116 aBaiis
423 2057 566 2116 deberem
580 2054 739 2130 Neapolim
759 2062 913 2130 repetere,
936 2055 1027 2116 lacile
1049 2071 1112 2114 cre·

136 2139 199 2197 didi
220 2146 432 2215 tempestatem
454 2155 541 2214 esse,
567 2156 605 2201 ne
626 2139 735 2201 iterum
757 2155 867 2199 navem
887 2140 1062 2214 experirer:
1084 2147 1114 2198 et

135 2229 250 2281 tantum
271 2220 324 2282 luti
346 2226 409 2282 tota
431 2224 488 2283 via
500 2225 569 2297 luit,
596 2231 630 2284 ut
656 2224 774 2299 possim
794 2222 892 2282 videri
916 2222 1112 2285 nihilominus

135 2305 309 2378 navigasse.
337 2314 431 2367 totum
454 2308 631 2367 athletarum
654 2310 748 2367 latum
768 2307 840 2367 mihi
862 2306 913 2366 illo
935 2308 985 2367 die
1002 2323 1112 2382 perpe·

135 2389 269 2450 tiendum
285 2391 352 2451 luit:
378 2408 396 2451 a
411 2398 563 2452 ceromate
584 2408 641 2451 nos
658 2392 759 2466 haphe
775 2391 898 2466 excepit
912 2391 948 2449 in
971 2401 1113 2468 crypta

106 2474 402 2549 2Neapolitana.
434 2475 512 2534 Nihil
527 2477 578 2537 illo
595 2491 719 2536 carcere
734 2476 870 2550 longius,
892 2475 965 2534 nihil
987 2475 1048 2535 illis
1070 2475 1112 2533 la-

135 2559 222 2618 cibus
238 2559 417 2629 obscurius,
443 2576 522 2634 quae
543 2559 633 2620 nobis
656 2567 812 2639 praestant
829 2575 889 2619 non
910 2566 944 2619 ut
960 2575 1017 2634 per
1030 2568 1112 2620 tene·

134 2643 205 2702 bras
223 2642 397 2715 videamus,
419 2643 476 2702 sed
488 2652 522 2703 ut
542 2644 638 2718 ipsas.
666 2650 800 2703 ceterum
823 2642 942 2704 etiamsi
957 2644 1046 2704 locus
1060 2643 1111 2702 ha-

133 2726 220 2786 beret
234 2728 347 2801 lucem,
364 2726 465 2803 pulvis
480 2729 628 2799 auferret,
644 2727 673 2786 in
689 2736 795 2802 aperto
809 2742 934 2803 quoque
946 2742 997 2788 res
1009 2727 1111 2802 gravis

135 2816 165 2868 et
187 2809 331 2869 molesta:
353 2810 426 2884 quid
448 2808 523 2883 illio,
544 2812 596 2871 ubi
613 2812 643 2871 in
665 2827 701 2871 se
715 2813 867 2873 volutatur
888 2819 932 2882 et,
954 2826 1024 2872 cum
1046 2810 1112 2873 sine

134 2891 197 2950 ullo
213 2891 399 2966 spiramento
416 2893 454 2951 sit
468 2893 619 2968 inclusus,
635 2896 664 2954 in
681 2895 784 2969 ipsos,
801 2895 945 2970 aquibus
962 2896 1111 2955 excitatus

135 2982 196 3045 est,
224 2975 353 3034 recidit?
379 2977 446 3036 Duo
472 2977 665 3039 incommoda
690 2978 768 3040 inter
790 2995 826 3041 se
847 2978 1001 3041 contraria
1022 2979 1110 3039 simul

136 3057 330 3133 pertulimus=
353 3060 460 3120 eadem
477 3063 539 3134 via,
559 3064 668 3122 eodem
685 3063 735 3122 die
750 3070 781 3123 et
800 3065 863 3125 luto
880 3072 910 3123 et
924 3063 1053 3138 pulvere
1071 3064 1111 3122 la·

68 3192 70 3197 .
106 3140 319 3205 sboravimus.
364 3144 522 3219 Aliquid
545 3153 643 3206 tamen
669 3147 756 3206 mihi
777 3149 847 3208 illa
868 3147 1110 3214 obscuritas,

136 3225 238 3300 quod
254 3227 481 3300 cogitarem,
497 3229 620 3290 dedit=
637 3232 721 3291 sensi
734 3233 897 3307 quemdam
911 3231 1006 3293 ictum
1021 3229 1111 3293 animi

134 3315 164 3368 et
176 3309 243 3368 sine
257 3319 338 3370 metu
348 3313 558 3387 mutationem,
575 3331 664 3388 quarn
677 3315 817 3376 insolitae
829 3316 875 3377 rei
887 3317 1009 3377 novitas
1022 3316 1110 3377 simul

133 3408 170 3451 ac
185 3393 315 3455 foeditas
331 3396 453 3457 lecerat.
482 3397 549 3457 Non
570 3398 610 3457 de
631 3415 679 3459 me
693 3416 774 3460 nunc
788 3409 889 3461 tecum
904 3401 1037 3475 loquor,
1058 3399 1111 3477 qui

131 3478 255 3538 multum
271 3477 309 3538 ab
328 3478 451 3541 homine
471 3481 635 3555 tolerabili,
660 3483 771 3544 nedum
792 3500 811 3543 a
831 3484 969 3559 perlecto
989 3484 1109 3555 absum,
