2422 3862
120 222 161 285 16
410 222 442 280 L.
464 220 611 280 ANNAEl
632 219 806 280 SENECAE

94 390 98 397 ·
119 390 211 436 mune
225 381 287 434 est:
310 375 478 449 sapientem
493 389 528 432 so
544 374 612 448 ipso
628 389 700 433 csse
716 380 898 434 contentum.
926 376 983 434 scd
999 383 1097 436 tamen

119 468 150 521 ct
180 458 309 519 amicum
339 456 453 517 habere
484 457 548 516 vult
572 465 602 516 ct
627 457 759 516 vicinum
784 466 814 518 et
839 459 1097 535 contubernalem,

88 543 259 620 tquamvis
277 541 418 616 sibiipsa
434 540 575 602 sufficiat.
613 541 693 601 Vide
710 559 799 618 quam
815 544 854 602 sit
870 558 904 603 se
920 552 1097 606 contentus:

118 627 283 703 aliqnando
301 627 349 686 sui
365 633 450 701 parte
466 632 626 686 contentus
641 633 697 685 est.
729 625 755 685 si
770 627 811 686 illi
822 643 942 686 manum
956 637 1008 688 aut
1020 645 1098 690 mor-

116 713 175 772 bus
193 717 244 771 aut
259 710 356 772 hostis
372 710 533 782 exciderit,
556 709 582 770 si
600 711 669 785 quis
684 712 803 770 oculum
819 712 868 772 vel
885 713 992 773 oculos
1005 727 1097 774 casus

118 795 305 868 excusserit,
328 794 476 871 reliquiae
498 793 539 853 illi
560 810 637 853 suae
657 793 860 867 satisfacient,
888 803 916 854 et
937 796 993 855 erit
1014 795 1097 856 inmi-

118 889 191 941 nuto
215 895 345 954 corpore
366 889 396 939 et
413 885 569 953 amputato
591 886 649 937 lam
664 877 773 947 laetus
791 894 883 952 quam
899 879 1016 954 integro
1034 882 1097 941 luit.

119 965 175 1024 sed
192 979 271 1039 quae
288 963 344 1024 sibi
357 963 484 1036 desunt,
507 978 569 1023 non
585 962 738 1022 desiderat
752 964 891 1036 [decemb
913 980 974 1024 non
988 966 1098 1024 deesse

90 1048 242 1112 snravult.
279 1048 322 1109 lta
344 1049 469 1122 sapiens
492 1062 526 1106 se
548 1054 708 1108 contentus
731 1056 791 1119 est,
815 1064 875 1108 non
894 1054 927 1106 ut
943 1050 1015 1108 velit
1029 1065 1098 1109 esse

17 1136 19 1140 '
119 1133 186 1193 sine
208 1133 322 1204 amico,
349 1132 403 1192 sed
426 1137 459 1191 ut
480 1132 587 1207 possit.
624 1139 654 1191 ct
670 1130 744 1204 boc,
769 1132 853 1207 quod
869 1131 937 1191 dico
955 1134 1097 1206 possit,

118 1219 177 1276 tale
199 1224 261 1276 esta
284 1216 430 1277 amissum
447 1231 548 1290 aequo
564 1214 664 1276 animo
681 1217 746 1275 lert.
776 1215 848 1276 Sine
862 1215 960 1276 arnico
977 1218 1100 1292 quidem

120 1315 283 1374 numquam
299 1299 365 1360 erit.
389 1301 418 1359 in
434 1316 491 1359 sua
505 1307 658 1375 potestate
672 1299 776 1373 habet,
793 1316 883 1374 quam
897 1300 955 1360 cito
968 1310 1097 1376 reparet.

119 1385 275 1460 quomodo
292 1385 319 1444 si
335 1384 502 1459 perdiderit
514 1383 638 1444 Phidias
653 1390 797 1456 statuam,
821 1382 963 1458 protinus
975 1386 1098 1445 alteram

118 1469 222 1528 saciet:
252 1469 297 1529 sic
319 1469 366 1528 hic
380 1468 587 1528 faciendarum
603 1468 799 1528 amicitiarum
814 1468 922 1528 artilex
937 1469 1100 1530 substituet

55 1549 57 1553 ’
90 1552 209 1616 balium
231 1553 259 1611 in
282 1553 383 1612 locum
405 1552 520 1612 amissi.
556 1551 699 1626 Quaeris,
723 1553 878 1627 quomodo
895 1554 1025 1613 amicum
1040 1555 1099 1613 cito

119 1638 254 1697 facturus
277 1635 328 1696 sit:
358 1636 472 1711 dicam,
500 1636 526 1695 si
548 1635 622 1696 illud
643 1635 714 1695 mihi
734 1645 834 1696 tecum
853 1638 1044 1711 convenerit,
1068 1647 1100 1698 ul

119 1721 218 1782 statim
244 1720 298 1781 tibi
323 1721 457 1794 solvam,
490 1720 574 1795 quod
600 1720 715 1795 debeo,
744 1729 773 1780 et
799 1728 944 1796 quantum
966 1722 1004 1780 ad
1020 1722 1100 1782 banc

119 1807 296 1880 epistulam,
328 1805 413 1880 paria
436 1805 593 1865 iaciamus.
628 1805 764 1865 Hecaton
780 1805 836 1864 ait:
858 1822 931 1880 „epo
945 1807 998 1866 aior·
1012 1822 1101 1866 moa-

99 1891 217 1950 'strabo
240 1893 416 1951 amatorium
434 1892 498 1950 aiae
511 1890 737 1961 medicamento,
759 1890 943 1961 arneberdo,
971 1893 1035 1951 aiae
1049 1893 1098 1950 ai-

117 1977 175 2034 liaa
195 1977 341 2047 veneficae
354 1977 505 2036 carmine:
525 1976 554 2035 si
565 1976 608 2034 ais
622 1976 734 2047 amari,
756 1979 854 2034 ama.“
887 1973 983 2034 habes
999 1981 1101 2035 autem

119 2072 179 2116 non
202 2065 316 2117 tantum
338 2074 397 2119 usu
418 2056 568 2117 amicitiae
588 2058 700 2117 veteris
722 2064 751 2117 et
771 2066 870 2118 certae
889 2074 1030 2134 magnam
1045 2074 1099 2118 vo-

118 2143 280 2215 luptatem,
304 2141 360 2200 sed
384 2141 472 2200 etiam
494 2145 571 2201 inter
590 2141 705 2200 initium
728 2148 757 2200 ct
777 2143 1024 2217 conparationem
1045 2159 1099 2203 no·

90 2237 105 2292 7
120 2241 185 2285 vae.
221 2224 309 2298 Quod
322 2225 447 2285 interest
459 2224 535 2283 inter
547 2230 707 2284 metentem
720 2223 883 2300 agricolam
896 2233 926 2285 et
938 2233 1100 2300 serentem,

119 2310 178 2369 hoc
193 2308 270 2369 inter
285 2324 369 2380 eum,
391 2308 443 2383 qui
458 2307 587 2367 amicum
604 2308 722 2382 paravit
734 2316 764 2368 et
782 2311 833 2384 qui
850 2317 945 2385 parat.
979 2311 1100 2370 Attalus

119 2392 325 2468 philosophus
347 2392 451 2453 dicere
473 2391 606 2452 solebat:
631 2394 807 2464 „iacaadt'aa
820 2411 883 2454 ease
898 2396 1026 2455 amicum
1041 2394 1102 2467 fa-

118 2495 186 2538 cere
201 2495 291 2554 qaam
305 2478 424 2537 babere.
463 2477 606 2551 quomodo
622 2481 732 2551 artifici
750 2479 908 2539 iucundius
920 2480 1046 2554 pinperc
1059 2484 1102 2539 est

119 2579 208 2637 qaam
229 2565 415 2644 pinxisse&
435 2558 489 2619 llla
510 2561 538 2619 in
560 2575 654 2636 opere
675 2577 732 2622 suo
754 2568 905 2637 occupata
924 2560 1107 2623 sollicitudo·

119 2647 228 2720 ingens
252 2646 507 2706 oblectamentum
528 2645 619 2705 habet
641 2645 670 2704 in
693 2644 762 2722 ipsa
783 2648 996 2721 occupatione.
1038 2662 1100 2706 non

120 2745 220 2804 aeque
236 2730 412 2800 delectatur,
437 2727 488 2803 qui
508 2729 546 2788 ab
562 2745 656 2804 opere
674 2731 809 2804 perlecto
825 2729 1101 2791 removit'manum.

119 2814 178 2872 iam
201 2814 300 2873 lructu
322 2813 394 2872 artis
415 2828 491 2872 suae
513 2813 634 2873 fruitur:
663 2814 732 2888 ipsa
753 2815 907 2875 fruebatur
928 2823 1007 2889 arte,
1032 2830 1101 2876 cum

120 2897 267 2972 pingeret.
304 2896 502 2958 Fructuosior
529 2906 576 2958 est
602 2898 810 2958 adulescentia
830 2897 1011 2971 liberorum,
1044 2899 1100 2959 scd

4 3026 11 3037 .
89 2981 244 3041 diniantia
265 2979 393 3040 dulcior.
428 2981 514 3042 Nunc
537 2983 576 3042 ad
598 2980 790 3058 propositum
808 2990 1008 3044 revertamur.
1045 2982 1101 3043 Sa-

120 3066 208 3139 piens
234 3065 352 3124 etiamsi
378 3073 538 3127 contentus
564 3075 684 3140 estse,
712 3072 811 3126 tarnen
835 3067 948 3127 habere
971 3066 1100 3128 amicum

120 3149 198 3222 vult,
222 3150 248 3209 si
265 3147 337 3209 nihil
353 3151 448 3223 aliud,
469 3160 501 3210 ut
516 3160 659 3211 exerceat
673 3151 848 3223 amicitiam,
868 3159 978 3211 nciam
990 3167 1101 3226 magna

119 3231 215 3294 ‘virtus
231 3234 343 3307 iaceat,
365 3250 427 3294 non
443 3234 480 3294 ad
496 3236 570 3309 hoc,
596 3236 680 3310 quod
696 3234 816 3296 dicebat
830 3235 982 3311 Epicurus
998 3235 1027 3295 in
1042 3235 1101 3296 hac

119 3318 189 3392 ipsa
214 3319 361 3393 epistula,
393 3328 444 3392 „at
464 3320 583 3392 lrabeat,
611 3322 664 3394 qai
676 3320 734 3379 sibi
748 3336 840 3394 aeprc
854 3321 1006 3394 adsideat,
1028 3337 1100 3381 sac-

118 3409 224 3463 carrat
242 3408 274 3464 rit
290 3404 414 3465 'vincula
435 3406 563 3465 coniecto
584 3407 630 3463 ael
649 3406 764 3479 inopi,“
786 3404 840 3463 sed
861 3413 903 3464 ut·
915 3402 1027 3465 habeat
1047 3404 1101 3464 ali-

113 3501 219 3560 quem,
245 3488 297 3549 cni
309 3489 380 3564 ipse
395 3503 489 3565 aegro
506 3486 663 3561 adsideat,
679 3502 770 3562 quem
781 3487 849 3563 ipse
861 3489 1099 3549 circumventum
