2422 3862
197 195 369 258 EPISTUL.
383 195 476 258 ΜΘΗ.
498 197 634 260 tlulv.
656 197 715 255 EP:
729 205 770 257 11.
783 205 822 257 ιε.
840 205 897 271 (ro.
908 201 965 268 tr.)
1029 195 1069 260 85

99 349 235 408 incessus
247 346 416 408 modestior
427 349 577 422 convenit,
592 349 633 408 ita
644 348 739 409 oratio
751 364 870 424 pressa,
886 365 948 408 non
959 349 1070 410 audax.

99 431 219 576 βιὲωωε
231 447 314 574 {rgo
335 448 518 493 summamm
540 431 617 492 haec
639 433 708 492 erit:
736 432 940 508 tardiloquum
955 440 984 493 te
999 448 1070 494 esse

98 533 124 576 ur
145 531 194 580 eo.
293 530 320 575 e.

378 649 594 708 EPISTULA
617 652 677 708 XII.
706 653 777 724 (ll.)

346 746 457 798 Sarnaca
475 749 586 799 Lucuro
607 759 658 798 suo
678 760 816 802 susurru.

151 850 244 910 Facis
265 866 329 909 rem
351 850 496 924 optimam
517 858 547 911 et
567 852 619 912 tibi
640 853 817 925 salutarem,
840 853 881 922 si,
904 860 936 912 ut
951 854 1098 928 scribis,1

95 949 278 1011 perseveras
304 934 349 993 ire
373 934 413 992 ad
439 935 550 995 bonam
575 942 722 1010 mentem,
756 952 845 1011 quam
875 938 997 997 stultum
1024 948 1072 999 est

93 1028 217 1095 optare,
240 1033 309 1078 cum
331 1019 434 1092 possis
456 1034 474 1078 a
493 1027 523 1097 te
538 1019 699 1094 inpetrare.
730 1019 796 1079 Non
812 1022 938 1082 suntad
953 1024 1072 1083 coelum

93 1102 263 1164 elevandae
283 1117 391 1162 manus
406 1117 464 1162 nec
478 1104 653 1187 exorandus
669 1103 824 1178 aedituus,
846 1112 877 1164 ut
892 1121 949 1165 nos
965 1107 1003 1165 ad
1017 1123 1070 1167 au-

92 1203 157 1246 rem
171 1186 341 1257 simulacri,
363 1187 451 1261 quasi
466 1186 564 1262 magis
579 1188 715 1248 exaudiri
730 1187 901 1262 possimus,
920 1189 1070 1251 admittat:

94 1286 218 1346 prope
239 1278 301 1331 est
320 1286 339 1328 a
360 1277 395 1329 te
417 1271 529 1344 deus,
553 1280 676 1331 tecum
699 1280 771 1344 est,
795 1273 900 1333 intus
923 1282 991 1333 est.
1027 1275 1099 1334 ltat

93 1353 179 1427 dico,
201 1354 313 1414 Lucilla
336 1368 425 1415 sacer
438 1355 517 1414 intra
532 1370 589 1415 nos
601 1354 727 1430 spiritus
739 1355 841 1428 sedet,
857 1358 1005 1418 malorum
1016 1360 1070 1419 bo·

92 1453 267 1514 notumque
281 1444 455 1500 nostrorum
470 1438 659 1512 observator,
683 1445 735 1512 [et]
752 1448 867 1501 custos.
888 1440 937 1501 hic
951 1451 1071 1516 prouta

93 1523 185 1584 nobis
204 1529 350 1583 tractatus
369 1530 431 1596 est,
452 1523 494 1583 ita
513 1539 570 1584 nos
588 1521 657 1599 ipse
671 1529 787 1584 tractat.
820 1525 920 1584 bonus
936 1540 1009 1586 vero
1026 1527 1072 1585 vir

94 1606 160 1668 sine
175 1607 237 1667 deo
254 1622 343 1667 nemo
358 1615 420 1667 est=
442 1622 480 1666 an
497 1616 598 1682 potest
613 1606 723 1682 aliquis
739 1624 834 1682 supra
848 1608 999 1669 lortunam
1014 1609 1072 1670 nisi

93 1692 131 1751 ab
154 1691 206 1751 illo
228 1689 351 1751 adiutus
373 1699 561 1766 exsurgeret
587 1691 637 1751 ille
657 1691 709 1751 dat
724 1691 852 1752 consilia
867 1691 1028 1766 magnifica
1042 1701 1072 1752 et

93 1782 206 1835 erecta.
242 1775 271 1833 in
285 1790 476 1850 unoquoque
491 1777 624 1836 virorum
638 1775 788 1836 bonorum

274 1863 340 1934 quis
354 1861 426 1920 deus
439 1863 583 1920 iocatum
596 1866 652 1932 est,
675 1861 789 1919 dubitat
801 1860 883 1920 deas.

94 1944 126 2004 Si
141 1944 197 2005 tibi
211 1944 379 2004 occurrerit
392 1944 519 2004 vetustis
534 1942 696 2004 arboribus
710 1950 740 2003 et
754 1943 872 2003 solitam
885 1942 1100 2010 altitudinema

93 2027 232 2104 egressis
257 2029 402 2102 frequens
426 2029 514 2088 lucus
540 2034 571 2088 et
594 2035 792 2102 conspectum
817 2027 895 2087 coeli
919 2044 1072 2089 ramorum

92 2114 223 2174 aliorum
243 2113 321 2173 alios
343 2112 562 2188 protegentium
583 2111 690 2173 umbra
704 2112 907 2173 submovens:
937 2112 987 2172 illa
1000 2129 1071 2188 pro-

94 2197 206 2258 ceritas
232 2196 328 2256 silvae
349 2205 380 2256 et
403 2205 553 2257 secretum
578 2197 637 2257 loci
659 2203 689 2256 et
711 2196 869 2257 admiratio
891 2197 1017 2257 umbrae
1041 2198 1072 2257 in

95 2289 204 2358 aperto
229 2289 291 2341 tam
309 2280 425 2341 densae
451 2288 544 2357 atque
570 2281 731 2341 continuae
754 2281 845 2342 fidem
866 2281 920 2341 tibi
940 2281 1072 2341 numinis

93 2367 176 2426 lacit.
199 2365 271 2425 etsi
286 2365 356 2440 quis
371 2380 485 2440 specus
503 2365 588 2426 saxis
604 2365 724 2440 penitus
739 2367 842 2426 exesis
857 2373 988 2426 montem
1003 2382 1073 2425 sus·

95 2449 251 2526 penderit,
280 2465 341 2509 non
366 2465 458 2510 manu
479 2450 591 2524 lactus,
619 2450 677 2510 sed
702 2449 889 2511 naturalibus
916 2448 1020 2509 causis
1041 2448 1072 2507 in

95 2541 210 2595 tantam
229 2534 384 2594 laxitatem
405 2541 588 2607 excavatus,
616 2534 747 2594 animum
768 2542 853 2595 tuum
874 2532 1006 2607 quadam
1025 2548 1072 2592 re-

97 2617 219 2694 ligionis
234 2617 412 2693 suspicione
428 2618 585 2692 percutiet.
607 2633 785 2692 magnorum
800 2617 957 2677 fluminum
973 2617 1074 2692 capita

97 2718 288 2762 veneramur.
309 2701 409 2762 subita
424 2717 462 2761 ex
477 2700 580 2762 abdito
595 2703 673 2762 vasti
689 2703 786 2761 amnis
801 2700 918 2776 eruptio
934 2716 1005 2760 aras
1019 2700 1072 2760 ha·

74 2840 80 2845 .
96 2787 156 2847 bet.
179 2787 321 2848 coluntur
336 2801 484 2862 aquamm
501 2786 662 2847 calentium
676 2787 791 2861 sontes,
813 2792 843 2846 et
856 2793 965 2860 stagna
980 2801 1073 2862 quae·

97 2870 167 2930 dam
187 2872 237 2930 vel
258 2870 397 2946 opacitas
412 2869 460 2930 vel
475 2870 614 2931 inmensa
627 2870 752 2931 altitudo
767 2870 913 2930 sacravit:
936 2870 963 2929 si
977 2867 1103 2931 homi-t

97 2970 165 3015 nem
185 2954 300 3014 videris
322 2954 487 3016 interritum
509 2955 667 3030 periculis,
690 2955 834 3015 intactum
850 2953 1074 3029 cupiditatibus,

96 3036 174 3100 inter
188 3039 321 3100 adversa
338 3038 473 3113 felicem,
491 3040 520 3098 in
538 3039 646 3100 mediis
664 3037 895 3114 tempestatibus
910 3038 1073 3113 placidum,

97 3139 136 3182 ex
158 3124 320 3200 superiore
344 3123 413 3184 loco
434 3123 575 3184 homines
596 3124 766 3197 videntem,
794 3139 833 3183 ex
857 3138 957 3197 aequo
981 3121 1074 3182 deos:

98 3222 159 3268 non
180 3207 294 3269 subibit
310 3214 339 3267 te
354 3209 420 3268 eius
435 3207 612 3268 veneratio?
639 3223 700 3268 non
716 3207 816 3267 dices:
839 3206 899 3267 ista
912 3222 963 3267 res
979 3206 1076 3265 maior

99 3300 145 3353 est
158 3292 308 3367 altiorque
324 3308 415 3366 quam
430 3300 463 3353 ut
476 3291 561 3352 credi
576 3291 682 3352 similis
697 3291 783 3365 huic,
805 3290 836 3350 in
852 3307 913 3367 quo
929 3297 985 3363 est,
1008 3305 1075 3350 cor-

99 3378 229 3450 pusculo
246 3375 367 3452 possitt
400 3375 457 3437 Vis
473 3377 551 3436 istuc
566 3376 669 3436 divina
685 3375 852 3436 descendit.
876 3374 1008 3434 animum
1024 3380 1104 3433 εει-5

99 3461 271 3537 pellentem,
287 3460 491 3535 moderatum,
509 3460 609 3522 omnia
621 3467 780 3539 tamquam
788 3459 1084 3522 minorauanseun-
