2422 3862
253 249 530 312 urrsruumoa.
552 249 718 311 umrnu.
740 251 866 328 naa(
903 255 927 334 .)
1020 255 1084 317 aaa
1188 219 1190 224 ’

101 408 151 464 tus
180 416 292 461 essem.
339 401 511 476 „Numquid
540 399 673 461 crastina
699 418 761 462 non
785 402 859 462 fallit
881 403 979 464 hora?
1017 405 1132 466 fallitl'l

102 486 198 558 enim,
221 485 305 560 quod
326 485 474 545 nescienti
495 485 626 545 evenit.“
672 484 754 561 Ego,
782 485 856 561 quid
882 488 1015 548 futurum
1040 489 1088 562 sit,

103 570 225 631 nesci0=
249 569 323 643 quid
344 569 410 629 fieri
433 570 547 645 possit,
568 571 643 629 scio.
681 569 795 630 exhor
813 569 885 629 nihil
904 571 1089 647 desperabo,

100 662 196 715 totum
216 660 381 728 exspecto=
409 652 435 713 si
451 652 526 728 quid
542 652 715 727 remittitur,
735 653 808 714 boni
824 655 962 716 consulo.
1001 656 1090 718 Fallit

100 753 150 797 me
164 737 257 811 hora,
274 737 300 796 si
318 735 428 811 paroit=
455 737 566 797 sedne
581 735 627 797 sie
643 737 765 812 quidem
782 737 865 797 fallit.
898 755 967 799 nam
983 755 1088 814 quem-

100 821 266 882 admodum
282 821 347 881 seio
364 822 466 881 omnia
482 820 623 881 accidere
638 836 749 896 posse,
770 820 815 881 sie
830 823 895 882 seio
911 831 941 884 et
955 839 1015 883 non
1030 823 1088 884 uti·

102 920 163 982 que
178 920 298 965 casura.
319 905 425 980 utique
440 904 577 964 secunda
593 910 750 979 exspecto,
766 905 854 965 malis
870 913 994 981 paratus
1009 923 1088 967 sum.

99 990 133 1048 ln
148 988 201 1050 illo
218 990 302 1049 feras
322 1004 370 1047 me
392 1003 522 1048 neeesse
542 996 590 1049 est
610 1005 671 1048 non
695 1004 751 1063 per
769 990 992 1064 praescriptum
1013 999 1130 1056 eun-18

98 1080 159 1134 tem
170 1095 177 1128 ι
190 1088 252 1133 non
268 1073 348 1132 enim
369 1073 515 1146 adducor,
530 1073 607 1132 utin
624 1088 781 1133 numerum
796 1072 964 1134 liberalium
979 1075 1088 1136 artium

99 1157 277 1234 pictores
301 1155 463 1232 recipiam,
496 1172 556 1217 non
577 1157 673 1231 magis
690 1173 781 1233 quam
801 1157 1020 1218 statuarios
1036 1167 1088 1221 aut

99 1240 379 1302 marmorarios
401 1246 452 1300 aut
477 1248 597 1301 eeteros
623 1241 761 1304 luxuriae
779 1240 944 1302 ministros.
987 1258 1087 1318 aeque

99 1329 320 1388 luctatores
343 1332 373 1385 et
388 1333 481 1386 totam
499 1326 568 1385 oleo
584 1341 621 1384 ae
638 1326 700 1386 luto
719 1331 909 1386 constantem
928 1327 1087 1386 seientiam

99 1411 223 1484 expello
240 1425 279 1468 ex
294 1408 343 1468 his
358 1408 468 1470 studiis
486 1409 677 1469 liberalibus:
689 1417 742 1469 aut
757 1417 787 1470 et
801 1409 1020 1483 unguentarius
1037 1426 1086 1470 re-

99 1495 210 1570 cipiam
227 1499 256 1554 et
273 1507 391 1569 coquos
407 1500 437 1553 et
459 1500 579 1554 eeteros
602 1493 808 1569 voluptatibus
831 1493 944 1553 nostris
966 1493 1086 1567 ingenia

99 1578 373 1639 adcommodantes
390 1594 455 1637 sua.
500 1577 573 1652 quid
588 1578 686 1651 enim,
703 1583 817 1648 orote,
835 1575 960 1635 liberale
974 1576 1129 1643 habent19

97 1663 149 1722 isti
166 1661 258 1723 ieiuni
274 1662 453 1735 vomitores,
474 1677 604 1736 quorum
622 1676 754 1736 corpora
769 1661 799 1720 in
815 1661 931 1736 sagina,
948 1661 1039 1720 animi
1055 1661 1085 1720 in

98 1744 198 1805 macie
213 1752 243 1805 et
259 1753 384 1806 veterno
406 1752 498 1805 sunt?
538 1762 575 1806 an
600 1745 724 1805 liberale
749 1744 883 1805 studium
909 1745 987 1804 istuc
1013 1759 1085 1804 esse

97 1829 248 1891 iuventuti
262 1838 386 1890 nostrae
402 1829 570 1904 eredimus,
596 1845 687 1904 quam
708 1829 840 1889 maiores
857 1829 952 1888 nostri
968 1836 1084 1889 rectam

99 1921 304 1974 exercuerunt
319 1913 440 1973 hastilia
457 1914 573 1986 iacere,
595 1914 702 1973 sudem
717 1921 875 1987 torquere,
892 1928 1003 1988 equum
1021 1912 1084 1986 agi·

98 2005 179 2070 tare,
198 2013 282 2057 arma
296 2004 447 2058 tractaret
488 1997 561 2056 nihil
583 1997 697 2058 liberos
719 2013 794 2058 suos
811 1997 978 2070 docebant,
1002 1995 1085 2072 quod

99 2080 281 2141 discendum
299 2088 383 2142 esset
399 2080 579 2142 iacentibus.
619 2079 681 2141 Sed
703 2096 761 2141 nee
776 2081 854 2141 haee
870 2097 926 2141 nee
941 2082 992 2141 illa
1011 2079 1084 2140 edo

99 2171 169 2225 cent
184 2166 307 2226 aluntve
324 2166 473 2225 virtutem.
515 2164 588 2242 quid
605 2165 683 2225 enim
699 2166 827 2242 prodest
841 2180 955 2240 equum
977 2179 1085 2238 regere

97 2257 128 2309 et
146 2252 269 2309 oursu'm
286 2251 352 2309 eius
376 2251 463 2310 freno
480 2258 664 2326 temperare,
693 2249 865 2310 adfectibus
885 2247 1084 2310 effrenatissi-

97 2331 156 2393 mis
174 2332 329 2395 abstrahil
361 2333 434 2408 quid
450 2335 578 2408 prodest
591 2335 704 2395 mullos
719 2335 840 2394 vincere
856 2334 1020 2395 luctatione
1034 2333 1084 2392 vel

97 2424 219 2490 caestu,
236 2417 274 2478 ab
289 2416 447 2477 iracundia
466 2419 565 2478 vineit
606 2420 706 2492 „Quid
728 2426 824 2493 ergot
851 2418 924 2478 nibil
946 2417 1035 2478 nabis
1050 2415 1126 2480 tito

96 2500 214 2559 beralia
228 2501 388 2562 conferunt
401 2503 549 2561 studiat“
592 2503 641 2561 Ad
657 2504 715 2562 alia
730 2504 871 2574 multum,
885 2502 927 2561 ad
942 2500 1083 2560 virtutem

96 2581 182 2643 nibil.
224 2600 293 2643 nam
312 2593 342 2646 et
361 2585 420 2644 hae
439 2586 516 2644 viles
538 2600 577 2644 ex
599 2587 742 2660 professo
768 2593 863 2658 artes,
890 2599 970 2660 quae
991 2598 1084 2643 manu

97 2674 247 2742 constant,
262 2669 303 2728 ad
318 2669 517 2729 instrumenta
527 2669 607 2729 vitae
620 2669 782 2744 plurimum
798 2669 967 2741 conferunt,
981 2674 1083 2726 tamen

95 2752 136 2811 ad
153 2752 294 2813 virtutem
309 2768 371 2812 non
387 2753 546 2829 pertinent.
583 2752 725 2826 „Quare
740 2767 832 2829 ergo
847 2750 1082 2811 liberalibus

97 2834 243 2896 studiis
266 2837 636 2897 filiuserudimusl“
680 2837 758 2897 Non
786 2837 876 2912 quia
903 2836 1083 2896 virtutem

96 2918 189 2979 dare
210 2928 395 2997 possunt,
420 2921 489 2981 sed
508 2921 599 2997 quia
623 2922 786 2982 animum
811 2921 856 2981 ad
882 2920 1082 2996 aecipien-

96 3003 178 3063 dam
206 3004 388 3064 virtutem
415 3014 663 3081 praeparant.
712 3005 970 3082 quemadmodum
987 3003 1084 3079 prima

95 3086 162 3161 illa,
178 3095 210 3148 ut
224 3087 341 3163 antiqui
357 3089 524 3162 vocabant,
541 3090 709 3163 literatura,
725 3106 886 3166 perquam
902 3088 1006 3165 pueris
1022 3089 1082 3146 ele-

94 3179 197 3231 menta
211 3173 385 3246 traduntur,
402 3189 463 3232 non
480 3173 570 3233 docet
583 3174 726 3234 liberales
742 3181 838 3246 artes,
855 3174 912 3234 sed
927 3188 999 3233 mox
1015 3187 1082 3245 per·

94 3254 247 3330 oipiendis
265 3259 366 3317 locum
385 3265 487 3332 parat,
517 3257 562 3317 sio
577 3257 720 3318 liberales
735 3265 817 3318 artes
832 3274 893 3318 non
913 3257 1084 3332 perducunt

93 3338 228 3400 animum
244 3342 284 3401 ad
300 3339 456 3414 virtutem,
478 3341 533 3401 sed
549 3341 726 3416 expediunt.
766 3341 936 3416 Quatuor
954 3341 995 3400 ait
1012 3344 1122 3399 essell

92 3423 434 3485 artiumPosidonius
453 3439 609 3499 ganera=
631 3432 703 3484 sunt
725 3428 911 3501 volgares
936 3430 973 3483 et
997 3438 1080 3482 sor-

93 3506 227 3582 didae,
249 3509 527 3584 suntludierae,
550 3507 829 3584 suntpueriles,
852 3506 1080 3568 suntlibera·
