2422 3862
260 250 431 311 EPISTUL.
445 249 539 311 Most.
560 250 633 311 LlB.
646 251 695 310 lX.
716 249 773 308 ΕΡ.
784 260 809 312 5.
833 259 904 325 (76.)
1011 250 1072 316 189

97 403 180 463 nulla
192 416 255 462 non
272 400 367 461 virtus
381 399 540 461 laborabit.
568 401 650 460 nulla
665 400 745 459 enim
760 400 888 461 obtineri
903 403 1028 476 poterit,
1046 403 1072 464 si

98 485 260 562 quiequam
282 489 370 544 extra
389 499 424 543 se
443 483 621 558 respexerit.
656 482 786 557 quodsi
807 492 868 556 est,
894 485 1002 544 rationi
1025 502 1071 546 re-

96 575 221 645 pugnat,
237 585 275 628 ex
292 584 354 642 qua
369 567 495 628 virtutes
507 573 587 641 sunt,
602 573 632 626 ει
642 567 769 641 veritati,
786 583 866 642 quae
877 567 944 627 sine
954 567 1073 629 ratione

97 659 246 713 11011εειε
276 666 489 727 quaecumque
514 657 615 711 autem
642 651 747 724 opinio
772 651 890 710 veritati
913 660 1072 727 repugnat,

97 737 175 796 laisa
189 742 245 796 est.
290 735 397 794 Virum
413 734 527 795 bonum
543 734 698 795 concedas
719 748 849 794 necesse
869 742 916 793 εει
937 745 1115 801 ε11111111εε13

96 817 218 896 pietatis
236 834 310 893 erga
324 818 400 878 deos
412 833 493 878 esse.
515 815 618 893 itaque
630 817 776 892 quicquid
787 817 829 877 illi
840 816 958 892 accidit,
971 833 1071 895 aequo

95 901 197 962 animo
212 899 384 963 sustinebit.
405 901 482 961 sciet
495 899 575 960 enim
590 899 621 960 id
634 900 786 961 accidisse
800 900 868 977 lege
884 902 996 976 divina,
1012 919 1073 978 qua

96 986 242 1046 universa
263 985 442 1060 procedunt.
472 983 555 1059 quod
577 983 602 1044 si
624 991 686 1059 εει,
708 1001 800 1044 unum
821 984 863 1044 illi
879 986 991 1046 bonum
1007 987 1070 1060 eril,

96 1069 181 1147 quod
203 1067 374 1130 honestum.
402 1068 432 1128 in
454 1066 513 1128 hoc
533 1068 613 1128 enim
633 1069 767 1142 positum
789 1075 837 1128 est
854 1075 884 1128 et
901 1084 1009 1145 parere
1023 1070 1071 1131 dis

94 1170 152 1215 nee
173 1153 403 1213 excandescere
424 1151 464 1211 ad
483 1149 583 1212 subita
597 1165 654 1210 nec
669 1152 831 1227 deplorare
846 1161 958 1214 sortem
974 1169 1071 1228 suam,

94 1237 152 1298 sed
166 1236 318 1313 patienter
332 1235 475 1310 excipere
490 1237 583 1295 latum
598 1240 628 1293 ει
643 1235 744 1295 1εεε1ε
754 1233 911 1311 imperata.
934 1235 967 1296 Si
979 1238 1113 1297 ullumtl

94 1319 178 1381 aliud
200 1320 380 1399 estbonum
402 1317 681 1394 quamhonestum,
704 1327 850 1395 sequetur
865 1337 923 1381 nos
941 1320 1070 1381 aviditas

94 1404 184 1477 vitae,
200 1402 331 1464 aviditas
345 1418 448 1463 rerum
463 1401 553 1462 vitam
566 1403 785 1476 instruentium,
803 1404 887 1476 quod
905 1411 952 1464 est
966 1404 1070 1464 intole-

93 1489 199 1560 rabile,
211 1487 368 1559 inlinitum,
380 1501 499 1560 vagum.
518 1486 616 1546 solum
629 1501 702 1560 ergo
714 1486 828 1546 bonum
841 1493 888 1545 εει
898 1486 1070 1562 honestum,

94 1570 144 1632 cui
169 1571 281 1631 ruodus
309 1576 365 1630 εει.
408 1567 546 1630 Diximus
572 1570 700 1630 luturam
726 1568 881 1629 hominum
905 1568 1070 1631 feliciorem
1078 1575 1112 1629 25

95 1655 187 1714 vitam
206 1670 297 1729 quam
314 1653 456 1726 deorum,
475 1652 502 1712 si
516 1669 553 1713 ea
568 1651 650 1713 bona
664 1660 742 1726 sunt,
760 1668 890 1727 quorum
905 1653 1005 1714 nullus
1022 1653 1069 1712 dis

94 1755 170 1798 usus
186 1744 250 1811 est,
267 1744 420 1812 tamquam
435 1737 579 1813 pecunia,
595 1735 744 1796 honorosa
766 1735 854 1795 adice
868 1753 959 1808 nune,
977 1736 1068 1811 quod,

95 1823 122 1881 si
142 1821 236 1882 modo
258 1823 376 1881 solutae
392 1819 574 1896 corporibus
589 1820 708 1879 animae
722 1826 860 1895 manent,
881 1821 998 1880 felicior
1011 1821 1069 1880 illis

95 1911 193 1966 status
208 1911 304 1964 restat
318 1921 409 1979 quam
424 1912 485 1979 εει,
506 1904 576 1964 dum
594 1911 754 1963 versantur
771 1903 801 1962 in
817 1919 958 1978 corpore.
987 1903 1070 1977 utqui

95 1990 121 2049 si
139 1991 199 2048 ista
213 1988 296 2048 bona
310 1994 388 2062 sunt,
405 1987 515 2062 quibus
532 2002 587 2062 per
601 2002 732 2062 corpora
746 1986 866 2063 utimur,
881 1988 1003 2047 emissis
1015 1987 1071 2046 erit

95 2073 194 2148 peius,
212 2073 295 2148 quod
311 2079 418 2133 contra
434 2070 527 2131 iidem
541 2077 602 2144 est,
624 2069 776 2131 feliciores
791 2087 863 2132 esse
877 2071 980 2131 liberis
997 2077 1026 2130 ει
1039 2071 1069 2130 in

94 2155 272 2216 universum
293 2155 371 2217 datis
388 2157 489 2215 clusas
504 2162 535 2215 ει
549 2154 708 2215 obsessas.
751 2155 829 2215 lllud
845 2171 969 2232 quoque
985 2155 1068 2215 dixe·
1076 2164 1112 2219 16

95 2255 173 2314 ram,
189 2240 216 2300 si
230 2240 313 2300 bona
327 2245 398 2300 sunt
414 2255 465 2310 ea,
486 2255 565 2314 quae
581 2245 641 2299 tam
657 2237 771 2300 homini
786 2241 963 2315 contingunt
977 2255 1068 2316 quam

94 2324 185 2384 mutis
200 2323 396 2395 animalibus,
417 2330 448 2382 et
460 2330 542 2383 muta
555 2322 696 2382 animalia
711 2321 830 2383 beabam
843 2324 934 2383 vitam
950 2330 1068 2383 actura:

95 2407 180 2483 quod
200 2406 267 2466 lieri
287 2407 369 2466 nullo
389 2406 481 2466 modo
502 2413 613 2482 potest.
658 2405 766 2466 Omnia
788 2424 842 2483 pro
864 2405 993 2467 honesto
1014 2421 1068 2481 pa·

93 2491 198 2550 tienda
223 2496 307 2550 sunt:
341 2490 425 2565 quod
446 2506 507 2549 non
528 2499 592 2550 erat
612 2488 799 2564 laciendum,
826 2492 852 2550 si
873 2496 957 2549 esset
976 2490 1069 2549 ullum

93 2574 175 2638 alitxd
193 2574 306 2634 bonum
322 2589 413 2649 quam
427 2572 599 2634 honestum.
641 2573 742 2632 Haec
760 2573 933 2649 quamvis
948 2572 1068 2632 latius

86 2665 307 2718 exsecutus
330 2672 456 2717 essem
482 2655 604 2731 priori
630 2656 820 2730 epistula,
847 2655 1069 2717 constrinxi

93 2741 325 2801 utbreviter
345 2740 585 2837 percucurri
629 2739 799 2816 Numquam
814 2747 913 2800 autem
928 2754 1000 2800 vera
1015 2738 1110 2799 tibia?

94 2825 198 2901 opinio
220 2824 288 2885 baiis
305 2823 468 2897 videbitur,
489 2824 547 2885 nisi
565 2823 696 2883 animum
711 2824 836 2885 adleves
852 2829 881 2884 et
898 2831 926 2884 te
941 2824 1009 2899 ipse
1024 2825 1067 2883 in-

91 2915 240 3006 terrogas,
256 2908 283 2967 si
297 2923 347 2966 res
363 2908 506 2982 exegerit,
522 2913 555 2968 ut
568 2922 625 2984 pro
639 2908 738 2983 patria
748 2906 887 2968 moriaris
899 2915 930 2968 ει
940 2908 1068 2969 salutem

93 2993 228 3052 omnium
244 2989 354 3052 civium
369 2999 421 3051 tua
434 2989 576 3066 redimas,
592 3008 630 3051 an
646 2999 844 3067 porrecturus
858 2991 902 3051 sis
918 2992 1067 3052 cervicem

93 3093 154 3136 non
167 3082 282 3135 tantum
296 3057 459 3150 patienter,
476 3074 531 3134 sed
549 3075 638 3135 eliam
653 3075 796 3136 libentem
817 3077 842 3136 ε1
857 3075 917 3135 hoe
931 3076 993 3137 lact
981 3083 1067 3137 turus

92 3176 136 3234 es,
156 3160 272 3219 nullum
286 3159 366 3219 aliud
379 3158 494 3218 bonum
509 3167 565 3220 εει.
587 3159 689 3218 omnia
700 3159 780 3220 enim
791 3159 947 3235 relinquis,
956 3165 995 3219 ut
1008 3159 1067 3219 hoc

92 3244 219 3303 habeas.
263 3242 344 3302 Vide
360 3249 474 3316 quanta
488 3242 536 3302 vis
550 3241 670 3303 honesti
685 3243 739 3304 sit=
762 3260 817 3318 pro
831 3242 989 3318 republica
1004 3259 1066 3303 mo-

91 3326 195 3400 rieris,
219 3325 336 3385 etiamsi
351 3325 450 3386 statim
466 3327 601 3386 lactarus
621 3324 680 3386 hoc
701 3325 776 3400 eris,
798 3343 866 3388 cum
886 3327 993 3387 scieris
1014 3325 1066 3386 tibi

93 3427 164 3470 esse
186 3409 368 3470 laciendum.
412 3409 564 3470 Interdum
585 3425 624 3470 ex
645 3427 678 3471 re
699 3411 901 3486 pulcherrima
924 3413 1109 3485 magnaurae

92 3493 237 3568 gaudium
253 3493 341 3553 etiam
356 3494 467 3568 exiguo
483 3500 621 3572 tempore
634 3511 672 3558 ac
679 3493 774 3558 breui
784 3494 920 3573 capitur,
931 3500 967 3553 ει
975 3507 1085 3567 uuam·
