2422 3862
219 203 393 265 aristot.
404 202 498 265 molt.
519 203 593 263 LlB.
606 204 642 263 ll.
663 204 720 263 ΕΡ.
732 215 759 267 5.
772 214 798 269 6·
821 213 948 280 (17.18.)
1031 208 1074 271 30

95 358 188 437 piam=
212 356 728 433 interponasaliquotdies‚
756 359 897 434 quibus
919 369 1072 422 conten·

94 442 324 506 tusminimo
340 440 596 501 acvilissimo
613 440 715 514 cibo,
737 443 832 503 dura
853 452 970 519 atque
990 445 1073 506 hor-

93 529 177 588 rida
205 534 316 586 veste
344 525 454 585 dicas
478 525 565 585 tibi:
603 524 770 598 „hocest
796 528 895 601 quod
919 528 1072 589 timeba-

94 615 190 673 turt“
218 611 252 670 ln
264 611 334 685 ipsa
348 609 510 670 securitate
525 610 644 671 animus
659 609 699 669 ad
714 609 850 671 diflicilia
864 626 899 671 se
911 622 1103 688 praeparate

95 706 122 757 et
136 702 245 757 contra
259 692 388 757 iniurias
403 695 543 754 fortunae
556 692 635 754 inter
648 693 799 757 beneficia
813 695 957 757 firmetur.
985 697 1073 758 Miles

95 782 121 840 in
137 780 241 841 media
255 794 334 854 pace
349 778 482 838 decurrit
497 776 563 841 sine
577 779 639 838 ullo
652 778 750 852 hoste,
767 780 878 839 vallum
894 779 965 841 iacit
979 789 1009 841 et
1023 797 1073 842 su-

95 879 250 941 pervacuo
263 862 373 924 labore
387 863 533 936 lassatur,
556 870 590 923 ut
605 862 750 924 sulficere
766 866 945 926 necessario
962 864 1072 940 possit.

95 964 185 1025 quem
197 948 227 1008 in
239 948 354 1024 ipsane
366 945 520 1021 trepidare
531 946 681 1020 nolueris,
698 953 768 1007 ante
778 962 842 1007 rem
854 965 975 1010 exerce.
1006 950 1073 1012 Hoc

94 1032 190 1094 secuti
210 1040 298 1106 sunt,
322 1031 377 1107 qui
396 1031 536 1093 omnibus
559 1029 716 1092 mensibus
740 1041 951 1108 paupertatem
968 1033 1073 1094 imitati

94 1133 192 1194 prope
211 1117 252 1177 ad
274 1114 408 1191 inopiam
427 1124 641 1187 accesserunt,
666 1131 705 1175 nc
724 1133 868 1190 umquam
885 1133 1073 1193 expavesce-

92 1210 167 1277 rent,
183 1202 269 1276 quod
285 1215 380 1275 saepe
401 1200 591 1260 didicissent.
626 1200 692 1260 Non
709 1209 757 1261 est
771 1218 853 1261 nunc
869 1202 953 1278 quod
971 1203 1101 1272 existi-7

93 1303 156 1347 mes
172 1302 223 1349 me
239 1284 344 1347 dicere
363 1284 526 1345 Timoneas
541 1299 656 1345 coenas
671 1292 701 1344 et
714 1301 885 1361 pauperum
901 1287 1013 1361 cellas,
1044 1296 1074 1348 et

93 1369 240 1448 quicquid
255 1369 338 1430 aliud
353 1376 409 1443 est,
425 1385 480 1444 per
496 1369 580 1445 qnod
595 1369 714 1430 luxuria
729 1369 900 1431 divitiarum
916 1371 1017 1432 taedio
1029 1372 1072 1432 lu·

92 1456 150 1517 dit:
172 1454 323 1530 grabatus
339 1452 389 1513 ille
410 1469 503 1515 varus
521 1453 560 1514 sit
581 1462 612 1514 ct
631 1469 740 1529 sagum
759 1463 788 1515 et
815 1455 903 1529 panis
924 1456 1019 1515 durus
1037 1471 1074 1516 ac

94 1539 250 1602 sordidus.
273 1539 334 1599 hoc
348 1537 448 1599 triduo
464 1545 494 1599 et
509 1539 669 1614 quatriduo
686 1539 745 1610 lar,
768 1537 919 1601 interdum
935 1539 1072 1614 pluribus

95 1624 218 1699 diebus,
240 1624 274 1683 ut
295 1638 358 1683 non
371 1623 458 1682 lusus
473 1624 526 1694 sit,
550 1622 607 1682 sed
621 1623 877 1698 experimentum:
899 1631 979 1696 tunc,
1001 1622 1073 1683 mihi

93 1709 200 1783 crede,
225 1706 338 1779 Lucili,
365 1706 533 1767 exsultabis
549 1707 697 1781 dipondio
716 1713 844 1767 saturet
861 1707 1018 1780 intelleges
1034 1707 1073 1765 ad

93 1791 288 1853 securitatem
307 1805 369 1851 non
385 1805 464 1865 opus
481 1805 552 1850 esse
566 1791 703 1851 fortuna:
726 1791 786 1851 hoc
801 1790 896 1863 enim,
922 1790 1006 1865 quod
1022 1806 1072 1849 ne·

93 1876 227 1936 cessitati
249 1882 298 1936 sat
319 1881 380 1947 est,
408 1875 462 1935 dat
475 1882 505 1935 et
521 1876 606 1934 irata.
643 1876 709 1935 Non
727 1882 904 1947 esttamen,
933 1888 1027 1949 quare
1042 1882 1103 1950 lug

92 1962 216 2022 multum
231 1958 287 2020 tibi
302 1959 403 2018 lacere
415 1959 557 2019 videaris.
588 1957 682 2019 iacies
697 1959 791 2034 enim,
815 1959 898 2035 quod
913 1960 1006 2018 multa
1021 1958 1073 2018 mi·

93 2045 320 2117 lia-servorum,
337 2043 527 2104 multamilia
541 2058 712 2118 pauperum
729 2042 858 2104 iaciunt:
882 2043 933 2104 illo
952 2045 1073 2104 nomine

93 2144 121 2189 te
133 2128 269 2204 suspice,
290 2127 375 2201 qnod
386 2127 481 2186 iacies
494 2144 553 2188 non
571 2135 712 2202 coactus,
740 2129 824 2204 quod
839 2136 899 2189 tam
915 2128 1003 2188 iacile
1019 2128 1074 2188 erit

92 2213 146 2273 tibi
155 2212 239 2275 ,illud
255 2211 317 2286 pati
332 2226 455 2286 semper
471 2226 562 2286 quam
576 2210 741 2286 aliquando
757 2212 899 2289 experiri.
920 2213 1073 2273 Exercea-

92 2313 160 2359 mur
174 2298 214 2356 ad
229 2295 344 2373 palum.
366 2303 396 2356 et
416 2311 454 2354 ne
473 2296 629 2370 inparatos
645 2297 765 2357 fortuna
780 2297 1003 2374 deprehendat,
1022 2297 1074 2356 liat

93 2382 182 2442 nobis
206 2387 374 2458 paupertas
393 2379 559 2440 familiaris.
600 2378 746 2441 Securius
769 2382 878 2443 divites
898 2381 1026 2454 erimus,
1048 2381 1074 2440 si

93 2464 265 2540 scierimus,
283 2479 374 2539 quam
391 2481 451 2525 non
469 2464 508 2524 sit
522 2480 616 2539 grave
627 2481 780 2542 pauperes
794 2481 875 2527 csso.
900 2466 1006 2525 Certos
1018 2464 1102 2529 hrt-9

93 2549 184 2611 nebat
207 2550 276 2609 dies
299 2544 348 2608 dle
363 2547 509 2623 magister
522 2549 685 2624 voluptatis
700 2550 868 2626 Epicurus,
885 2550 996 2624 quibus
1012 2565 1073 2608 ma-

90 2633 173 2710 ligne
188 2635 300 2695 tamem
313 2633 530 2708 exstingueret
545 2635 684 2708 visurus,
705 2651 742 2693 an
765 2633 879 2717 aliquid
896 2633 1021 2694 deesset
1035 2649 1074 2692 ex

93 2719 184 2793 plena
198 2725 229 2778 et
244 2725 455 2778 consummata
469 2717 635 2792 voluptate,
660 2719 708 2777 vel
726 2725 872 2794 quantum
887 2717 1026 2792 deesset,
1045 2725 1075 2778 et

92 2819 129 2862 an
146 2801 284 2877 dignum,
302 2802 387 2877 quod
409 2802 478 2877 quis
493 2817 604 2877 magno
619 2802 724 2862 labore
739 2810 895 2878 pensaret.
918 2801 978 2863 hoc
992 2809 1075 2862 certe

94 2886 122 2946 in
138 2887 187 2946 his
203 2886 345 2961 epistulis
365 2885 422 2960 ait,
451 2902 528 2961 quas
544 2884 667 2961 scripsit
687 2885 815 2946 Charino
836 2887 1013 2962 magistratu
1035 2887 1073 2946 ad

93 2971 298 3050 Polyaenum:
320 2977 350 3030 et
365 2969 489 3044 quidem
500 2970 646 3045 gloriatur
657 2987 718 3031 non
729 2978 793 3031 toto
807 2987 879 3031 asse
891 2972 991 3046 pasci:
1011 2970 1074 3029 lilo-

94 3056 261 3128 trodorum,
286 3055 336 3130 qui
353 3055 487 3114 nondum
502 3062 615 3115 tantum
632 3055 805 3131 profecerit,
826 3063 900 3115 toto.
923 3056 957 3114 ln
971 3055 1032 3116 lroc
1045 3062 1117 3123 turn

96 3140 175 3200 victu
199 3138 389 3199 saturitatem
411 3145 500 3214 putas
521 3145 614 3199 esse?
636 3145 667 3198 et
686 3141 830 3214 voluptas
852 3147 908 3200 est.
932 3139 1074 3215 voluptas

96 3231 195 3285 autom
214 3238 275 3284 non
292 3223 344 3282 illa
361 3223 439 3283 levis
455 3230 485 3284 et
505 3224 599 3298 tagax
620 3230 650 3283 et
668 3222 798 3283 subinde
812 3223 997 3298 reficienda,
1018 3223 1073 3282 sed

96 3307 214 3369 stabilis
229 3315 260 3369 et
281 3312 375 3368 certa.
404 3324 464 3368 non
486 3307 566 3367 enim
585 3307 719 3367 iucunda
738 3323 789 3368 res
810 3314 858 3367 est
878 3324 959 3382 aqua
973 3315 1004 3368 et
1019 3322 1074 3382 po-

98 3393 176 3452 lenta
197 3399 250 3453 aut
270 3393 398 3453 frustum
415 3392 578 3452 hordeacei
594 3390 699 3466 panis,
723 3391 780 3450 sed
798 3407 919 3452 summa
934 3391 1080 3464 voluptas

100 3484 145 3538 est
157 3492 256 3553 posse
269 3491 380 3550 capere
394 3477 483 3538 etiam
498 3492 538 3538 ex
553 3476 602 3539 iris
618 3475 817 3556 voluptatem
830 3485 861 3540 et
877 3475 971 3540 adid
987 3490 1029 3534 se
1042 3474 1098 3532 ne.-
