2422 3862
262 206 541 269 aristotelea.
563 206 635 267 LlB.
647 207 708 268 itti.
729 208 788 267 ΕΡ.
800 215 826 270 3.
849 217 862 284 (
899 214 920 281 .)
1014 208 1077 274 231

93 365 178 427 Non:
198 360 257 423 scit
270 358 349 420 enim
365 360 417 420 illa
429 377 490 421 non
506 376 578 420 esse
593 361 686 433 mala,
703 361 760 422 sed
777 361 884 421 videri.
905 360 1006 423 omnia
1018 361 1079 424 ista

92 450 246 509 humanae
268 445 347 506 vitae
366 444 542 504 formidines
565 451 659 519 putat.
695 445 842 505 Describe
863 446 1076 521 captivitatem,
1084 452 1118 509 at

91 532 239 604 verbera,
264 538 403 601 catenaS,
429 534 594 604 egestatem
613 535 643 588 et
656 530 858 590 membrorum
873 530 1076 591 lacerationes

92 618 144 676 vel
160 631 216 691 per
230 614 367 673 morbum
383 613 431 671 vel
453 628 509 687 per
523 613 660 672 iniuriam
682 620 712 672 et
731 614 876 689 quicquid
892 615 973 674 aliud
989 615 1075 674 adtu-

93 701 183 761 leris=
210 700 289 758 inter
308 695 513 774 lymphaticos
534 703 631 757 metus
653 704 800 757 numerat.
830 698 888 758 ista
908 699 1021 758 timidis
1040 698 1075 759 ti-

93 784 207 844 menda
223 791 302 843 sunt.
331 783 380 840 An
395 779 426 840 id
441 780 598 841 existimas
614 792 740 855 matum,
755 781 795 841 ad
811 782 894 856 quod
911 781 1076 857 aliquando

92 868 184 928 nobis
199 874 305 926 nostra
319 872 430 940 sponte
446 865 629 924 veniendum
644 871 711 925 esto
732 865 859 939 Quaeris
876 866 949 941 quid
964 867 1004 926 sit
1014 879 1118 934 maes

92 954 177 1013 lumi
207 951 323 1011 Cedere
338 949 391 1021 iis,
414 965 494 1023 quae
508 950 587 1009 mala
603 956 766 1024 vocantur,
789 958 819 1010 et
835 949 893 1010 illis
909 949 1077 1011 libertatem

93 1052 182 1097 suam
199 1034 327 1107 dedere,
348 1048 404 1108 pro
421 1051 482 1107 qua
497 1040 606 1093 cuneta
621 1033 765 1108 patienda
779 1041 859 1094 sunt.
888 1034 969 1095 Perit
987 1034 1076 1094 liber-

92 1129 157 1193 tas,
178 1119 237 1178 nisi
255 1119 306 1178 illa
320 1117 555 1189 contemnimus,
582 1134 662 1192 quae
682 1117 771 1178 nobis
790 1117 894 1192 iugum
917 1119 1076 1193 inponunt.

92 1204 159 1264 Non
181 1203 367 1275 dubitarent,
394 1201 467 1275 quid
491 1203 669 1262 conveniret
695 1202 764 1262 torti
789 1202 873 1276 viro,
900 1203 926 1263 si
953 1202 1076 1277 scirent,

94 1288 171 1363 quid
192 1295 276 1347 esset
297 1285 502 1346 tortitudo.
536 1301 597 1344 non
614 1293 663 1346 est
677 1284 756 1345 enim
772 1285 943 1348 inconsulta
958 1287 1075 1347 temeri-

92 1379 140 1432 tas
163 1386 219 1430 nec
242 1370 444 1446 periculorum
468 1386 630 1431 amornec
652 1368 886 1430 formidabilium
915 1371 1075 1446 adpetitio:

93 1455 221 1515 scientia
235 1460 283 1515 est
298 1452 519 1528 distinguendi,
543 1455 619 1529 quid,
631 1455 670 1515 sit
684 1455 794 1513 malum
817 1462 847 1514 et
862 1455 936 1530 quid
951 1471 1012 1514 non
1028 1455 1076 1514 sit.

92 1539 330 1614 Diligentissima
349 1538 379 1597 in
394 1538 486 1598 tutela
501 1539 549 1598 sui
565 1539 709 1599 tortitudo
730 1544 778 1597 est
792 1544 822 1597 et
837 1538 944 1597 eadem
959 1538 1073 1612 patien-

92 1623 210 1683 tissima
225 1638 345 1693 eorum,
368 1622 478 1696 quibus
494 1622 571 1682 laisa
587 1623 709 1696 species
724 1622 871 1680 malorum
887 1629 943 1682 est.
977 1620 1117 1695 „Quidue

93 1713 190 1780 ergo?
205 1706 232 1766 si
247 1708 361 1766 terrum
376 1706 571 1784 intemptatur
586 1705 757 1766 cervicibus
772 1703 829 1764 viri
844 1705 944 1779 tortis,
960 1706 986 1765 si
1002 1721 1075 1780 pars

93 1789 225 1850 subinde
239 1791 298 1850 alia
313 1797 405 1863 atque
421 1789 480 1849 alia
494 1791 682 1864 subfoditur,
708 1791 734 1849 si
751 1789 870 1848 viscera
890 1805 947 1848 sua
961 1788 992 1848 in
1006 1790 1077 1849 sinu

93 1890 152 1934 suo
172 1872 260 1947 vidit,
288 1875 314 1934 si
335 1890 374 1933 ex
396 1874 568 1948 intervallo,
595 1891 656 1949 quo
678 1872 776 1948 magis
792 1880 939 1934 tormenta
956 1873 1075 1948 sentiat,

92 1958 239 2033 repetitur
257 1965 288 2017 et
308 1974 363 2033 per
383 1957 540 2018 adsiccata
560 1959 680 2019 viscera
700 1973 809 2017 recens
829 1958 984 2018 dimittitur
1006 1973 1075 2016 san-

93 2042 177 2116 guis:
200 2058 261 2102 non
284 2042 388 2102 timere
409 2041 499 2102 istum
518 2050 551 2102 tu
566 2043 651 2103 dices
666 2058 724 2103 nec
741 2042 887 2101 doleret“
921 2043 981 2102 lste
1001 2057 1075 2102 vero

92 2126 186 2186 dolet.
215 2142 341 2185 sensum
362 2129 440 2186 enim
462 2127 592 2188 hominis
613 2128 694 2187 nulla
709 2127 794 2186 exuit
807 2127 912 2186 virtus.
943 2126 1074 2186 sednon

57 2239 63 2246 ·
94 2211 191 2269 timet=
207 2209 337 2270 invictus
354 2226 392 2270 ex
410 2211 469 2273 alto
485 2212 609 2272 dolores
622 2228 697 2273 suos
711 2217 837 2286 spectat.
861 2210 989 2284 Quaeris
1006 2210 1074 2286 quis

93 2302 166 2354 tunc
181 2295 300 2354 animus
319 2294 361 2354 illi
375 2296 435 2355 siti
463 2296 515 2370 qui
530 2312 655 2370 aegrum
670 2295 800 2356 amicum
812 2295 1053 2362 adhortantibus

158 2377 290 2450 „Quod
319 2381 450 2439 malum
479 2389 541 2441 est
562 2386 685 2440 nocet.
725 2380 827 2454 quod
856 2387 982 2452 nocet,
1013 2379 1119 2442 de-eo

93 2463 281 2523 teriorem
310 2463 412 2522 lacit.
450 2465 564 2524 dolor
591 2471 628 2525 et
655 2469 872 2539 paupertas
902 2463 1075 2522 deterio-

94 2562 169 2605 rem
191 2561 266 2605 non
289 2547 451 2608 iaciunt:
474 2563 564 2622 ergo
587 2549 683 2607 mala
706 2564 780 2608 non
803 2551 927 2607 sunt.“

155 2628 296 2703 „Falsum
319 2640 381 2703 est,
404 2632 516 2706 inquit,
540 2631 624 2706 quod
642 2630 832 2706 proponitis=
854 2630 1026 2700 nonenim,
1049 2630 1077 2690 si

93 2714 169 2790 quid
190 2723 294 2786 nocet,
318 2716 405 2775 etiam
431 2717 611 2775 deteriorem
634 2716 713 2774 iacit.
751 2717 930 2789 Tempestas
954 2720 985 2773 et
1005 2730 1076 2788 pro·

93 2799 171 2858 cella
186 2807 299 2859 nocent
312 2799 522 2874 gubernatori,
544 2816 605 2860 non
621 2808 721 2860 tamen
736 2800 818 2860 illum
834 2798 1017 2858 deteriorem
1032 2800 1075 2858 ia·

93 2885 207 2943 ciunt.“
246 2883 379 2956 Quidam.
389 2883 484 2946 Stoici
498 2886 539 2945 ita
554 2885 705 2945 adversus
721 2884 780 2944 hoc
796 2884 1002 2958 respondent:
1024 2883 1117 2942 de-31

93 2966 235 3028 teriorem
250 2966 315 3026 fieri
331 2969 564 3042 gubernatorem
580 2976 760 3045 tempestate
780 2984 817 3028 ae
832 2969 981 3043 procella,
1004 2967 1076 3040 quia

93 3068 153 3111 non
170 3052 270 3125 possit
284 3052 324 3125 id,
342 3054 425 3127 quod
441 3053 611 3130 proposuit,
628 3053 751 3112 efficere
766 3067 823 3112 nec
837 3060 941 3112 tenere
954 3067 1075 3112 cursum

92 3151 199 3196 suum=
226 3137 407 3196 deteriorem
429 3137 510 3198 illum
532 3138 562 3196 in
586 3146 651 3198 arte
670 3153 727 3197 sua
748 3153 809 3197 non
826 3135 907 3207 fieri,
934 3134 1076 3209 inopere

92 3219 168 3280 lieri.
198 3219 314 3293 Quibus
328 3219 562 3296 Peripateticus:
585 3237 694 3296 ‚,ergo‚
716 3218 828 3295 inquit,
854 3227 884 3278 et
905 3219 1076 3293 sapientem

92 3303 276 3363 deteriorem
292 3305 382 3364 taciet
397 3314 577 3379 paupertas,
600 3306 689 3365 dolor
710 3311 740 3363 et
755 3302 904 3378 quicquid
919 3303 1001 3362 aliud
1016 3303 1076 3362 tale

92 3387 191 3447 suerit.
221 3389 359 3447 virtutem
382 3389 461 3447 enim
482 3388 524 3449 illi
545 3405 605 3449 non
621 3387 744 3462 eripiet,
768 3388 824 3447 sed
839 3402 933 3462 opera
949 3386 1017 3445 eius
1032 3387 1076 3444 in·

93 3471 228 3546 pediet.“
261 3472 328 3531 Hoc
343 3479 424 3532 recte
439 3472 604 3545 diceretur,
621 3471 680 3533 nisi
695 3469 857 3530 dissimilis
867 3476 952 3529 esset
966 3468 1121 3542 guber-aa
