2422 3862
228 265 398 326 EPlSTUL.
413 264 507 326 uolt
529 265 679 329 blava.
702 265 759 325 ΕΡ.
767 274 792 327 4.
816 271 888 339 (66.)
979 267 1039 331 151

69 426 166 481 menta
183 418 315 480 tolerare
331 418 505 478 ulteriorem
527 415 643 476 doloris
669 418 880 477 accessionem
907 435 966 478 non
993 436 1038 480 re·

68 503 224 578 cipientia=
240 517 312 562 esse
324 500 517 561 nihilominus
533 498 591 558 sibi
606 499 688 560 illum
702 500 824 561 beatum
836 500 946 560 diem.“
967 502 1039 562 bea-

68 597 126 648 tum
142 593 245 646 autem
261 599 367 659 agore,
383 583 441 644 nisi
457 583 508 656 qui
524 589 572 642 est
592 583 620 641 in
639 600 756 644 summo
773 584 870 656 bono,
895 602 956 646 non
973 593 1039 660 pot·

66 679 121 731 est.
156 670 241 744 Ergo
257 677 288 729 et
301 669 384 744 apud
396 668 562 742 Epicurum
577 675 648 727 sunt
662 667 737 735 haec
754 668 844 740 bona,
874 684 954 744 quae
966 672 1084 732 mal-ta

67 755 110 814 les
124 770 187 814 uon
203 751 352 828 experiri,
376 751 518 831 sedquia
532 751 573 811 ita
587 767 639 816 res
652 751 732 823 tulit,
748 759 777 811 et
792 752 995 827 amplexanda
1010 760 1041 814 et

67 837 222 897 laudanda
236 835 482 911 etcxaequandu
502 834 628 895 summis
648 843 727 895 sunt.
770 835 836 897 Non
852 844 954 912 polest
969 837 1038 911 dici,

66 920 124 981 boc
143 937 209 982 uon
228 935 301 981 csse
323 935 378 994 pac
399 917 540 982 maximis
560 917 689 991 bonum,
722 919 805 994 quod
831 919 938 987 beatae
960 921 1039 981 vilae

65 1006 238 1066 pausulam
260 1003 411 1078 inposuit,
432 1001 480 1063 eui
494 1000 646 1077 Epicurus
667 1009 803 1064 menia
824 1020 900 1065 voce
924 1007 1037 1079 gnatius

65 1089 132 1162 egit
177 1086 319 1147 Permitte
334 1084 420 1158 mibi,
441 1085 538 1146 Lucili
554 1087 685 1146 virorum
701 1087 830 1162 optime,
849 1089 964 1165 aliquid
985 1095 1080 1151 auct

64 1171 178 1232 decius
199 1171 317 1232 dicere:
337 1172 363 1231 si
386 1171 448 1231 ulla
472 1170 553 1233 bona
577 1171 692 1232 maiora
716 1186 788 1236 esse
808 1171 876 1232 aliis
898 1181 1035 1247 possent,

65 1254 139 1315 baec
154 1270 231 1330 ego,
250 1269 329 1330 quae
343 1255 442 1315 tristia
455 1252 608 1326 videntur,
625 1255 765 1321 mollibus
780 1255 839 1317 illis
854 1264 884 1317 ct
899 1258 1035 1318 delicatis

64 1339 288 1413 praetulissem.
325 1338 400 1398 baec
425 1337 541 1397 maiora
565 1337 723 1402 dixissem.
759 1339 857 1408 maius
883 1348 930 1402 est
955 1340 1036 1400 enim

64 1422 201 1484 ditllcilia
222 1422 410 1497 perfringere
435 1437 525 1497 quam
551 1421 630 1482 laeta
650 1423 811 1483 moderari.
853 1423 968 1489 Eadem
989 1431 1077 1485 rte-50

63 1508 143 1568 tone
159 1506 210 1580 fit,
233 1506 315 1578 scio,
338 1514 370 1567 ut
383 1504 494 1580 aliquis
511 1505 682 1569 felicitatem
697 1507 775 1566 bene
790 1514 819 1568 et
834 1514 867 1567 ut
883 1508 1034 1568 calamita·

62 1596 120 1650 tem
135 1590 255 1651 lortber
268 1590 354 1651 terat.
375 1604 474 1664 acque
489 1605 560 1651 esse
574 1589 659 1651 lortis
677 1597 794 1665 potest,
817 1590 869 1664 qui
884 1592 1035 1664 provallo

62 1689 192 1735 securus
207 1673 354 1734 excubuit
373 1674 464 1736 nullis
485 1672 624 1734 hostibus
646 1682 747 1738 castro
766 1674 982 1748 temptantibus
1005 1681 1036 1736 et

62 1759 113 1832 qui
128 1758 262 1831 succisis
278 1757 444 1834 poplitibus
460 1757 488 1816 in
510 1771 609 1830 genua
630 1773 665 1818 sc
682 1759 803 1831 excepit
820 1772 877 1817 nec
892 1773 976 1825 arma
990 1757 1034 1816 di-

62 1843 158 1904 uisit=
180 1850 305 1903 macto
320 1842 464 1903 virtute
479 1848 563 1901 esto
587 1840 827 1914 sanguinolentis
847 1847 899 1913 [et]
915 1857 954 1900 ex
969 1842 1034 1901 acie

61 1926 261 1987 redeuntibus
277 1926 395 1986 dicitur.
428 1927 531 1998 itaque
545 1923 620 1985 baec
635 1924 732 2005 magis
750 1923 938 1987 laudaverim
953 1925 1034 1985 bona

18 2039 22 2043 ·
61 2012 197 2084 exercita
217 2019 248 2071 et
269 2011 360 2070 tortia
378 2017 408 2070 et
426 2025 493 2070 cum
514 2009 633 2069 fortuna
654 2009 761 2074 rixata.
804 2007 868 2082 Ego
890 2009 1032 2083 dubitem,
1042 2017 1074 2071 51

61 2093 136 2169 quin
155 2094 259 2168 magis.
276 2093 395 2157 laudem
415 2100 552 2154 truncam
573 2092 654 2151 illam
669 2099 699 2153 el
718 2091 897 2161 retorridum
913 2109 1034 2155 manum

60 2177 153 2238 Mucii
167 2192 261 2254 quam
281 2175 442 2237 cuiuslibet
461 2173 618 2237 tortissimi
638 2177 775 2244 saluam?
796 2175 883 2247 Stetit
901 2176 1033 2246 hostium

60 2259 314 2335 flammarumque
328 2266 519 2334 contemptor
540 2267 570 2320 et
584 2276 705 2323 manum
720 2277 807 2325 suam
824 2260 854 2320 in
871 2260 972 2326 hostili
987 2264 1031 2321 lo·

59 2347 128 2406 culo
154 2344 352 2405 distillantem
376 2345 596 2419 perspectauit,
623 2344 722 2405 donec
745 2344 916 2417 Porsenna,
945 2346 1031 2407 cuius

60 2444 181 2503 poenae
197 2427 332 2502 larebat,
352 2427 472 2503 gloriae
483 2427 590 2489 invidit
608 2434 639 2487 et
655 2428 755 2503 ignem
769 2429 863 2490 invito
879 2429 955 2503 eripi
969 2427 1031 2490 ius·

58 2513 106 2572 sit
149 2512 219 2574 Hoc
239 2513 353 2574 bonum
376 2511 481 2587 quidni
503 2509 580 2572 inter
600 2513 697 2590 prima
718 2528 872 2580 numerem
887 2519 1075 2586 tantoquesr

59 2597 158 2659 maius
183 2605 287 2673 putem
313 2612 404 2672 quam
425 2594 476 2656 illa
496 2610 607 2657 secura
632 2603 661 2656 ct
685 2596 862 2671 intemptata
884 2597 1031 2669 lortunae,

60 2689 175 2755 quanto
188 2679 288 2741 rarius
303 2687 351 2740 est
371 2679 491 2741 bostem
511 2679 624 2741 amissa
642 2695 730 2739 manu
744 2680 860 2747 vicisse
878 2695 968 2754 quom
984 2696 1031 2739 ar·

59 2772 161 2826 matut
203 2764 303 2838 „Quid
323 2771 418 2838 ergot
439 2764 557 2838 inquis,
580 2762 640 2845 hoc
660 2764 774 2826 bonum
795 2762 846 2824 tibi
871 2762 1030 2839 ιιριαιιιειιι

60 2849 186 2923 quiduit
206 2848 267 2908 hoc
287 2848 368 2908 anun
391 2848 448 2907 nisi
471 2847 521 2922 qui
542 2842 644 2920 potest
659 2854 691 2906 et
710 2855 833 2926 optare,
855 2864 914 2910 non
931 2853 1032 2923 potest

59 2932 176 2993 laceres
196 2948 236 2992 on
256 2933 357 3007 potius
378 2937 496 3007 optem,
520 2937 552 2991 ut
572 2932 772 2993 malaxandos
793 2934 937 2997 articulos
957 2948 1075 3003 exo-53

59 3015 125 3078 lotis
140 3015 219 3090 meis
235 3016 408 3091 porrigatur
428 3022 461 3075 ut
475 3014 652 3077 muliercula
667 3023 719 3080 aut
736 3016 847 3092 aliquis
864 3017 895 3076 in
911 3017 1029 3079 mulier·

58 3103 156 3161 culam
172 3116 213 3160 ex
228 3100 295 3160 viro
317 3115 425 3160 versus
441 3099 583 3172 digitulos
599 3114 686 3159 meos
704 3100 815 3161 ducati
851 3100 956 3176 quidni
971 3114 1028 3174 ego

59 3183 225 3245 leliciorem
241 3191 343 3259 putem
355 3183 497 3254 Mucium,
514 3182 598 3258 quod
609 3182 654 3242 sic
665 3183 924 3259 tractavitignem,
941 3184 1031 3259 quasi

58 3266 136 3329 illam
151 3285 277 3329 manum
291 3267 444 3329 tractatori
464 3267 689 3342 praestitissem
722 3266 751 3326 in
774 3269 921 3342 integrum
942 3267 1029 3327 resti·

58 3352 109 3415 tuit
123 3351 275 3428 quiequid
290 3359 457 3412 erraverat:
480 3350 612 3412 coniecit
632 3348 743 3411 bellum
757 3352 880 3412 inermis
895 3366 931 3411 ac
946 3365 1028 3418 man·

57 3450 111 3499 cus
127 3444 159 3497 et
173 3437 226 3496 illa
240 3451 333 3496 manu
346 3444 452 3496 trunca
463 3450 555 3511 reges
570 3433 653 3497 duos
667 3434 751 3498 vicit.
790 3435 887 3497 Vale.
