2422 3862
160 272 161 277 ,
208 218 239 274 t.
256 216 393 272 ΑΝΝΑΕΙ
406 217 570 276 SENECAE
584 219 630 276 DE
644 218 803 278 MORIBUS
817 220 932 278 LIBER.
1001 217 1064 283 463

144 370 248 428 Omnes
270 370 388 425 infantes
410 375 485 426 terra
505 371 596 427 nudos
618 372 732 443 excipit:
755 389 812 428 non
828 378 853 428 te
866 373 955 444 pudet
969 374 1060 430 sordi·
1073 379 1107 434 19

80 454 144 511 dius
160 455 257 511 vivere
272 469 355 524 quam
370 453 469 509 nascit
492 449 549 527 [al'.
564 456 661 512 lortius
676 456 754 512 nasci
769 472 852 527 quam
865 457 964 514 vivere
971 452 998 530 l]

144 536 215 605 Quid
237 537 344 592 dulcius
365 552 449 607 quarn
468 535 573 594 habere
595 539 726 605 amicum,
758 556 821 595 cum
840 555 895 611 quo
911 540 1017 597 audeas
1031 546 1106 600 ullo

80 629 171 678 tecum
193 621 286 676 omnia
300 620 397 691 loqui?
422 619 593 697 [servandus
608 639 677 695 ergo
694 629 736 679 est
750 624 825 679 omni
841 624 984 697 diligentia
998 642 1062 682 raro

79 706 209 763 inventus
225 704 339 760 amicus.
363 709 406 759 est
420 704 494 760 enim
508 707 578 762 alter
594 704 671 779 ego]

142 787 214 856 Quid
227 789 265 842 sis
280 789 407 858 interest,
432 804 488 851 non
503 789 570 860 quid
584 789 724 846 habearis.
924 827 930 838 ·
1071 798 1105 850 Ἢ

142 872 308 944 Magnarum
323 871 425 928 virium
439 877 481 928 est
496 874 640 946 negligere
658 874 826 930 laedentem.
1071 881 1107 933 22

143 955 274 1011 Nondum
289 972 320 1010 es
334 956 414 1025 latix,
438 956 461 1011 si
476 959 600 1013 nondum
615 964 641 1013 te
657 960 736 1013 turba
751 957 895 1014 dimiserit.
1071 964 1106 1019 23

142 1037 172 1095 Si
190 1040 234 1096 vis
256 1041 353 1096 beatus
368 1056 447 1108 esse,
469 1041 560 1112 cogita
574 1039 628 1096 hoc
641 1042 762 1113 primum
777 1037 978 1098 *contemnere
994 1057 1060 1097 con·
1071 1046 1107 1100 Ἃ

79 1123 164 1181 temni
179 1125 214 1178 ab
230 1123 338 1179 eisdem
346 1119 371 1177 *.

141 1207 307 1278 Priusquam
316 1207 476 1278 promittas,
491 1206 645 1276 deliberes,
660 1212 687 1262 et
699 1224 762 1262 curn
772 1208 951 1280 promiseris,
964 1208 1060 1265 iacias·
1071 1214 1106 1268 25

141 1291 173 1347 Id
188 1307 273 1363 agas,
296 1287 348 1365 [ut]
364 1306 399 1345 ne
415 1290 477 1361 quis
491 1291 588 1346 merito
604 1297 650 1345 tuo
666 1296 692 1346 te
705 1291 855 1359 oderit‚.et
867 1292 891 1346 si
904 1293 994 1347 nullos
1009 1292 1060 1347 ini·
1071 1297 1106 1353 26

79 1376 166 1431 micos
180 1375 228 1430 tibi
244 1373 325 1430 iaciat
340 1373 455 1443 iniuria,
477 1376 577 1428 multos
592 1368 709 1449 [lamen]
724 1375 790 1431 iacit
803 1374 918 1431 invidia.

49 1449 51 1453 ’
142 1456 326 1515 Solitudinem
341 1463 471 1529 quaerat,
495 1459 616 1528 quivult
632 1474 696 1513 cum
709 1458 902 1515 innocentibus
917 1457 1025 1516 vivere.
1071 1462 1106 1518 Ἠ

143 1541 267 1613 Optimus
284 1558 352 1613 ergo
369 1541 478 1596 animus
494 1547 521 1596 et
534 1541 738 1613 pulcherrimus
754 1542 800 1597 dei
815 1543 902 1597 cultor
918 1546 968 1596 est.
1071 1547 1107 1604 πθ

141 1626 300 1683 Abstinebis
316 1621 374 1700 [ab]
391 1624 481 1680 alieno
497 1626 681 1681 matrimonio.
1071 1630 1105 1684 29

142 1710 298 1765 Praestabis
326 1710 487 1780 parentibus
513 1711 659 1781 pietatem,
697 1709 822 1780 cognatis
851 1707 1107 1795 indulgentiam,30

80 1792 188 1869 [amicis
203 1788 317 1866 tidem,]
338 1793 466 1848 omnibus
482 1795 660 1864 aequitatem.

142 1876 285 1932 Devitabis
300 1875 491 1932 crudelitatem
507 1885 534 1933 et
548 1878 702 1933 ministram
716 1874 885 1931 crudelitatis
899 1876 978 1932 iram.
1070 1880 1113 1936 31.

142 1959 205 2015 Non
219 1959 300 2015 vives
315 1961 394 2016 aliter
410 1961 439 2016 in
454 1962 602 2018 solitudine
617 1957 666 2036 [et]
682 1961 760 2015 aliter
774 1961 803 2014 in
818 1961 887 2015 loro.
1071 1962 1106 2018 ³2

142 2043 186 2098 Nil
202 2048 297 2114 petas,
318 2045 394 2114 quod
408 2051 560 2117 negaturus
575 2045 663 2101 luisti:
686 2044 753 2099 nihil
768 2044 900 2115 negabis,
922 2042 998 2113 quod
1009 2058 1057 2113 pe·
1072 2047 1106 2102 33

81 2129 177 2183 liturus
192 2127 275 2183 suisti.

142 2213 243 2267 Pacem
257 2210 375 2267 habebis
392 2229 454 2267 cum
468 2213 641 2285 hominibus,
665 2229 727 2269 cum
742 2212 815 2269 vitiis
830 2213 942 2267 bellum.
988 2272 992 2280 ,
1071 2213 1107 2269 34

99 2339 115 2346 -
144 2295 203 2350 Hoc
230 2293 314 2349 habet
345 2297 436 2350 omnis
464 2295 605 2365 adiectus,
638 2301 669 2352 ut
697 2298 725 2351 in
753 2297 828 2366 quod
856 2298 918 2369 ipse
950 2293 1106 2358 insanitdb

92 2378 121 2432 in
137 2376 212 2432 idem
240 2383 317 2448 putet
331 2384 440 2434 ceteros
455 2381 558 2435 lutere.

143 2459 294 2514 Maximum
315 2460 342 2514 in
362 2478 396 2515 eo
417 2461 514 2516 vitium
535 2468 592 2532 est,
615 2463 663 2533 qui
683 2478 740 2517 non
758 2462 815 2516 vult
828 2460 989 2516 melioribus
1002 2459 1107 2530 pla-36

82 2560 147 2600 cere
162 2542 215 2598 sed
229 2543 363 2613 pluribus.

143 2627 193 2681 Vis
215 2626 342 2682 omnibus
362 2643 432 2682 esse
457 2631 560 2684 notus?
591 2627 670 2699 prius
694 2625 774 2682 effice
800 2632 828 2680 ut
850 2625 989 2679 neminem
1011 2641 1059 2680 no·
1072 2628 1106 2684 at

82 2728 167 2768 vens.

144 2795 253 2848 Bonum
269 2799 311 2848 est
330 2810 387 2850 non
403 2794 513 2850 laudari
529 2796 617 2864 velle,
639 2795 691 2849 sed
705 2791 892 2865 praestantius
908 2798 950 2847 est
962 2792 1061 2848 lauda·
1072 2796 1108 2852 38

80 2880 165 2935 bilem
181 2896 253 2934 esse.
275 2875 332 2953 [al’.
347 2878 455 2934 Bonum
472 2886 514 2935 est
529 2895 585 2934 non
600 2878 708 2935 laudari
723 2881 751 2933 et
767 2893 831 2932 esse
845 2873 1035 2951 laudabilem]

143 2961 285 3017 Morieris=
309 2966 420 3019 stultum
434 2969 476 3019 est
490 2964 587 3020 timere
602 2962 678 3034 quod
694 2962 781 3019 vitare
796 2975 853 3015 non
866 2961 970 3033 possis.
1072 2963 1106 3018 39

145 3047 219 3102 Male
240 3046 276 3101 de
301 3052 327 3103 te
349 3049 496 3120 opinantur
517 3048 660 3104 homines:
691 3046 743 3103 sed
766 3045 840 3101 mali.
869 3045 949 3101 malis
970 3048 1108 3103 autentu

82 3131 233 3203 displicere
249 3135 291 3184 est
306 3132 423 3193 laudari,

143 3214 217 3269 Male
233 3213 268 3268 de
284 3218 310 3269 te
325 3217 474 3287 loquuntur
488 3215 631 3272 homines:
650 3217 723 3271 bene
735 3217 828 3268 autem
838 3214 914 3285 loqui
925 3213 1060 3268 nesciunt.
1071 3215 1104 3271 41

82 3297 186 3361 iaciunt
202 3313 259 3353 non
275 3300 351 3368 quod
367 3316 477 3356 mereor
494 3317 548 3372 ego
564 3300 616 3355 sed
631 3299 708 3371 quod
723 3299 814 3353 solent
830 3297 892 3369 ipsi.

114 3378 279 3459 {albedines
294 3383 330 3439 de
347 3391 372 3440 te
393 3385 466 3440 male
486 3385 648 3455 loquuntur:
673 3384 697 3439 si
718 3383 831 3450 merito,
850 3397 906 3437 non
931 3384 1008 3456 quod
1022 3386 1119 3438 lo-d‘t

84 3464 205 3536 quantur
218 3466 366 3525 molestum
381 3471 444 3540 luit,
466 3468 519 3525 sed
530 3469 608 3542 quod
618 3485 680 3527 non
686 3467 880 3525 mentiuntur.
900 3463 1103 3519 animosius,
