2422 3862
242 255 413 317 unsrun.
428 255 521 316 nan.
542 253 688 315 cmxx.
712 256 917 332 nr.⁵.(1m.)
998 236 1078 321 tter

85 407 139 467 >lle
158 408 188 465 in
198 421 239 466 se
249 413 366 483 stupet,
382 408 432 467 ille
448 409 565 481 caligat,
581 405 696 467 invidet
707 408 818 468 caecis.
841 407 914 481 Quis
926 411 1068 488 uniquam

90 492 198 551 oculos
213 491 406 550 tenebrarum
422 507 517 550 cansa
530 490 654 550 habuit?
682 492 865 566 Interrogare,
881 493 1098 566 quor‘nbdet

90 574 186 633 llaec
202 575 328 633 animo
343 575 517 650 pravitas
533 575 823 634 liatavcrsandi
844 574 943 633 diem
958 581 992 634 et
1011 579 1067 637 tb-

91 664 161 716 tam
184 660 302 716 vitam
324 659 361 717 ln
378 666 526 718 noctem
542 658 832 718 transierendit
876 657 983 718 Omnia
997 658 1069 719 vitia

90 747 198 800 contra
216 750 354 801 naturam
372 750 527 816 pugnant,
550 742 651 800 omnia
672 741 805 802 debitum
827 743 1067 804 crdlderndese-

91 833 173 884 runt=
195 824 255 885 hcc
269 832 317 884 est
330 826 468 894 luxuriae
484 826 675 900 propositum
689 825 824 899 gaudere
840 826 995 900 peruersis
1011 829 1067 885 nec

90 915 204 968 tantum
229 907 391 968 discedere
411 924 430 968 a
452 916 553 982 recto,
580 909 637 968 sed
660 925 750 982 quam
772 903 950 984 longissime
973 908 1066 981 abire,

88 992 201 1052 deinde
216 993 305 1050 etiam
321 1007 338 1050 e
354 991 505 1052 contrario
525 1000 615 1051 stare.
658 993 724 1052 Ndn
739 993 880 1052 videntur
892 989 949 1053 'tibi
962 988 1067 1052 c'cntra
1080 1007 1096 1061 6

89 1083 226 1135 naturam
248 1076 367 1147 vivere,
388 1076 442 1150 qul
464 1075 554 1135 ieiuni
575 1076 696 1154 bibunt,
721 1078 773 1150 qui
795 1077 897 1135 viniun
918 1075 1069 1150 recipiunt

83 1160 230 1238 inanibus
242 1158 330 1218 venis
342 1159 421 1218 etad
433 1158 533 1218 cibum
544 1158 620 1218 ebrii
632 1163 811 1219 transeunti
829 1159 912 1234 atqui
923 1159 1067 1234 frequens

87 1242 147 1302 boc
169 1241 412 1302 adulescentium
432 1241 536 1301 vitium
557 1249 619 1316 est,
642 1243 693 1317 uui
712 1243 794 1302 vires
809 1245 968 1314 excolunt,
990 1244 1066 1304 utin

88 1328 157 1400 ipsc
176 1340 274 1400 paene
289 1326 401 1385 balinei
416 1326 517 1384 limine
531 1327 608 1385 inter
619 1327 719 1386 nudos
731 1325 844 1400 bibant,
858 1326 950 1386 iinmb
964 1328 1068 1402 potent

88 1421 118 1469 et
132 1410 286 1478 spuerem,
305 1424 395 1482 quem
404 1417 569 1469 moverunt
581 1410 754 1483 potionibus
767 1410 884 1469 crebris
897 1424 933 1469 ac
948 1410 1067 1470 ferven-

87 1493 183 1565 tibus,
208 1492 339 1552 subinde
362 1490 563 1566 destringenti
591 1500 662 1567 post
683 1494 843 1567 prandium
863 1498 915 1551 aut
941 1495 1068 1552 cbenam

87 1576 193 1634 bibere
212 1578 339 1650 volgare
361 1583 417 1636 est.
442 1575 505 1635 hoc
529 1576 764 1651 patresfamiliae
784 1577 888 1635 n'rstlci
910 1575 1024 1636 iaciunt
1038 1583 1068 1635 et

88 1675 179 1719 verae
193 1655 358 1734 uoluptatis
375 1659 489 1733 ignari:
510 1663 625 1719 merum
643 1660 720 1719 ¹illud
736 1660 878 1731 delectat,
902 1659 984 1733 quod
1006 1676 1066 1718 non

87 1744 201 1802 innatat
219 1744 297 1816 cibo,
315 1744 399 1818 quod
415 1741 509 1802 libere
525 1751 663 1818 penetrat
678 1744 850 1802 adnervcs.
871 1740 924 1800 illa
936 1741 1066 1802 ebrietas

87 1827 183 1899 iuvat,
209 1827 338 1900 quaein
360 1840 491 1887 vacuum
510 1825 601 1887 venit.
645 1826 712 1887 Non
733 1827 873 1886 videntur
890 1825 944 1886 tibi
963 1834 1095 1901 contrap

87 1917 226 1968 naturetn
254 1911 375 1984 vivere,
403 1911 456 1986 qui
482 1919 667 1972 commutant
691 1915 759 1970 'cuin
786 1909 905 1969 letnlnis
933 1913 1068 1969 uestem?

86 2009 148 2052 non
174 1993 281 2053 vivunt
301 2002 411 2055 ‘centra
434 2002 588 2068 naturam,
621 1995 853 2069 quapridem,
881 1997 914 2053 ut
940 1992 1068 2067 pueritia

87 2077 248 2150 splendeat
267 2085 405 2153 tempore
426 2078 547 2140 alienor
568 2079 642 2153 quid
656 2070 723 2137 fibri
741 2075 895 2137 crudelius
913 2079 962 2136 vel
975 2077 1066 2136 inise-

86 2160 150 2220 rius
168 2168 290 2236 potest?
311 2179 477 2236 numquam
494 2164 539 2222 vir
554 2163 625 2236 crit,
646 2170 679 2221 ut
694 2162 746 2220 diu
760 2162 855 2220 virum
872 2160 933 2236 pati
946 2159 1068 2236 possiti

86 2252 116 2300 et
137 2259 206 2303 cum
228 2246 310 2303 illum
331 2247 532 2306 contumeliae
554 2254 649 2306 senus
667 2246 822 2320 eripuisse
839 2244 1001 2317 debuerat,
1029 2259 1067 2303 ne

87 2334 172 2384 aetas
196 2327 318 2398 quidem
338 2329 469 2402 eripiet?
510 2331 577 2390 Non
597 2329 704 2389 vivunt
725 2330 832 2390 contra
846 2329 999 2400 naturam,
1016 2327 1097 2402 quid

87 2408 186 2466 bieme
209 2411 432 2484 concupiscunt
452 2426 556 2471 rosam
577 2413 773 2487 lomentoque
797 2415 944 2485 aquarum
963 2411 1066 2469 calen-

86 2491 159 2548 tium
175 2497 206 2550 et
217 2492 349 2572 iecorum
361 2502 432 2567 apta
446 2496 611 2554 mutatione
625 2495 805 2554 brumalium
820 2493 929 2553 florem
940 2496 1068 2552 vernum

87 2573 283 2647 exprimunt?
311 2584 370 2634 non
395 2576 502 2636 vivunt
522 2583 629 2636 contra
642 2570 795 2648 naturum,
818 2568 870 2649 qu
885 2575 1067 2650 primariam

87 2655 215 2717 summis
229 2658 364 2718 turribus
380 2663 507 2719 serunt?
528 2665 658 2735 querum
670 2659 770 2718 silvae
781 2658 812 2717 in
823 2659 911 2718 tectis
923 2659 1067 2719 domuum

86 2757 122 2800 ac
139 2741 267 2816 fastigiis
282 2749 402 2817 nutant,
424 2741 496 2819 lnde
511 2743 585 2804 ortis
598 2742 771 2816 indicibili,
791 2755 855 2816 ‘quc
871 2741 1000 2817 inprobe
1018 2758 1067 2802 ca-

86 2826 207 2887 cumina
227 2826 385 2900 egissentt
426 2826 492 2885 Non
514 2826 619 2887 vivunt
641 2818 912 2899 edmuunalur'um,
934 2826 987 2902 qui
1002 2827 1067 2887 lun·

86 2911 229 2970 demente
248 2910 432 2972 thermarum
453 2912 483 2970 in
506 2911 582 2970 mari
601 2910 714 2971 iaciunt
735 2910 792 2991 libb
810 2909 939 2970 delicate
961 2910 1067 2970 ltat'dre

85 2994 162 3068 ipsis
187 2993 342 3066 videntur,
369 2995 427 3054 nlsi
448 2995 578 3055 calentia
599 2998 707 3069 stagna
721 2993 818 3055 fluctu
836 3001 874 3054 ‘ac
887 2992 1067 3069 tempestdte

85 3078 253 3138 feriantur?
297 3078 370 3138 Gum
391 3079 587 3139 instituerunt
607 3076 708 3139 dmnla
724 3078 834 3151 ‘denua
856 3078 980 3138 naturae
995 3080 1096 3152 con-9

85 3160 280 3220 suetudinem
297 3163 389 3236 uelle,
413 3162 581 3222 novissime
601 3162 631 3221 in
645 3163 741 3224 tulum
752 3161 794 3221 ab
810 3162 860 3222 llla
875 3163 1066 3222 deedis'cunt:

85 3245 200 3315 „lucetz
224 3246 324 3304 sctltlti
345 3251 465 3321 tenipus
487 3254 544 3307 est.
573 3247 661 3321 quies
681 3249 744 3306 'esiz
763 3250 844 3306 nune
859 3240 1066 3318 erereeamur,

86 3338 166 3385 nunc
182 3337 351 3401 gestamur,
378 3346 459 3390 nunc
477 3330 694 3405 prandeamus.
723 3330 782 3389 iam
799 3332 852 3390 lui<
871 3325 999 3405 propius
1016 3342 1065 3388 ac·

86 3408 180 3468 cedit:
202 3418 323 3488 tempus
338 3421 386 3474 est
403 3428 529 3474 coenae.
572 3414 640 3475 Non
658 3421 780 3490 oportet
793 3412 831 3474 id
842 3415 972 3480 lacere,
986 3410 1085 3496 uude

85 3492 231 3566 populus.
252 3502 303 3554 reu
319 3497 447 3558 sordida
464 3506 514 3561 est
526 3498 599 3560 trita
615 3515 656 3560 ae
669 3493 1014 3574 belgentiacum
1031 3484 1110 3538 axes
