2422 3862
159 236 224 300 264
453 237 486 296 L.
506 237 653 298 ANNAEI
675 235 850 299 SENECAE

149 393 394 464 tegumentaque
409 393 440 447 et
454 388 589 447 lementa
603 403 766 463 corporum
789 398 818 449 et
839 388 899 449 cibi
914 398 944 450 et
959 407 1040 466 quae
1057 410 1139 455 nunc

156 475 264 549 ingens
286 470 442 546 negotium
462 472 541 531 lacta
564 479 649 546 sunt,
678 472 770 533 obvia
797 482 882 534 erant
902 482 932 533 et
953 476 1083 549 gratuita
1109 485 1139 538 et

156 573 252 633 opera
267 556 325 616 levi
342 554 499 630 parabilis.
525 557 637 616 modus
652 557 732 615 enim
745 559 878 617 omnium
893 566 986 633 prout
1001 561 1136 622 necessi·

52 649 56 653 ’
155 644 202 702 tas
218 647 292 701 erat.
323 656 381 700 nos
396 641 455 700 ista
471 639 622 714 pretiosa,
644 657 701 701 nos
716 641 775 701 ista
790 642 917 715 misera,
938 659 996 704 nos
1017 645 1135 718 magnis

156 726 320 799 multisque
346 724 557 799 conquirenda
584 723 699 784 artibus
726 725 863 785 fecimus.
904 727 1015 787 sullicit
1039 727 1135 788 adid

112 820 147 875 19
155 819 275 882 natura,
293 810 377 882 quod
393 809 501 882 poscit.
530 810 559 867 A
572 814 680 867 natura
694 809 815 869 luxuria
828 809 972 884 descivit,
990 826 1070 886 quae
1085 827 1134 872 eo-

154 895 227 955 tidie
248 908 282 952 se
305 893 375 967 ipsa
394 892 498 952 incitat
511 899 541 952 et
554 897 599 952 tot
612 893 726 952 seculis
742 893 853 953 crescit
867 900 897 953 et
912 894 1034 969 ingenio
1052 896 1136 958 adiu-

154 986 206 1040 vat
224 977 311 1036 vitia:
338 977 435 1052 primo
462 991 655 1051 supervacua
682 978 784 1051 coepit
806 979 1043 1052 concupiscere,
1066 980 1136 1039 inde

155 1061 323 1134 contraria,
340 1061 508 1122 novissime
525 1059 658 1127 animum
673 1061 796 1135 corpori
812 1061 930 1122 addixit
943 1069 974 1122 et
987 1062 1068 1123 illius
1084 1064 1136 1123 de

155 1147 271 1206 servire
285 1145 400 1205 libidini
415 1144 513 1205 iussit.
544 1160 650 1204 omnes
671 1144 748 1205 istae
767 1152 864 1219 artes,
887 1146 999 1220 quibus
1014 1153 1066 1206 aut
1081 1146 1136 1206 cir-

155 1231 264 1290 citatur
279 1230 386 1290 civitas
402 1235 455 1288 aut
468 1229 591 1303 strepit,
613 1229 753 1302 eorporis
769 1229 1062 1304 negotiumgerunl,
1087 1232 1135 1290 cui

155 1315 257 1376 omnia
271 1314 341 1373 olim
359 1320 514 1387 tamquam
529 1327 620 1372 servo
632 1312 876 1387 praestabantur,
891 1329 972 1373 nunc
981 1319 1135 1389 amquam

154 1398 278 1460 domino
302 1405 454 1473 parantur.
491 1397 595 1472 itaque
614 1395 685 1456 hinc
708 1402 876 1471 textorum,
893 1396 965 1456 hinc
980 1399 1135 1458 fabrorum

154 1482 297 1544 cilicinae
312 1489 396 1555 sunt,
414 1482 484 1541 hinc
500 1481 612 1542 odores
632 1480 839 1555 coquentium,
856 1481 926 1540 hinc
941 1482 1050 1541 molles
1067 1498 1135 1544 cor-

154 1568 238 1642 poris
254 1574 355 1627 motus
369 1566 544 1627 docentium
558 1566 729 1639 mollesque
744 1571 852 1625 cantus
868 1563 1065 1625 etinlractos.
1088 1581 1135 1624 re-

154 1652 249 1711 cessit
265 1651 345 1710 enim
360 1651 410 1711 ille
425 1649 571 1711 naturalis
586 1649 697 1709 modus
714 1648 868 1709 desideria
883 1663 942 1721 ope
958 1647 1137 1708 necessaria

152 1735 279 1795 liniens:
296 1735 356 1794 iam
370 1734 547 1795 rusticitatis
562 1739 592 1793 et
606 1733 749 1793 miseriae
760 1739 809 1792 est
821 1733 908 1805 velle,
925 1739 1073 1806 quantum
1088 1739 1137 1793 sat

109 1827 209 1880 locst.
238 1818 418 1903 incredibile
434 1826 496 1891 est,
515 1818 554 1877 mi
568 1817 674 1889 Lucili,
691 1833 781 1892 quam
795 1816 885 1876 facile
900 1817 990 1875 etium
1005 1831 1136 1890 magnos

152 1905 236 1963 vinos
252 1904 384 1963 dulcedo
400 1901 546 1964 orationis
562 1901 694 1961 abducat
709 1916 728 1960 a
743 1916 832 1961 veros
856 1915 929 1960 ecce
939 1898 1131 1973 Posidonius,

152 1995 186 2047 ut
206 2003 274 2046 mea
294 1988 352 2048 lert
374 1987 495 2062 opinio,
521 2003 561 2046 ex
581 1987 642 2059 his,
669 1983 724 2060 qui¹
742 1985 905 2059 plurimmn
920 1983 1137 2058 philosophiae

153 2072 354 2145 contulerunt,
370 2071 441 2131 dum
459 2071 523 2131 vult
534 2070 708 2130 describere
720 2068 861 2143 primurn,
877 2068 1136 2143 quemadmodum

153 2153 212 2212 alia
234 2161 435 2229 torqueantur
459 2155 525 2229 iila,
551 2155 610 2216 alia
631 2169 670 2213 ex
689 2153 772 2212 molli
795 2155 960 2228 solutoque
977 2152 1136 2225 ducantur,

153 2237 264 2296 deinde
280 2239 537 2312 quemadmodum
557 2241 618 2299 tela
633 2237 797 2311 suspensis
814 2237 1003 2312 ponderibus
1020 2244 1136 2297 rectum

153 2327 270 2380 stamen
283 2323 434 2395 extendat,
444 2323 701 2398 quemadmodum
713 2321 872 2380 subtemen
885 2321 1039 2394 insertum,
1053 2320 1137 2394 quod

153 2403 293 2464 duritiam
315 2406 465 2482 utrimque
486 2405 703 2482 conprimentis
723 2411 839 2464 tramae
854 2404 1005 2465 remolliat
1026 2404 1137 2478 spatha

153 2489 236 2550 coire
247 2496 374 2564 cogatur
386 2498 416 2550 et
426 2490 518 2566 iungi,
531 2499 594 2551 tex
603 2488 694 2549 trini
710 2504 836 2564 quoque
849 2496 968 2549 artem
983 2487 1136 2562 asapien-

154 2572 233 2633 tibus
254 2573 330 2632 dixit
351 2575 519 2648 inventam,
546 2575 658 2635 oblitus
672 2581 782 2648 postea
796 2581 951 2648 repertum
965 2572 1026 2631 hoc
1043 2572 1137 2632 subti-

151 2656 211 2716 lius
226 2672 339 2731 genus,
361 2660 392 2717 in
409 2674 469 2733 quo

279 2744 337 2800 tela
351 2745 419 2816 iugo
433 2746 534 2804 iuncto
548 2750 605 2816 est,
626 2749 739 2803 stamen
753 2745 881 2808 secernit
892 2741 1025 2813 arundo,

279 2826 422 2885 inseritur
435 2828 564 2887 medium
578 2828 676 2887 radiis
690 2826 837 2887 subtemen
855 2828 964 2898 acuto,

280 2907 360 2978 quod
372 2911 432 2969 loto
443 2915 572 2986 paviunt
584 2913 687 2971 insecti
693 2913 815 2985 pectine
829 2911 940 2970 dentes.

154 2986 245 3060 quid,
268 2988 294 3047 si
315 2992 493 3066 contigisset
513 2995 555 3055 illi
570 2995 686 3055 addere
700 2993 757 3053 has
773 2994 869 3053 nostri
884 2992 1032 3066 temporis
1047 2992 1137 3062 telas,

156 3068 266 3142 quibus
286 3074 381 3134 vestis
403 3076 475 3136 nihil
497 3081 632 3140 celatura
652 3078 827 3150 conficitur,
853 3076 883 3135 in
906 3093 967 3151 qua
989 3091 1050 3134 non
1066 3073 1137 3133 dico

110 3159 142 3214 ⁴21
153 3154 267 3212 nullum
283 3161 406 3232 corpori
420 3162 580 3236 auxilium,
596 3164 654 3223 sed
668 3162 783 3222 nullum
800 3160 910 3235 pudori
922 3166 989 3219 esti
1016 3157 1139 3218 Transit

154 3234 265 3297 deinde
279 3240 318 3299 ad
334 3243 484 3317 agricolas
500 3263 557 3307 nee
571 3245 672 3307 minus
688 3245 819 3306 facunde
836 3243 983 3305 describit
1000 3243 1136 3318 proscis-

153 3331 221 3412 smn
244 3333 371 3386 aratro
392 3330 492 3391 solum
514 3339 545 3391 et
564 3330 720 3404 iteratum,
745 3345 807 3404 quo
823 3326 952 3390 solutior
967 3333 1048 3385 terra
1063 3325 1138 3385 laei-

151 3397 211 3462 hus
238 3414 340 3482 pateat
360 3412 524 3474 radicibus.
564 3423 636 3475 tunc
663 3430 775 3489 sparsa
794 3414 913 3473 semina
938 3417 969 3469 et
989 3410 1138 3470 collectas

151 3498 243 3551 manu
263 3492 391 3568 herbas,
417 3513 458 3559 ne
480 3498 554 3576 quid
574 3499 728 3560 fortuitum
756 3506 786 3558 et
803 3502 926 3572 agreste
945 3493 1138 3563 subcrescat,

68 3597 79 3639 l
