2422 3862
422 226 455 286 L.
477 225 624 286 ANNAEI
645 225 821 287 SENECAE
882 242 885 247 ·

416 431 632 489 EPISTULA
658 432 703 489 lll.
732 435 803 504 (lb.)

374 523 484 576 Sunuci.
503 528 616 579 Lucmro
636 539 687 578 suo
708 539 846 581 snuuruu.

93 641 106 693 1
180 630 250 691 Mos
272 631 405 704 antiquis
427 631 481 690 luit
505 647 606 706 usque
626 631 665 690 ad
686 645 785 690 meam
806 637 946 690 servatus
961 638 1099 705 aetatem,

120 715 225 791 primis
248 714 399 791 epistulae
419 715 522 776 verbis
537 715 674 775 adicere:
705 714 759 787 „Si
777 717 857 775 vales
883 715 955 774 bene
971 721 1028 788 est,
1048 732 1101 790 eoo

117 803 236 861 coleo=“
252 798 565 861 rectenosdicimus=
587 797 647 872 „Si
667 797 980 874 philosopharis,
1004 798 1101 858 berte

118 886 209 944 est.“
231 883 335 943 valere
356 890 457 944 autem
472 882 532 943 hoc
547 884 669 944 demum
684 888 740 942 est.
761 881 828 942 sine
845 880 906 942 hoc
920 897 1014 957 aeger
1029 888 1100 956 [est]

119 967 248 1029 animus.
271 982 386 1042 corpus
403 983 543 1042 quoquc,
558 966 674 1032 etiamsi
687 981 814 1041 magnas
826 965 919 1027 habet
931 966 1022 1038 vires,
1039 983 1100 1027 non

91 1051 206 1116 daliter
221 1066 314 1127 quam
329 1051 436 1114 furiosi
451 1059 502 1112 aut
512 1050 681 1127 phrenetici
693 1050 826 1111 validum
837 1056 894 1110 est.
926 1049 1010 1125 Ergo
1021 1050 1100 1111 hanc

55 1165 59 1173 ·
118 1135 286 1212 praecipue
306 1133 503 1196 valitudinem
524 1151 613 1196 cura:
639 1134 751 1195 deinde
769 1141 799 1194 et
818 1133 900 1193 illam
921 1136 1100 1209 secundam,

118 1234 198 1294 quae
219 1237 281 1281 non
304 1235 415 1294 magno
436 1220 489 1280 tibi
511 1220 677 1293 constabit,
701 1219 728 1278 si
742 1219 878 1279 volueris
891 1218 971 1279 bene
986 1221 1100 1279 valere.

119 1302 247 1366 Stulta
269 1310 329 1364 est
349 1302 444 1378 enim,
472 1305 512 1363 mi
532 1303 643 1378 Lucili,
671 1310 700 1364 et
720 1303 843 1363 minime
859 1303 1048 1363 conveniens
1066 1305 1099 1364 li·

117 1395 213 1448 terato
233 1388 298 1449 viro
321 1388 531 1463 occupatio
554 1388 766 1449 exercendi
788 1388 962 1448 lacertos
984 1395 1022 1448 et
1045 1387 1100 1448 di·

118 1472 267 1531 latandi
296 1473 488 1533 cervicem
515 1488 558 1533 ac
587 1474 712 1533 latera
736 1469 932 1531 firmandi:
961 1487 1031 1532 curn
1047 1472 1100 1532 tibi

7 1621 11 1631 ¹
119 1555 245 1616 feliciter
266 1556 374 1631 sagina
395 1557 523 1618 cesserit
543 1566 573 1618 et
592 1556 650 1618 tori
671 1555 835 1628 creverint,
858 1572 915 1617 nec
935 1555 1018 1616 vires
1034 1573 1099 1616 urn-

119 1655 210 1714 quam
222 1640 315 1715 opimi
326 1640 416 1702 bovis
428 1656 485 1701 nec
497 1641 621 1716 pondus
633 1640 791 1714 aequabis.
810 1639 898 1701 adice
910 1655 1000 1714 nunc,
1016 1641 1101 1716 quod

117 1724 233 1786 maiore
253 1726 393 1800 corporis
415 1726 537 1785 sarcina
556 1725 675 1785 animus
697 1724 818 1785 eliditur
838 1732 868 1785 et
887 1725 988 1786 minus
1010 1725 1099 1801 agilis

118 1815 174 1868 est.
197 1809 302 1884 itaque
323 1817 470 1886 quantum
485 1816 589 1884 potes,
609 1809 825 1869 circumscribe
840 1824 955 1883 corpus
971 1817 1101 1871 tuomet

89 1891 219 1956 banimo
245 1895 346 1954 locum
373 1896 453 1955 laxa.
492 1893 587 1953 Multa
613 1901 784 1968 sequuntur
809 1893 1004 1954 incommoda
1027 1893 1100 1954 huic

119 1976 239 2036 deditos
256 1993 363 2039 cume:
386 1979 513 2054 primum
529 1977 777 2051 exercitationes,
794 1993 921 2053 quarum
936 1978 1025 2039 labor
1036 1979 1098 2053 spi-

118 2059 207 2118 ritum
233 2061 374 2121 exhaurit
398 2070 428 2122 et
452 2061 614 2122 inhabilem
635 2061 793 2122 intentioni
813 2077 850 2122 ac
872 2062 981 2122 studiis
1001 2064 1098 2122 acrio·

117 2143 203 2203 ribus
224 2145 334 2205 reddit.
365 2145 477 2205 deinde
498 2147 588 2221 copia
609 2145 745 2207 ciborum
767 2145 917 2206 subtilitas
934 2146 1098 2222 inpeditur.

119 2227 269 2288 accedunt
297 2227 452 2303 pessimae
479 2236 570 2289 notae
594 2231 746 2307 mancipia
767 2228 798 2289 in
819 2230 1028 2305 magisterium
1051 2248 1098 2291 re-

119 2317 223 2385 cepta,
251 2311 391 2372 homines
412 2312 489 2372 inter
509 2313 610 2374 oleum
631 2321 661 2374 et
682 2315 784 2376 vinum
804 2315 961 2390 occupati,
986 2315 1098 2391 quihus

117 2394 157 2455 ad
172 2405 276 2456 votum
294 2395 361 2456 dies
376 2404 423 2456 est
437 2402 540 2470 actus,
564 2397 684 2458 sibene
700 2399 944 2473 desudaverunt,
966 2397 995 2460 si
1009 2399 1039 2458 iu
1055 2400 1098 2460 lo-

118 2495 187 2539 cum
211 2481 293 2553 eius,
322 2481 406 2554 quod
427 2479 560 2555 eliluxit,
587 2484 710 2543 multum
731 2483 866 2558 potionis
888 2481 977 2544 altius
993 2481 1098 2544 ieiuno

117 2564 215 2624 iturae
235 2572 442 2639 regesserunt.
477 2565 588 2626 Bibere
608 2575 638 2626 et
660 2568 772 2627 sudare
792 2567 855 2627 vita
880 2567 1014 2629 cardiaci
1042 2577 1097 2629 est.

87 2646 543 2710 dsuntexercitationes
559 2650 804 2711 etfacileset
821 2651 976 2725 breves,
999 2669 1098 2728 quac

117 2746 260 2806 corpus
288 2740 325 2793 et
352 2732 435 2792 sine
461 2748 566 2794 mora
592 2735 743 2797 lassent
765 2741 801 2795 et
823 2734 989 2812 tempori
1011 2752 1096 2811 par-

117 2822 218 2888 cant,
241 2815 327 2875 cuius
344 2816 509 2892 praecipua
522 2819 598 2878 ratio
614 2819 756 2880 habenda
771 2826 833 2880 est:
856 2835 967 2881 cursus
980 2828 1013 2880 et
1029 2836 1097 2882 cum

117 2899 220 2974 aliquo
240 2899 379 2975 pondere
400 2917 508 2963 manus
531 2910 632 2963 motae
652 2910 682 2962 et
699 2904 795 2964 saltus
809 2905 857 2963 vel
872 2904 936 2979 ille,
961 2904 1014 2980 qui
1029 2919 1096 2966 cor-

117 3000 176 3058 pus
191 2983 221 3042 in
235 2985 327 3044 altum
342 2985 438 3059 levat,
458 2988 506 3046 vel
521 2987 584 3059 ille,
601 2987 651 3062 qui
666 2987 696 3047 in
711 2989 834 3063 longum
849 2989 950 3063 mittit,
972 2990 1023 3050 vel
1037 2988 1095 3062 ilie,

116 3076 150 3128 ut
166 3067 208 3128 ita
223 3066 337 3142 dicam,
361 3071 479 3132 saliaris
495 3078 561 3144 aut,
583 3077 617 3132 ut
633 3072 883 3134 contumeliosius
899 3071 1017 3147 dicam,
1041 3073 1096 3135 iul-

88 3152 235 3218 aloniuse
251 3153 344 3227 ,quod
364 3152 437 3215 libet
456 3171 494 3215 ex
510 3155 558 3215 his
574 3156 661 3231 elige.
688 3173 746 3218 usu
760 3157 855 3219 redde
870 3157 969 3219 facile.
1007 3155 1093 3232 Quic-

117 3236 192 3311 quid
206 3235 316 3309 lacies,
340 3236 400 3298 cito
415 3238 482 3299 redi
496 3255 514 3299 a
529 3255 660 3315 corpore
676 3242 715 3301 ad
733 3241 880 3302 animum:
900 3240 985 3303 illum
1000 3241 1093 3303 nocti·

115 3320 174 3380 bus
199 3335 236 3379 ac
261 3322 370 3384 diebus
397 3339 518 3384 exerce.
551 3323 658 3385 labore
677 3325 800 3386 modico
821 3325 910 3388 alitur
930 3325 990 3388 ille.
1016 3325 1093 3387 lmuc

116 3403 364 3466 exercitationem
386 3423 446 3468 non
471 3408 582 3482 lrigus,
610 3424 672 3470 non
692 3417 797 3473 aestus
817 3410 967 3486 inpediet,
991 3426 1032 3473 ne
1046 3425 1092 3473 se

103 3496 219 3549 nectus
232 3490 368 3567 quidem.
398 3492 432 3552 ld
449 3491 565 3554 bonum
579 3508 663 3570 cura,
674 3495 761 3570 quod
770 3501 920 3556 uetustate
931 3496 965 3557 fit
975 3495 1090 3559 melius.
