2422 3862
138 276 1007 354 aristot.Moa.t113.111.s.(m)-t113.1v.EP.nco.)
1029 278 1070 344 67

105 428 208 503 verint,
224 428 335 504 quidni
349 444 407 503 ego
421 429 464 489 tui
478 428 639 504 miserear,
659 445 728 490 cum
743 431 853 504 sclam,
876 448 954 506 quae
969 431 1019 492 via
1033 432 1073 492 ad

105 512 186 576 istrum
200 513 341 575 favorem
356 513 454 573 ierat?
490 515 576 573 Vale.

486 691 684 701 ——u--u—

395 831 428 912 l.
448 830 588 927 nlttu
608 832 780 916 tutudit

458 987 509 1037 ΑΙ)
526 985 714 1039 LUCILIUM

215 1103 620 1204 EPISTULARUM
650 1105 955 1208 MdeLlUM

485 1274 616 1338 LIBER
643 1274 690 1337 lv.

512 1441 662 1450 -—-—-—

407 1562 624 1621 EPISTULA
645 1564 664 1618 Ι.
686 1567 756 1636 (30.)

353 1659 463 1712 Senucn
479 1662 588 1712 Lucrum
609 1674 660 1713 suo
680 1675 818 1715 suturam.

158 1765 323 1824 Bassum
357 1762 568 1837 Aufidium,
604 1767 725 1826 virum
760 1766 957 1842 optimum,
993 1768 1099 1838 vidil

100 1864 301 1925 quassum,
325 1848 445 1908 aetati
466 1849 736 1910 obluctantem.
760 1851 816 1910 sed
828 1851 887 1910 iarn
903 1852 974 1925 plus
988 1850 1072 1913 illum

99 1936 246 2010 degravat
267 1949 357 2008 quam
380 1933 463 2008 quod
484 1933 584 2008 possit
602 1934 720 1995 adtolli:
749 1950 858 2010 magno
880 1942 1021 1997 senectus
1042 1944 1073 1997 el

99 2021 244 2080 universo
261 2017 396 2093 pondere
407 2017 552 2079 incubuit.
576 2017 644 2080 Scis
656 2019 739 2080 illum
750 2035 872 2094 semper
883 2019 993 2080 infirmi
1005 2036 1070 2082 cor-

98 2104 182 2180 poris
203 2110 235 2164 et
255 2103 373 2163 exsucti
395 2103 500 2163 luisse.
523 2103 576 2165 diu
590 2104 664 2164 illud
680 2104 826 2165 continuit
847 2113 890 2178 et,
916 2113 948 2167 ut
968 2105 1071 2167 verius

99 2190 213 2261 dicum,
241 2187 448 2248 concinnavit:
478 2188 577 2249 subito
604 2189 724 2251 deiecit.
759 2189 1020 2264 Quemadmodum
1042 2191 1100 2253 int

98 2292 191 2348 nave,
219 2289 301 2349 quoe
315 2274 463 2333 sentinam
478 2273 582 2346 trahit,
609 2273 661 2334 uni
674 2273 769 2334 rimae
784 2283 836 2335 aut
850 2273 935 2335 alteri
950 2275 1071 2335 obsisti-

97 2369 161 2435 tur,
185 2358 238 2419 ubi
257 2355 394 2433 plurimis
415 2357 491 2417 locis
509 2358 604 2417 laxari
622 2359 724 2432 coepit
743 2366 773 2419 et
786 2360 910 2431 cedere,
936 2359 1072 2419 succurri

98 2461 157 2505 non
181 2449 285 2519 potest
304 2441 424 2517 navigio
445 2441 628 2502 dehiscent:
649 2443 690 2502 ita
711 2444 741 2502 in
759 2443 847 2503 senili
867 2458 997 2517 corpore
1019 2443 1072 2501 ali-

99 2537 249 2605 quatenus
269 2524 610 2586 iuhecillllassustineri
632 2534 661 2586 et
683 2528 778 2586 luleiri
801 2533 912 2601 potest.
932 2524 985 2585 ubi
998 2533 1071 2586 tam·

99 2629 187 2689 quam
203 2613 234 2671 in
251 2610 332 2686 putri
346 2610 486 2670 aedificio
499 2611 597 2671 omnis
615 2610 752 2671 iunctura
767 2610 932 2680 diducitur,
957 2616 987 2669 et
1001 2610 1073 2669 dum

99 2699 155 2757 alia
178 2696 347 2770 excipitur,
380 2695 438 2755 alia
462 2695 656 2768 discinditur,
687 2692 994 2769 circumspiciendum
1015 2701 1071 2766 cst,

100 2781 256 2856 quomodo
279 2794 383 2839 exeas.
416 2779 535 2839 Bassus
551 2787 650 2839 lamen
665 2787 770 2840 noster
785 2779 887 2839 alacer
901 2778 1000 2838 animo
1015 2785 1101 2841 esta

98 2862 426 2940 hocphilosophia
442 2871 628 2938 praestat,
650 2864 683 2922 in
707 2863 1072 2938 conspectumortis

99 2949 259 3010 hilarem
279 2955 317 3008 et
337 2946 374 3006 in
391 2963 638 3022 quocumque
653 2948 832 3023 corporis
848 2945 986 3006 habitu
1001 2947 1072 3007 ior-

98 3035 408 3107 temlaetumque
428 3047 496 3091 neo
519 3032 786 3105 deiicientem,
814 3031 990 3106 quamvis
1014 3031 1072 3090 de-

97 3117 266 3179 liciatur.
294 3116 425 3190 Magnus
442 3115 628 3190 gubernator
643 3123 673 3175 et
686 3115 787 3176 scisso
803 3115 926 3190 navigat
941 3117 1025 3187 velo,
1044 3122 1074 3175 et

97 3201 121 3261 si
142 3201 329 3272 exarmavit,
356 3208 457 3261 tamen
478 3198 624 3275 reliquias
648 3199 762 3274 navigii
782 3206 866 3274 aptat
883 3199 921 3259 ad
938 3213 1071 3258 cursum.

97 3285 153 3347 hoc
167 3285 242 3346 iacit
254 3285 373 3346 Bassus
387 3292 492 3344 noster
506 3292 536 3344 et
551 3300 587 3344 eo
603 3285 703 3343 animo
716 3284 864 3359 voltuque
874 3282 965 3343 tinem
982 3299 1072 3343 suum

97 3377 230 3445 spectat,
266 3366 328 3445 quo
359 3369 491 3429 alienum
524 3376 665 3443 spectare
690 3366 779 3427 nimis
805 3366 907 3427 securi
935 3374 1070 3442 putares.

96 3453 206 3530 magna
217 3469 271 3514 res
285 3461 340 3527 est,
361 3453 472 3526 Lucili,
488 3451 566 3516 haec
581 3459 611 3515 et
627 3453 681 3517 diu
698 3452 870 3530 discenda,
884 3468 960 3514 eum
971 3452 1091 3510 ausen·
1105 3458 1129 3506 u

90 3545 131 3594 tat
141 3539 218 3596 liora
233 3537 284 3594 illa
297 3536 498 3615 inevitabilis,
528 3557 636 3621 aequo
652 3544 763 3608 animo
778 3541 883 3605 abire.
907 3539 976 3601 atta
987 3548 1118 3611 genera

908 3624 955 3690 δή
