2422 3862
121 255 182 318 136
401 254 436 316 L.
458 252 605 314 ΑΝΝΑΕΙ
628 248 800 314 SENECAE
911 251 913 256 ⁴

117 416 183 481 ret,
206 424 266 468 non
286 406 350 482 hic,
374 406 426 482 qui
443 421 605 482 erumpere
626 423 665 467 ex
686 408 838 468 lautorum
859 406 969 467 culinis
988 413 1018 466 et
1037 413 1096 468 ter-

121 508 190 552 rere
206 491 314 568 vigiles
330 493 423 565 solet,
440 491 495 552 sed
513 490 562 552 hic
578 490 735 563 modicus,
753 492 804 568 qui
815 491 955 566 hospites
970 491 1095 552 venisse

88 585 106 637 2
122 575 281 652 significet.
317 575 430 635 Varius
446 576 536 636 nobis
551 576 606 636 luit
622 591 738 648 sermo,
761 575 837 637 utin
853 572 1012 646 convivio,
1031 577 1096 636 nul·

123 663 182 723 lam
208 676 272 720 rem
293 675 391 736 usque
412 658 452 718 ad
480 658 594 719 exitum
618 658 791 732 adducens,
815 659 871 719 sed
892 658 1016 719 aliunde
1037 660 1096 719 alio

123 745 323 807 transsiliens.
360 745 488 804 lectus
509 750 569 803 est
586 743 697 803 deinde
712 743 954 817 liberQuinti
969 741 1095 802 Sextii

123 828 259 906 patris,
282 825 422 902 magni,
443 827 470 886 si
491 826 566 901 quid
588 826 661 886 mihi
680 826 796 899 credis,
819 828 908 900 viri,
930 834 980 899 et,
1004 825 1097 886 licet

89 921 250 988 arroget,
274 909 409 972 Stoici.
451 910 587 984 Quantus
612 911 643 970 in
668 911 736 984 illo,
761 911 791 970 di
816 909 904 983 boni,
927 911 1014 984 vigor
1040 919 1095 983 ost,

123 1004 267 1073 quantum
292 995 398 1054 arrimi!
436 994 496 1055 hoe
521 1010 583 1054 non
608 993 639 1054 in
664 995 806 1056 omnibus
832 993 1027 1070 philosophis
1052 995 1095 1054 in·

121 1081 245 1141 venies:
269 1079 460 1155 quorundam
488 1077 603 1154 scripta
632 1080 748 1139 clarum
773 1077 887 1139 habent
906 1085 1022 1139 tantum
1042 1094 1094 1138 no-

121 1181 206 1238 men,
229 1172 331 1224 cetera
353 1162 523 1237 exsanguia
543 1168 622 1222 sunt.
657 1161 831 1235 instituunt,
854 1163 1027 1237 disputant,
1048 1177 1084 1222 ca

121 1248 279 1320 villamur,
305 1263 367 1306 non
389 1246 504 1307 iaciunt
520 1247 669 1320 animum,
694 1245 766 1322 quia
790 1261 851 1306 non
874 1245 1003 1315 habenta
1028 1262 1096 1306 cum

123 1334 234 1407 legeris
258 1330 407 1404 Sextium,
434 1330 535 1390 dices:
564 1331 672 1405 „vivit,
697 1331 792 1406 viget,
816 1330 892 1391 liber
913 1336 976 1404 est,
1003 1345 1098 1407 supra

90 1421 108 1473 4
122 1415 274 1476 hominem
290 1424 352 1488 est,
375 1413 494 1475 dimittit
510 1429 558 1474 me
574 1415 699 1489 plenum
714 1415 845 1489 ingentis
865 1413 1028 1474 fiduciae.“
1062 1415 1096 1472 ln

124 1517 185 1576 qua
200 1499 352 1575 positione
367 1499 476 1558 mentis
491 1499 564 1572 sim,
585 1515 656 1558 cum
680 1498 762 1558 hunc
783 1500 868 1573 lego,
890 1497 1011 1558 fatebor
1026 1497 1098 1558 tibi:

122 1585 195 1644 libet
221 1599 327 1645 omnes
355 1598 448 1642 casus
471 1598 657 1659 provocare,
684 1583 757 1642 libet
784 1582 972 1643 exclamare:
1002 1581 1097 1659 „quid

124 1684 246 1740 cessaS,
280 1666 422 1729 fortunat
454 1667 656 1742 congredere:
690 1674 826 1741 paratum
852 1666 972 1726 vides.“
1014 1666 1099 1726 illius

124 1753 255 1812 animum
276 1752 384 1823 induo,
407 1749 459 1824 qui
481 1750 614 1825 quaerit,
637 1751 688 1811 ubi
704 1766 739 1811 se
753 1747 944 1825 experiatur,
966 1750 1019 1812 ubi
1040 1751 1098 1810 vir-

123 1844 216 1897 tutem
231 1851 318 1896 suam
337 1834 487 1906 ostendat,

185 1926 426 1996 spumantemque
442 1920 513 1979 duri
524 1935 636 1994 pecore
653 1922 731 1979 inter
745 1921 854 1980 inertia
867 1923 939 1981 votas

184 2010 265 2080 optut
279 2019 388 2079 aprum
402 2011 455 2063 aut
464 2002 583 2076 sulcum
597 2003 777 2065 descendere
790 2010 885 2066 monte
898 2007 1021 2065 leonem.

93 2097 108 2147 5
122 2087 209 2147 Libet
223 2088 339 2162 aliquid
356 2086 469 2146 habere
486 2088 569 2161 quod
592 2086 728 2158 vincam,
745 2087 832 2148 cuius
851 2085 997 2163 patientia
1012 2102 1099 2147 exer·

124 2186 204 2230 cear.
235 2188 306 2231 nam
321 2169 381 2229 hoc
394 2185 518 2246 quoque
533 2171 688 2246 egregium
704 2169 827 2232 Sextius
843 2171 949 2245 habet,
975 2171 1058 2247 quod
1071 2177 1101 2229 el

125 2255 267 2316 ostendet
280 2255 333 2314 tibi
347 2253 455 2314 beatae
468 2255 547 2314 vitae
560 2255 797 2329 magnitudinem
810 2265 839 2317 et
851 2256 1099 2331 desperationem

124 2338 190 2397 eius
211 2355 272 2400 non
294 2338 399 2398 sarriet:
423 2339 503 2399 scias
520 2353 591 2399 esse
605 2339 687 2398 illam
702 2339 732 2398 in
748 2341 889 2412 excelso,
913 2339 970 2401 sed
986 2338 1099 2400 volenti

92 2424 351 2497 openetrabilem.
391 2422 457 2482 Hoc
482 2422 563 2483 idem
586 2421 681 2484 virtus
701 2423 754 2484 tibi
775 2424 845 2500 ipsa
860 2423 1043 2500 praestabit,
1067 2428 1101 2482 ut

122 2507 203 2568 illam
224 2507 382 2568 admireris
404 2515 548 2568 ettamen
565 2522 683 2582 speres.
718 2508 789 2568 mihi
805 2515 886 2568 certe
905 2511 1031 2570 multum
1047 2524 1100 2567 au-

122 2592 202 2652 lerre
222 2592 369 2668 temporis
392 2593 471 2652 solet
493 2590 709 2668 contemplatio
733 2592 802 2667 ipsa
825 2593 1009 2668 sapientiae:
1039 2607 1099 2652 non

123 2676 208 2737 aliter
233 2678 313 2737 illam
338 2676 458 2736 intueor
481 2675 713 2750 obstupefactus
738 2692 830 2752 quam
854 2677 956 2752 ipsum
982 2677 1100 2736 interim

121 2761 281 2833 mundum,
306 2774 510 2836 quamsaepe
530 2766 682 2836 tamquam
704 2767 864 2835 spectator
880 2777 980 2822 novus
998 2760 1100 2821 video.

90 2845 297 2905 lVeneror
312 2844 415 2919 itaque
430 2843 591 2903 inventa
611 2845 834 2919 sapientiae
851 2845 1100 2905 inventores-

123 2944 209 3004 que=
233 2928 318 2988 adire
335 2934 490 3002 tamquam
511 2928 673 2988 multorum
689 2927 887 2990 hereditatem
902 2930 996 2990 iuvat.
1028 2927 1101 2989 mihi

124 3013 181 3072 ista
199 3009 370 3086 adquisita,
393 3010 465 3071 mihi
486 3012 622 3073 laborata
643 3019 722 3072 sunt.
759 3013 815 3073 sed
837 3028 963 3088 agamus
985 3012 1100 3074 bonum

125 3095 390 3170 patremfamiliam
423 3094 571 3157 iaciamus
607 3097 770 3172 ampliora,
804 3112 884 3172 quae
912 3095 1100 3172 accepimus.

127 3179 224 3240 maior
244 3179 302 3239 ista
319 3179 472 3241 hereditas
492 3196 571 3241 ame
587 3180 625 3239 ad
641 3189 785 3256 posteros
796 3188 940 3241 transeat.
974 3181 1100 3242 Multum

128 3263 228 3323 adhuc
254 3271 348 3324 restat
373 3267 476 3340 operis
500 3264 688 3340 multumque
712 3264 853 3339 restabit,
876 3281 933 3326 nec
958 3265 1011 3325 ulli
1029 3274 1100 3326 noto

122 3354 194 3424 post
209 3348 289 3407 mille
304 3352 408 3409 secula
419 3348 635 3424 praecludetur
649 3348 773 3410 occasio
786 3348 902 3425 aliquid
917 3348 1019 3410 adhuc
1035 3350 1098 3409 odi·

90 3432 107 3487 8
123 3430 233 3492 ciendi.
263 3431 324 3492 Sed
339 3434 456 3494 etiamsi
473 3432 574 3494 omnia
588 3450 607 3493 a
621 3433 777 3494 veteribus
791 3434 914 3493 inventa
932 3441 1018 3508 sunt,
1039 3433 1099 3495 hoc

110 3531 241 3592 semper
251 3534 368 3581 novum
386 3519 458 3597 erit,
482 3535 561 3582 usus
578 3519 821 3580 alimentorum
832 3518 873 3577 ab
888 3517 957 3575 aliis
971 3513 1101 3576 seientia
