2422 3862
176 217 344 278 EPlSTUL.
359 215 452 276 molt.
474 216 546 275 ΗΒ.
560 216 623 275 xx.
645 214 868 314 llaec-uro.
882 221 958 298 mr.)
1007 218 1069 286 401

91 370 230 441 Flaccus,
243 382 406 440 numquam
418 364 568 438 eumdem,
578 380 616 442 ne
628 364 755 425 similem
768 365 891 440 quidem
903 367 975 428 sibi:
991 370 1069 429 adeo

93 453 123 511 in
139 452 294 511 diversum
308 450 438 509 aberrat.
467 449 578 508 multos
594 448 672 520 dixit
700 464 799 523 prope
820 457 881 525 est,
911 458 943 512 ut
964 468 1069 513 omnes

92 536 162 596 sint.
182 549 271 595 nenio
288 549 348 594 non
365 530 476 593 cotidie
487 539 517 591 ει
528 528 688 591 consilium
700 538 792 592 mutat
803 539 961 593 etvotum=
976 536 1069 596 ruodo

92 634 222 687 uxorem
235 618 300 677 vult
321 613 449 689 habere,
472 614 564 674 modo
580 614 717 673 amicam.
746 615 839 676 modo
853 632 984 690 regnare
997 621 1069 694 vult,

93 702 185 762 modo
200 701 232 760 id
246 701 317 774 agit,
334 715 372 758 ne
389 699 458 774 quis
473 698 513 759 sit
526 696 697 759 olllciosicr
710 713 830 760 servus.
859 701 952 761 modo
967 701 1072 764 dilatat

93 803 128 846 se
144 800 244 859 usque
260 783 298 842 ad
314 781 471 854 invidiam,
494 781 586 842 modo
602 781 734 841 subsidit
746 789 776 842 et
790 783 978 844 contrahitur
993 785 1071 844 infra

93 869 288 929 humilitatem
302 881 375 925 vere
390 865 560 925 iacentium.
581 880 661 924 nunc
675 865 833 939 pecuniam
849 868 974 942 spargit,
990 885 1071 929 nunc

94 953 180 1027 rapit.
225 950 283 1010 Sic
297 949 428 1008 maxime
449 947 623 1022 coarguitur
643 949 762 1008 animus
782 949 966 1025 inprudensz
992 952 1112 1014 aliustl

93 1035 196 1111 prodit
210 1041 302 1108 atque
316 1031 394 1091 alius
412 1039 456 1104 et,
479 1047 540 1105 quo
555 1031 673 1105 turpius
688 1031 761 1090 nihil
775 1031 892 1106 iudico,
908 1032 997 1109 inpar
1013 1035 1071 1095 sibi

94 1127 150 1179 est.
194 1117 335 1192 Magnam
349 1131 413 1176 rem
430 1120 518 1190 puta,
541 1130 632 1175 unum
653 1115 804 1175 hominem
820 1132 921 1191 agere.
951 1127 1072 1192 praeter

94 1203 264 1277 sapientem
289 1206 388 1258 autem
413 1213 503 1258 nemo
527 1214 618 1259 unum
644 1199 719 1273 agit:
754 1200 845 1260 ceteri
871 1201 1071 1264 multiformes

95 1302 209 1347 sumus.
239 1283 330 1344 modo
348 1282 426 1356 lrugi
441 1281 493 1340 tibi
510 1281 679 1343 videbimur
693 1289 861 1358 etgraves,
886 1285 977 1344 modo
1000 1301 1070 1359 pro-

94 1368 156 1444 digi
171 1376 200 1429 ει
215 1367 294 1429 vani.
338 1365 490 1426 Mutamus
512 1364 641 1425 subinde
662 1381 825 1440 personam
843 1372 874 1426 et
888 1367 1072 1429 contrariam

94 1454 122 1513 ei
134 1453 290 1525 sumimus
305 1467 395 1526 quam
408 1449 557 1511 exuimus.
568 1450 589 1523 ι
601 1448 640 1509 de
652 1450 763 1524 aliquo,
774 1465 864 1524 quem
875 1449 948 1510 here
960 1451 1071 1524 vidisti,

93 1537 200 1597 merito
218 1536 277 1596 dici
294 1541 409 1609 potest:
435 1533 484 1592 hic
502 1531 554 1608 qui
572 1538 640 1592 estt
655 1538 737 1592 tanta
754 1533 879 1593 mutatio
892 1541 948 1594 εει.
963 1537 985 1609 †
1006 1533 1072 1594 Hoc

94 1636 168 1695 ergo
186 1637 204 1680 a
220 1628 248 1680 ιε
260 1618 359 1694 exige,
374 1624 414 1691 ut,
435 1617 554 1692 qualem
570 1615 736 1682 institueris
752 1623 909 1689 praestare
926 1624 964 1688 te,
982 1619 1072 1677 talem

94 1719 195 1780 usque
210 1705 247 1764 ad
263 1703 376 1763 exitum
390 1716 505 1761 serves.
549 1699 645 1760 Effice
660 1705 693 1759 ut
707 1699 811 1775 possis
826 1701 959 1760 laudarit
977 1701 1003 1760 si
1018 1702 1071 1761 mi-

94 1805 162 1862 nus,
179 1795 212 1849 ut
226 1787 384 1863 adgnosci.
397 1788 445 1861 Η
458 1786 545 1845 Vale.

375 1923 589 1981 EPISTULA
616 1922 663 1977 lv.
692 1925 781 1992 (tal.)

348 2019 458 2072 Sennea
477 2021 587 2070 Lucum
607 2029 659 2068 suo
678 2028 818 2071 saturnu.

142 2122 297 2197 Litigabis,
307 2137 364 2197 ego
373 2123 472 2197 video,
481 2120 606 2182 cum-tibi
614 2122 792 2183 hodiernam
801 2122 1101 2197 quaestiunculam,1
1181 2140 1183 2144 ’

96 2207 125 2265 in
142 2223 202 2282 qua
217 2206 293 2266 satis
309 2206 361 2266 diu
372 2206 535 2280 haesimus,
552 2221 738 2282 exposuero.
762 2206 868 2268 iterum
880 2206 1072 2276 enim-excla-

95 2289 1073 2366 mabis[tccqu0dclamaresoles]=,‚hocquidadm0rest“›sed

35 2421 40 2440 ,
95 2373 242 2446 exclama,
262 2375 332 2431 dum
350 2371 401 2432 tibi
420 2372 548 2447 primum
563 2375 640 2435 alios
653 2374 817 2450 obponam,
832 2389 899 2434 cum
916 2372 1029 2448 quibus
1040 2374 1073 2431 li-

96 2456 182 2529 tiges,
198 2454 396 2515 Posidonium
410 2463 440 2514 et
453 2455 684 2517 Archidemnm=
707 2457 738 2516 hi
753 2457 896 2517 iudicium
913 2455 1073 2531 accipient.

96 2538 207 2597 deinde
219 2537 333 2598 dicam=
345 2552 406 2596 non
420 2538 565 2612 quicquid
576 2542 690 2599 morale
702 2547 757 2611 est,
767 2540 866 2599 bonos
877 2555 979 2599 mores
992 2538 1073 2598 lacit.

97 2621 189 2681 Aliud
200 2623 237 2681 ad
251 2619 402 2680 hominem
414 2620 556 2680 alendum
569 2623 708 2696 pertinet,
717 2621 798 2680 aliud
810 2623 850 2682 ad
859 2621 1073 2694 exercendum,
1085 2635 1103 2688 a

95 2705 178 2764 aliud
196 2706 236 2764 ad
250 2704 459 2776 vestiendum,
479 2704 563 2764 aliud
577 2705 616 2764 ad
631 2704 812 2777 docendum,
837 2704 920 2764 aliud
938 2704 977 2764 ad
993 2705 1074 2764 dele-

96 2789 252 2848 ctandum=
271 2786 370 2848 omnia
382 2794 481 2848 tamen
494 2788 534 2847 ad
544 2782 696 2849 hominem
709 2786 868 2863 pertinent,
881 2788 999 2849 etiamsi
1014 2805 1075 2849 non

96 2874 197 2933 omnia
212 2873 368 2933 meliorem
383 2887 452 2930 eum
468 2871 597 2932 iaciunt:
620 2887 721 2932 mores
737 2873 795 2931 alia
804 2870 890 2933 aliter
901 2873 1074 2948 adtingunt:

97 2957 248 3032 quaedam
274 2957 341 3016 illos
364 2957 520 3030 corrigunt
539 2962 570 3016 et
590 2957 743 3031 ordinant,
766 2957 915 3032 quaedam
937 2965 1074 3018 naturam

95 3057 201 3100 eorum
228 3049 257 3101 ει
282 3039 428 3114 originem
454 3047 636 3101 scrutantur.
681 3040 754 3100 Cum
783 3041 952 3116 quaeritur,
981 3047 1104 3117 quares

94 3124 247 3185 hominem
265 3130 372 3184 natura
389 3125 581 3199 produxerit,
604 3125 773 3201 quaeritur,
792 3140 886 3199 quare
901 3126 1076 3207 praetulerit

96 3209 277 3268 animalibus
301 3207 426 3281 ceteris,
447 3210 538 3284 longe
559 3224 607 3267 me
630 3207 746 3268 iudicas
769 3223 871 3267 mores
892 3209 1076 3284 reliquisset

97 3292 206 3351 falsum
221 3298 284 3351 est:
308 3292 463 3367 quomodo
480 3293 559 3352 enim
574 3293 671 3364 scies,
695 3289 748 3367 qui
761 3291 894 3351 habendi
909 3293 983 3367 sint,
1005 3293 1073 3363 nisi,

98 3374 172 3449 quid
194 3374 308 3434 homini
329 3376 368 3435 sit
388 3375 549 3451 optimum,
573 3376 748 3436 invenerist
773 3375 831 3434 nisi
852 3383 988 3436 naturam
1009 3376 1075 3435 eius

97 3456 291 3532 inspexeris?
313 3465 384 3519 tunc
399 3460 520 3522 demum
537 3461 713 3538 intelleges,
736 3453 1104 3536 uuidiadxendumtidx.

138 3560 237 3598 sannen
251 3561 320 3598 rurs.
336 3547 380 3602 tlt.
901 3547 945 3597 Ἃ
