2392 3870
150 197 192 260 86
212 197 246 256 L.
258 193 405 255 ANNAEI
417 193 592 254 SENECAE
606 193 1011 258 EP.M0R.L13.1v.uP.1a
1024 201 1095 268 (41.)

149 360 225 425 tem,
249 348 395 427 quicquid
415 349 555 411 timemus
576 355 780 423 optamusque
796 347 959 421 ridentem,
982 350 1126 410 coelestis

149 436 285 512 potentia
299 433 401 508 agitat.
435 445 495 492 nou
513 438 613 507 potest
626 447 677 492 res
692 439 775 492 tanta
790 432 857 492 sine
873 432 1057 493 adminiculo
1074 450 1127 494 nu-

149 519 238 580 minis
260 526 356 578 stare=
384 517 488 591 itaque
509 517 624 576 maiore
645 516 692 576 sui
708 522 794 590 parte
808 515 869 575 illic
883 523 946 590 est,
974 518 1057 576 unde
1075 517 1127 578 de-

149 602 278 665 scendit.
315 600 575 676 Quemadmodum
601 599 678 660 radii
703 599 777 660 solis
804 600 981 674 contingunt
1004 603 1128 676 quidem

148 695 275 760 terram,
292 685 348 746 sed
362 684 403 744 ibi
417 691 502 757 sunt,
518 683 599 744 unde
614 681 784 744 mittuntur=
808 684 853 743 sic
868 684 987 744 animus
998 700 1129 760 magnus

150 786 186 831 ac
208 785 297 831 sacer
316 777 346 828 et
365 769 395 827 in
415 767 476 828 hoc
496 765 666 839 demissus,
687 775 721 828 ut
741 767 869 842 propius
886 767 1010 849 quidem
1024 769 1130 830 divina

149 869 330 923 nossemus,
359 860 560 912 conversatur
585 851 708 927 quidam
732 850 909 925 nobiscum,
942 853 1000 911 scd
1023 853 1129 915 haeret

150 935 259 1012 origini
274 952 364 997 suae:
384 934 465 996 illino
482 936 610 1011 pendet,
625 935 696 995 illuc
711 941 830 1010 spectat
840 951 877 994 ac
888 935 998 1010 nititur,
1013 937 1128 998 nostris

121 1028 305 1098 ammquam
319 1018 427 1081 melior
440 1021 573 1080 interest
609 1019 683 1094 Quis
699 1026 747 1080 est
760 1026 834 1095 ergo
847 1018 897 1078 hic
913 1020 1056 1081 aninum
1075 1023 1128 1098 qui

150 1106 233 1166 nullo
248 1105 331 1166 bono
347 1105 407 1164 nisi
420 1120 478 1165 suo
495 1104 579 1164 nitet.
609 1103 683 1179 quid
698 1104 778 1186 anun
792 1111 841 1165 est
854 1102 975 1165 stultius
990 1121 1082 1180 quarn
1097 1105 1126 1164 in

150 1190 274 1251 homine
288 1190 388 1249 aliena
403 1189 548 1250 laudaret
569 1188 641 1264 quid
657 1203 694 1248 co
710 1186 896 1262 dementius,
920 1188 972 1264 qui
987 1204 1025 1248 ea
1039 1189 1128 1249 mira-

149 1282 206 1349 tur,
229 1289 309 1350 quae
329 1273 369 1332 ad
383 1273 475 1333 alium
491 1273 647 1333 transferri
661 1272 800 1347 protinus
818 1279 969 1348 possuntt
1000 1273 1067 1334 Non
1085 1275 1128 1333 lo-

151 1359 234 1419 ciuut
254 1357 410 1418 meliorem
431 1372 544 1432 equum
560 1356 644 1418 aurei
659 1357 746 1416 irenl.
774 1355 861 1417 alitor
873 1357 921 1418 leo
936 1366 1042 1419 aurata
1055 1356 1127 1418 iuba

150 1441 282 1516 mittitur,
302 1440 374 1502 dum
391 1446 595 1502 contractatur
609 1448 639 1501 el
653 1441 693 1501 ad
709 1440 883 1516 patientiam
896 1439 1066 1516 recipiendi
1080 1458 1122 1502 or·

149 1525 282 1587 nomenti
296 1526 414 1601 cogitur
429 1525 586 1601 fatigatus,
603 1523 692 1585 aliter
701 1525 847 1600 incultus,
865 1526 974 1601 integri
985 1526 1126 1600 spiritus:

148 1609 199 1671 laic
220 1609 338 1672 scillcet
356 1610 461 1686 inpetu
480 1625 561 1682 acer,
586 1611 706 1685 qualem
720 1609 803 1670 illum
817 1619 925 1671 natura
938 1624 1009 1670 essa
1024 1610 1126 1682 voluit,

150 1694 317 1770 speciosus
336 1711 375 1756 ex
396 1693 537 1768 horrido,
560 1693 646 1755 cuius
667 1692 717 1754 hic
738 1693 833 1754 decor
849 1702 913 1767 est,
933 1709 994 1754 uon
1010 1694 1078 1754 sine
1092 1694 1125 1754 ti-

150 1796 234 1840 more
249 1777 383 1854 adspici,
402 1779 573 1854 praefertur
587 1777 629 1838 illi
642 1778 788 1854 languido
801 1786 831 1839 et
841 1777 1006 1839 bracteam.
1031 1777 1125 1838 Ncmo

121 1862 272 1939 rgloriari
292 1861 351 1923 nisi
373 1878 430 1925 suo
453 1862 553 1923 dabat.
586 1862 686 1924 Vitem
707 1863 883 1935 laudamus,
906 1861 933 1922 si
949 1863 1048 1922 lruotu
1062 1863 1126 1938 pal-

149 1947 236 2008 mites
258 1954 380 2020 onerat,
401 1947 428 2007 si
449 1947 519 2023 ipsa
540 1947 675 2023 pondere
696 1948 748 2020 [ad
762 1951 883 2019 imam]
905 1961 1126 2022 eorumquae

148 2032 230 2104 tulit,
251 2030 436 2091 adminiculo
450 2032 588 2092 deducit:
611 2047 683 2092 num
698 2032 767 2106 quis
782 2030 853 2091 huic
866 2030 947 2091 illam
961 2032 1127 2106 praeferret

148 2114 256 2189 vitem,
278 2113 327 2174 oui
347 2130 460 2174 aureae
473 2131 569 2188 uvae,
590 2131 683 2176 aurea
697 2114 770 2174 lolia
782 2115 977 2191 dependenti
1000 2115 1125 2190 Propria

148 2197 245 2258 virtus
265 2205 313 2257 est
334 2196 365 2256 in
379 2198 442 2257 vite
456 2196 609 2259 lortilitasr
630 2199 662 2258 in
676 2197 800 2259 homine
814 2214 938 2275 quoque
954 2198 983 2258 id
999 2200 1125 2260 laudau-

150 2282 222 2344 dum
243 2288 306 2353 est,
327 2283 410 2356 quod
431 2282 531 2358 ipsius
550 2290 606 2344 est.
639 2281 793 2345 Familiam
808 2285 975 2344 lormosam
991 2283 1084 2343 habet
1097 2291 1127 2342 ct

150 2366 274 2427 domum
297 2366 468 2441 pulchram,
491 2367 617 2428 multum
638 2364 726 2438 serit,
752 2370 877 2429 umltum
898 2369 1028 2428 leuemt:
1053 2366 1125 2426 nihil

119 2449 258 2514 eborum
272 2449 303 2509 in
317 2448 386 2525 ipso
399 2458 461 2525 est,
482 2451 538 2511 sed
551 2451 631 2512 eirca
642 2451 755 2527 ipsum.
786 2453 892 2514 Lauda
904 2451 933 2511 iu
947 2453 1025 2528 ipso,
1042 2452 1125 2527 quod

150 2552 208 2596 uec
228 2533 307 2610 oripi
325 2542 428 2610 potest
450 2551 507 2595 nec
528 2535 607 2610 dari,
632 2537 718 2611 quod
738 2536 898 2612 proprium
915 2535 1046 2596 hominis
1063 2543 1124 2596 est=

151 2619 276 2695 quaeris
295 2619 370 2695 quid
388 2621 448 2681 elli
472 2618 591 2680 animus
606 2627 639 2680 et
649 2620 727 2683 rullo
741 2621 772 2681 in
787 2621 890 2681 auimo
903 2621 1047 2695 perlaeta.
1078 2636 1123 2679 ra·

148 2704 262 2763 tiormle
282 2703 362 2763 enim
382 2705 492 2764 animal
509 2711 556 2764 est
571 2703 674 2766 homo,
696 2713 924 2766 consummamr
939 2705 1044 2780 itaque
1059 2705 1124 2764 elus

120 2785 279 2860 eborum,
294 2787 321 2847 si
336 2787 515 2865 idinplevit,
532 2790 582 2849 cui
592 2789 738 2850 nascitur.
768 2788 844 2864 Quid
856 2796 1024 2861 estoutem,
1041 2789 1125 2862 quod

148 2870 187 2931 ab
202 2870 253 2932 illo
268 2871 346 2932 ratio
360 2869 437 2934 lmcc
452 2874 577 2949 exigatt
594 2890 663 2934 rem
673 2873 864 2948 facillimam,
884 2873 1055 2934 secundum
1071 2889 1123 2931 na-

147 2959 248 3015 turam
267 2971 355 3015 suern
375 2955 491 3017 vivere,
514 2958 571 3018 sed
591 2957 674 3018 hanc
689 2958 846 3019 dificilem
866 2956 937 3017 lacit
955 2958 1124 3018 eommunis

147 3037 282 3098 insanias
305 3039 335 3098 in
351 3038 422 3100 uitia
435 3042 510 3103 alter
524 3043 650 3103 alterum
663 3043 824 3104 tundimus.
852 3040 1008 3118 quomodo
1024 3049 1123 3102 autam

147 3123 286 3266 ‘rovotclqtrti
302 3123 349 3266 ad(
357 3124 485 3267 slalutem
498 3134 645 3203 possunt,
662 3143 740 3203 quoa
751 3140 840 3189 namo
852 3127 975 3199 retinet,
992 3128 1123 3202 populus

147 3221 221 3282 rupe
244 3224 253 3265 t
351 3223 407 3268 aa.
