2422 3862
465 244 697 301 FRAGMENTA.
1011 235 1075 305 487

97 404 158 475 ipse
170 404 369 473 prospexeratr
386 414 451 453 nam
464 397 518 453 nisi
530 388 544 477 Η
559 413 605 452 me
617 396 720 467 decipit
729 396 834 467 pietas,
850 396 929 451 cuius
939 394 1074 451 honestus

98 487 180 542 etiam
199 500 277 541 error
295 489 352 551 est,
372 483 443 537 inter
461 498 511 538 eos
522 479 687 550 haberetur,
710 481 757 550 qui
773 479 886 551 ingenio
906 485 1075 546 meruerunt,

97 578 126 625 ut
145 569 223 641 puris
249 570 415 639 sorabtorum
436 566 520 620 titulis
542 565 650 619 nobiles
675 569 778 637 essent.
813 562 944 634 Quisquis
961 564 1121 635 legissetilti

97 656 157 710 eius
174 652 305 708 historias
320 653 354 706 ab
375 650 451 705 initio
472 649 609 705 bellorum
631 647 768 717 civilium,
790 647 865 703 unde
884 648 1004 719 primum
1025 665 1075 704 ve-

96 739 163 793 ritas
186 743 260 792 retro
283 735 363 805 obiit,
384 750 476 806 paene
498 748 589 804 usque
611 730 649 787 ad
669 731 764 786 mortis
782 746 851 786 suae
870 731 959 801 diem,
981 732 1076 803 magni

97 822 257 877 aestimaret
276 819 363 888 scire,
386 817 486 890 quibus
507 823 588 872 natus
611 821 687 870 esset
708 815 869 887 parentibus
888 815 948 886 ille,
966 816 1012 885 qui
1030 832 1075 871 res

96 896 257 983 Romanitas
271 900 311 970 *).

445 996 518 1052 XVI.
540 993 751 1055 ORATIONES.

159 1116 235 1175 caes.
247 1115 301 1171 Dio
311 1113 398 1183 LXI,
414 1130 439 1170 c.
457 1118 499 1170 10.
524 1100 558 1168 ‘0
570 1107 696 1179 Σενέκας
706 1140 749 1150 -
759 1109 932 1188 τυραννίδος
949 1129 1073 1188 κατηγο·
1087 1120 1137 1174 100

96 1199 157 1275 ρῶν
169 1187 473 1275 τνραννοδιδνῖσααλος
484 1189 592 1272 ἐγίνετο
603 1225 641 1235 -
661 1185 728 1263 τούς
744 1213 774 1251 τε
786 1185 999 1265 κολακεύοντας
1008 1213 1075 1252 τινα

98 1272 264 1357 διαβάλλων
275 1268 364 1350 αὐτὸς
386 1271 462 1338 οὕτω
482 1267 580 1354 τὴνΜ
601 1277 757 1336 εσσαλῖναν
773 1273 824 1336 καὶ
840 1266 908 1348 τοὺς
922 1275 1073 1336 Κλαυδίαν

148 1463 177 1529 *)
191 1463 232 1512 Ad
245 1461 365 1511 historias
378 1461 411 1510 Μ.
423 1461 522 1511 Annaei
531 1457 642 1512 Senecae
655 1463 787 1513 referenda
800 1465 918 1514 videntur
933 1463 1075 1528 fragmenta

97 1532 175 1593 haec,
190 1545 254 1595 quae
267 1529 348 1580 solent
360 1529 440 1578 Lucio
453 1531 543 1579 tribui:

148 1601 270 1650 Lactant.
284 1600 374 1648 tostitt.
386 1598 428 1651 lib.
445 1597 515 1659 VII,
528 1613 552 1653 c.
568 1599 615 1659 15,
630 1600 671 1650 14.
701 1599 756 1650 Non
768 1599 857 1648 inscite
870 1598 967 1649 Seneca
981 1600 1075 1650 Rome·

96 1685 143 1719 nae
155 1669 225 1719 urbis
237 1676 353 1733 tempora
366 1667 493 1718 distribuit
503 1669 530 1717 in
543 1675 652 1718 aetates:
664 1670 773 1734 primam
785 1669 853 1717 enim
866 1669 929 1718 dixit
942 1668 1073 1719 infantiam

96 1740 142 1788 nub
156 1754 217 1804 rege
229 1736 337 1787 Romulo
352 1735 447 1797 inisse,
461 1752 477 1785 a
490 1751 539 1800 qno
556 1744 581 1786 et
592 1740 680 1802 genite
693 1746 718 1788 et
730 1737 803 1802 quasi
817 1737 971 1801 educats,sit
982 1738 1073 1792 Rome.

96 1808 187 1857 deinde
198 1807 333 1870 pueritiam
346 1807 393 1855 nub
407 1807 496 1856 ceteris
512 1807 632 1872 regibus,
652 1821 668 1855 a
682 1809 773 1870 quibus
787 1815 812 1856 et
828 1814 901 1856 ancta
914 1806 947 1856 sit
959 1815 983 1856 et
996 1807 1075 1857 disci·

95 1876 173 1942 plinis
181 1874 295 1939 pluribus
304 1875 473 1938 institutisque
483 1875 599 1926 formata.
614 1884 639 1925 at
650 1890 709 1926 vero
718 1875 855 1939 Tarquinio
866 1881 988 1941 regnante
997 1891 1074 1939 quum

95 1947 146 1993 iam
166 1943 239 2006 quasi
252 1943 339 1992 adulta
352 1957 409 1993 esse
420 1946 559 2009 coepisset,
580 1946 710 2001 servitium
724 1960 774 1996 non
786 1943 874 1994 tulisse
888 1951 912 1994 et
925 1945 1018 1994 reiecto
1032 1960 1074 1994 su-

95 2013 189 2078 perbae
204 2013 384 2062 dominationis
403 2013 464 2078 iugo
482 2014 602 2064 maluisse
617 2014 717 2080 legibus
731 2015 903 2078 obtemperare
918 2028 992 2076 quam
1007 2015 1074 2079 regi·

95 2083 151 2131 bus.
167 2097 295 2145 quumque
307 2090 374 2131 esset
386 2080 555 2133 adolescentia
568 2084 624 2134 eius
634 2083 683 2133 fine
691 2084 778 2134 Punici
790 2081 850 2132 belli
860 2083 1007 2146 terminate,
1021 2090 1074 2132 tum

95 2152 204 2214 denique
217 2151 369 2201 confirmatis
389 2151 484 2200 viribus
498 2153 613 2217 coepisse
626 2155 797 2204 iuvenescere.
819 2152 919 2202 sublata
933 2152 1000 2202 enim
1014 2149 1073 2201 Car-

95 2219 212 2285 thagine,
232 2235 297 2283 quae
316 2220 359 2270 diu
377 2219 475 2271 aemule
488 2222 589 2286 imperii
599 2221 661 2282 tuit,
680 2237 770 2272 manus
783 2236 843 2271 suas
855 2220 882 2270 in
894 2228 974 2271 totum
988 2221 1073 2271 orbem

95 2297 163 2336 terra
176 2289 289 2350 marique
308 2290 434 2352 porrexit:
455 2290 536 2339 donec
547 2291 651 2356 regibus
663 2292 758 2341 cunctis
772 2300 797 2340 et
811 2290 957 2339 nationibus
967 2290 1073 2354 imperio

96 2355 240 2420 subiugatis
258 2370 336 2418 quum
354 2357 405 2404 inm
424 2357 549 2407 bellorum
560 2359 665 2408 materia
678 2359 809 2419 deficeret,
827 2359 925 2409 viribus
940 2359 994 2406 suis
1007 2357 1073 2407 male

95 2431 220 2481 uteretur,
241 2425 332 2486 quibus
350 2438 378 2472 se
395 2426 452 2488 ipsa
467 2426 583 2476 coniecit.
616 2427 683 2477 Haeo
701 2429 749 2477 luit
768 2429 853 2493 prima
870 2428 925 2476 eius
945 2433 1072 2486 senectus,

96 2508 152 2541 cum
176 2491 249 2541 bellis
270 2492 380 2540 lacerata
395 2493 512 2544 civilibus
530 2501 606 2556 atque
625 2496 744 2545 intestino
757 2494 825 2544 malo
837 2509 927 2558 pressa
938 2508 1026 2542 rursus
1039 2495 1074 2543 ad

95 2562 210 2626 regimen
225 2560 362 2626 singularis
381 2562 481 2625 imperii
500 2562 590 2611 recidit
603 2564 676 2624 quasi
692 2564 725 2613 ad
737 2563 842 2613 alterurn
856 2561 988 2611 infantiam
1001 2576 1073 2611 revo-

94 2628 156 2679 luta.
172 2630 267 2678 ernissu
280 2629 347 2678 enim
361 2627 491 2688 libertate,
506 2645 582 2692 quam
597 2629 673 2679 Bruto
688 2633 751 2682 duce
765 2640 789 2681 et
802 2639 904 2679 auctore
918 2628 1073 2686 defenderat,

95 2698 131 2748 ita
144 2698 288 2755 consenuit,
307 2704 435 2761 tamquam
448 2704 590 2749 sustentare
603 2713 631 2748 se
643 2699 700 2762 ipsa
711 2714 763 2749 nou
776 2698 886 2757 valeret,
905 2697 955 2747 nisi
968 2698 1073 2748 admini-

97 2766 151 2816 culo
164 2768 306 2833 regentium
320 2767 451 2822 niteretur.

145 2835 249 2886 Sueten.
266 2834 353 2886 Tiber.
370 2851 392 2885 c.
409 2835 452 2890 73.
486 2833 582 2886 Seneca
594 2851 652 2886 eum
666 2833 820 2900 (Tiberium)
834 2836 931 2897 scribit,
947 2834 1073 2886 intellecta

95 2903 237 2955 delectione
250 2912 395 2969 exemptum
409 2904 530 2955 annulum
544 2906 619 2968 quasi
635 2904 712 2954 alicui
724 2905 873 2954 traditurum
887 2919 1025 2970 parumper
1036 2914 1073 2955 te-

94 2975 195 3032 nuisse,
217 2974 275 3023 dein
293 2988 380 3023 rursus
402 2983 503 3039 aptasse
524 2975 605 3040 digito
628 2982 652 3023 et
671 2972 815 3038 compressa
833 2974 936 3023 sinistra
948 2987 1024 3024 mauu
1037 2975 1073 3024 ia-

94 3042 177 3091 cuisse
196 3043 240 3091 diu
262 3041 431 3108 immobilem,
454 3044 588 3106 subitoque
606 3043 703 3093 vocatis
724 3043 847 3092 ministris
866 3057 895 3091 ac
915 3043 1014 3092 nemine
1034 3057 1074 3092 re-

93 3112 234 3174 spondente
259 3113 449 3161 consurrexisse
470 3127 516 3162 nec
539 3111 627 3177 procul
646 3127 662 3161 a
679 3110 772 3162 lectulo
791 3110 963 3161 deficientibus
976 3111 1073 3161 viribus

94 3181 245 3229 concidisse.
686 3186 689 3190 ’

144 3247 185 3296 Ex
203 3249 317 3298 eiusdem
336 3249 371 3303 Μ.
388 3248 499 3300 Senecae
512 3249 644 3300 rhetoricis
656 3249 728 3299 libris
742 3250 822 3314 petits
834 3248 952 3299 videntur
965 3247 1043 3299 haec:

146 3314 247 3376 Quium.
266 3317 536 3380 tneott.1x,2‚tte.
572 3319 699 3382 Frequens
717 3317 779 3368 illud
797 3326 898 3367 estnec
919 3331 1076 3382 magnopere

93 3385 261 3446 ceptandum,
275 3389 344 3449 quod
358 3389 480 3452 petitura
496 3388 660 3438 iureiurando
673 3413 716 3437 -·.
736 3402 795 3437 nam
808 3394 833 3436 et
848 3387 874 3435 in
887 3393 971 3436 totum
980 3387 1082 3456 iurare3

93 3451 144 3499 nisi
159 3455 204 3502 ubi
216 3467 320 3505 necesse
335 3465 387 3517 est,
400 3457 473 3522 gravi
487 3458 540 3507 viro
553 3472 643 3523 parum
656 3457 797 3517 conuertit,
815 3461 844 3504 et
856 3461 899 3502 est
908 3450 1048 3501 escuem
1056 3446 1101 3489 bx-

94 3527 162 3570 etum
175 3520 313 3587 eleganter,
326 3539 376 3576 non
387 3534 557 3592 patronorum
568 3526 622 3580 boc
636 3542 697 3580 esse
708 3526 760 3578 scd
768 3524 899 3575 testium.
940 3573 946 3577 ,
