2422 3862
135 245 306 308 EPISTUL.
321 246 416 307 MOR.
437 246 511 306 LIB.
524 245 631 308 XVIII.
652 246 710 306 ΕΡ.
723 254 787 310 M.
808 253 969 324 (106.107.)
1009 246 1075 311 349

94 398 167 460 dum
191 403 238 458 est
253 397 468 472 confragosum
489 395 550 456 hoc
568 397 634 457 iter.
663 396 753 469 [Mori
766 397 852 476 vult]
876 396 1106 474 Praepareturd

94 483 213 542 animus
229 488 335 542 contra
350 480 464 540 omnia:
487 480 564 541 sciat
579 496 614 540 se
629 481 767 555 venisse,
783 480 836 542 ubi
849 487 937 543 tonat
951 481 1073 543 suuacn.

95 566 173 626 sciat
187 582 223 626 se
239 565 362 625 venisse
377 563 430 624 ubi

177 648 813 724 tummetuttrtccsposuerccuditiocuroe

173 737 378 810 pollentesque
392 733 527 814 hubitant
539 733 634 793 morbi
645 736 793 808 imamque
804 739 947 794 reuectus.

93 819 123 878 in
145 818 205 878 hoc
226 817 426 879 contubernio
448 817 511 876 vita
531 816 673 890 degenda
693 824 750 878 est.
781 816 919 892 effugere
939 817 998 879 ista
1012 834 1073 880 non

92 909 199 979 potem
219 909 413 964 contemnere
428 909 528 976 potes.
548 907 725 961 contemnes
737 908 853 975 autem,
870 901 896 961 si
911 917 1007 977 saepe
1022 919 1073 964 co·

92 986 239 1062 gitaveris
260 993 290 1046 et
309 987 411 1046 sutura
424 986 681 1061 praesumpseris.
709 985 825 1046 Nemo
838 1001 913 1045 non
929 986 1074 1048 fortius
1089 1000 1107 1055 4

93 1071 139 1131 ad
162 1071 214 1145 id,
237 1071 297 1131 cui
320 1086 362 1130 se
382 1068 447 1130 diu
469 1077 750 1144 conposuerat,
772 1071 1073 1133 accessitctdu·

92 1156 149 1215 ris
166 1170 337 1230 quoque,
354 1154 385 1214 si
404 1152 686 1229 praemeditata
702 1162 827 1229 erant,
846 1154 1009 1218 obstitit.
1039 1163 1076 1218 at

93 1247 230 1301 contra
250 1236 458 1315 inparatus
479 1237 592 1297 etiam
611 1237 817 1298 levissima
837 1239 1006 1314 expavit.
1039 1241 1074 1300 ld

93 1325 246 1399 agendum
261 1330 321 1397 est,
337 1338 376 1381 ne
391 1321 464 1398 quid
475 1321 565 1383 nobis
576 1321 763 1396 inopinatum
776 1321 823 1382 sit.
846 1329 876 1382 et
889 1321 960 1399 quia
973 1326 1075 1386 omnIa

93 1409 228 1470 novitate
242 1407 386 1483 graviora
399 1412 485 1480 sunt,
506 1405 574 1466 hoc*
587 1403 730 1480 cogitatio
751 1406 883 1468 adsidua
899 1408 1073 1484 praestabit,

92 1501 126 1553 ut
140 1493 213 1553 nulli
228 1493 272 1552 sis
289 1493 370 1552 malo
382 1488 450 1552 tiro.
472 1489 581 1565 „Servi
592 1505 641 1549 mc
654 1491 873 1565 reliquerunt.“
894 1490 984 1552 alium
1001 1509 1073 1553 con·
1089 1509 1105 1562 5

93 1576 281 1652 pilaverunt,
303 1576 394 1637 alium
410 1582 651 1648 accusaverunt,
667 1573 757 1633 alium
773 1573 964 1648 occiderunt,
983 1575 1073 1635 alium

92 1661 307 1736 prodiderunt,
323 1661 415 1721 atium
428 1660 638 1733 calcaverunt,
655 1655 745 1719 atium
758 1673 892 1732 veneno,
909 1658 999 1718 alium
1018 1659 1075 1719 cri-

93 1743 258 1806 minatione
287 1746 453 1820 petiemnt=
490 1741 638 1819 quicquid
664 1741 797 1816 dixeris,
825 1741 928 1803 multis
954 1743 1073 1804 accidit.

93 1826 261 1904 Deinceps,
283 1845 362 1905 quae
383 1831 525 1890 multa'et
544 1825 629 1887 varia
644 1833 729 1900 sunt,
752 1826 793 1903 [in
810 1842 869 1886 nos
883 1825 1074 1901 diriguntur]

96 1912 248 1987 quaedam
263 1913 292 1971 in
308 1929 366 1974 nos
381 1913 444 1973 fixa
459 1918 544 1986 sunt,
566 1911 719 1986 quaedam
744 1911 864 1970 vibrant
883 1918 914 1971 et
928 1925 997 1970 cum
1012 1926 1075 1970 ma-

94 1996 175 2057 xime
188 1997 325 2071 veniunt,
342 1998 493 2073 quaedam
508 1997 538 2055 in
551 1996 628 2056 alios
642 2001 827 2071 perventura
842 2010 899 2055 nos
915 1992 1074 2069 stringunt.

93 2076 170 2140 Nihil
191 2081 334 2142 miremur
353 2098 474 2156 eorum,
500 2079 540 2141 ad
564 2095 645 2154 quae
664 2079 726 2139 nati
752 2095 872 2152 sumus,
901 2094 981 2154 quae
1001 2079 1104 2141 ideod

93 2165 167 2224 nulli
183 2167 353 2241 querenda,
375 2165 446 2242 quia
463 2165 548 2242 paria
563 2170 634 2225 sunt
647 2165 804 2225 omnibus:
825 2162 966 2237 iudico,
988 2163 1076 2238 paria

94 2256 175 2309 sunt.
211 2265 280 2308 nam
303 2250 392 2310 etiam
415 2251 498 2324 quod
520 2248 626 2324 effugit
643 2249 768 2324 aliquis,
798 2248 862 2323 pati
882 2248 995 2323 potuit:
1024 2264 1074 2308 ac-

95 2349 188 2408 quum
212 2341 311 2393 autem
335 2334 382 2392 ius
403 2340 451 2393 est
471 2350 532 2394 non
548 2348 609 2409 quo
625 2349 732 2395 omnes
747 2331 796 2394 usi
813 2341 899 2407 sunt,
918 2332 973 2392 sed
991 2331 1075 2407 quod

95 2416 235 2477 omnibus
251 2418 343 2475 latum
358 2422 414 2476 est.
431 2417 601 2492 Imperetur
615 2417 753 2493 aequitas
764 2417 865 2476 animo
877 2422 908 2475 et
922 2416 988 2475 sinc
1000 2431 1075 2490 que·

93 2499 160 2558 reia
179 2499 367 2557 mortalitatis
388 2497 499 2559 tributa
520 2499 700 2575 pendamus.
727 2500 830 2558 Hiems
851 2499 965 2573 irigoru
980 2496 1108 2572 adda-7

95 2583 151 2642 cit:
186 2579 349 2655 algendum
375 2588 432 2642 est.
470 2588 574 2643 aestas
593 2582 713 2643 catores
732 2582 839 2641 refert:
874 2580 1077 2642 aestuandum

95 2672 151 2727 est.
181 2664 379 2740 intemperies
394 2666 472 2725 coeli
487 2664 683 2726 valitudinem
699 2671 841 2740 temptat:
858 2665 1076 2739 aegrotandum

97 2758 151 2811 ast.
181 2755 212 2810 et
233 2751 298 2810 iera
314 2749 403 2809 nobis
418 2749 520 2825 aliquo
535 2750 605 2809 loco
620 2755 762 2809 occurret
775 2755 804 2809 et
817 2746 911 2810 homo
926 2749 1077 2823 pernicio-

95 2835 159 2896 sior
181 2835 254 2894 ieris
272 2833 422 2894 omnibus.
446 2832 528 2896 aliud
543 2849 639 2909 aqua,
660 2833 743 2893 atiud
758 2832 837 2908 ignis
852 2833 975 2908 eripiet:
997 2831 1077 2894 hanc

94 2935 195 2979 rerum
210 2917 423 2979 condicionem
437 2925 553 2980 mutare
567 2935 629 2978 non
644 2933 825 2993 possumus:
852 2916 882 2977 id
899 2933 1076 2993 possumus,

95 3019 236 3078 magnum
259 3018 380 3062 sumere
401 3000 532 3063 animum
554 3010 584 3063 et
598 3002 664 3062 viro
678 3002 761 3063 bono
777 2999 916 3076 dignum,
939 3018 1000 3078 quo
1017 3002 1078 3064 ior-

94 3087 163 3148 titer
186 3088 307 3147 fortuitu
327 3087 478 3162 patiamur
499 3095 529 3147 et
550 3096 677 3147 naturae
697 3085 933 3147 consentiamus.
965 3085 1111 3152 Naturae

96 3177 196 3231 autem
213 3170 288 3244 hoc,
312 3170 397 3246 quod
411 3171 515 3245 vides,
536 3186 664 3246 regnum
683 3169 900 3232 mutationibus
914 3176 1077 3246 temperat:

95 3255 198 3315 nubilo
216 3270 325 3315 serena
346 3254 524 3316 succedunt.
550 3255 711 3327 turbantur
731 3255 840 3328 maria,
862 3270 932 3316 cum
953 3255 1076 3330 quieve-

95 3345 174 3396 runt.
210 3337 285 3400 flant
306 3340 336 3399 in
358 3338 458 3400 vicem
477 3339 568 3401 venti.
603 3346 724 3402 noctem
745 3340 812 3401 dies
827 3339 973 3415 sequitur.
1002 3354 1077 3415 pars

96 3421 174 3481 coeli
189 3425 360 3499 consurgit,
383 3441 457 3499 pars
471 3423 630 3501 mergitum
659 3427 818 3490 contrariis
833 3441 935 3486 rerum
949 3422 1076 3484 aeterni-

98 3514 143 3566 tas
160 3514 288 3569 constat.
318 3509 368 3568 Ad
388 3507 469 3571 huuc
482 3509 580 3587 legem
596 3510 714 3573 animus
732 3517 837 3572 noster
851 3507 1005 3584 aptandus
1021 3512 1076 3569 cst.
1092 3512 1109 3568 9
