2422 3862
389 427 423 507 l.
448 423 587 508 llllul
614 423 784 508 sallum

439 578 490 628 ΑΙ)
520 576 736 629 Lucillum

134 696 626 796 EPISTULARUM
672 695 1029 799 nolllltlll

492 868 624 932 LIBER
654 868 676 932 1.

521 1031 643 1040 -—-

450 1138 665 1197 EPISTULA
696 1141 716 1198 l.
759 1164 766 1172 ·

348 1232 458 1285 Seneca
475 1235 587 1285 Lucruo
607 1247 659 1286 suo
679 1247 817 1290 sacurem

155 1357 177 1414 l.
198 1356 245 1414 lta
260 1354 318 1429 lac,
332 1353 369 1413 mi
381 1353 485 1428 Lucili,
498 1355 619 1414 vindica
630 1362 660 1414 te
671 1355 734 1430 libi,
746 1362 776 1415 el
789 1363 954 1431 tempus,
971 1358 1071 1430 quod
1092 1380 1101 1431 1

93 1439 220 1499 adhue
236 1439 582 1510 autaulcrebatur,
599 1447 663 1499 aul
679 1439 987 1514 subripiebatur,
1009 1449 1074 1502 aul

93 1523 323 1596 excidebat,
346 1522 492 1597 collige
514 1530 550 1582 cl
570 1538 694 1582 serva.
715 1522 871 1583 Persuade
884 1524 937 1583 tibi
953 1523 1012 1584 hoc
1028 1527 1073 1585 sic

94 1623 175 1680 esse,
187 1615 219 1667 ut
234 1607 352 1667 scribo:
369 1607 520 1682 quaedam
535 1613 674 1682 tempora
686 1607 854 1683 eripiuntur
866 1607 964 1681 nobis,
981 1624 1073 1682 quae-

95 1692 163 1750 dam
181 1690 409 1764 subducuntur,
433 1690 585 1765 quaedam
606 1690 743 1752 cilluunl.
773 1691 952 1765 turpissima
973 1698 1072 1751 tamen

95 1781 142 1834 εει
156 1776 288 1850 iactura,
310 1790 389 1850 quae
412 1789 466 1850 per
482 1775 703 1850 neglegentiam
720 1775 762 1834 m.
785 1783 815 1836 et
829 1775 855 1834 si
870 1775 1005 1835 volueris
1020 1777 1074 1835 ad·

94 1860 235 1927 tendere,
250 1858 384 1918 maxima
399 1873 471 1934 pars
487 1857 566 1918 vitae
582 1859 710 1918 elabitur
725 1860 803 1918 male
818 1859 994 1933 agentibus,
1010 1876 1073 1919 nra·

94 1959 155 2017 gna
172 1942 242 2002 nihil
259 1943 434 2018 agentibus,
449 1950 513 2003 tola
527 1943 589 2003 vita
603 1943 684 2025 alliud
702 1943 872 2017 agentibus.
894 1943 989 2017 Quem
1001 1943 1104 2014 mihin

96 2027 199 2100 dabis,
222 2026 274 2102 qui
295 2027 419 2101 aliquod
436 2027 566 2101 pretium
583 2028 711 2101 tempori
728 2034 836 2102 ponat,
859 2027 911 2102 qui
927 2028 1007 2088 diem
1021 2045 1071 2088 ae-

96 2112 208 2184 stimet,
224 2111 276 2186 qui
291 2109 444 2187 intellegat
456 2126 490 2170 se
502 2111 613 2172 cotidie
624 2112 720 2171 morit
731 2110 760 2169 in
773 2111 832 2172 hoc
841 2113 921 2172 enim
934 2114 1071 2187 fallimur,

98 2196 180 2270 quod
201 2202 330 2256 mortem
352 2196 571 2271 prospicimusr
596 2211 707 2270 magna
728 2213 800 2271 pars
822 2197 888 2257 cius
911 2197 970 2257 iam
985 2212 1073 2272 prae-

94 2280 182 2340 teriit
213 2277 360 2354 quicquid
380 2279 487 2340 aetatis
509 2287 590 2339 retro
607 2287 668 2352 est,
690 2296 773 2340 mors
788 2287 879 2341 tenet.
911 2279 971 2340 Fac
988 2297 1071 2357 ergo,

96 2365 133 2422 mi
150 2363 263 2437 Lucili,
286 2364 371 2438 quod
393 2365 494 2424 lacere
516 2371 545 2423 te
560 2362 687 2442 scribis,
709 2381 816 2425 omncs
831 2365 925 2424 horas
938 2366 1072 2439 comple-

94 2455 192 2508 ctere=
208 2447 255 2507 sio
267 2447 333 2521 fiet,
349 2454 381 2508 ul
395 2447 495 2507 minus
507 2464 546 2507 ex
561 2448 694 2509 crastino
711 2448 864 2523 pendeas,
884 2450 910 2508 si
922 2447 1071 2509 hodierno

93 2548 216 2592 manum
233 2531 383 2591 inieceris.
409 2532 487 2592 Dum
503 2531 640 2592 dillertur
655 2533 729 2607 vita,
744 2533 931 2593 transcurrit.
955 2531 1070 2606 Omnia,
1085 2551 1103 2605 3

93 2616 205 2690 Lucili,
221 2615 320 2676 aliena
335 2622 419 2688 sunl,
437 2624 558 2691 tempus
572 2622 684 2676 tantum
700 2625 839 2678 nostrum
856 2623 912 2676 est.
936 2617 965 2674 in
981 2616 1072 2677 huius

93 2699 138 2760 rei
157 2701 249 2760 unius
273 2700 389 2775 fugacis
411 2716 447 2760 ac
469 2699 603 2761 lubricae
626 2702 859 2774 possessionem
885 2707 993 2760 natura
1013 2717 1072 2762 nos

94 2784 189 2857 misit,
212 2800 252 2844 ex
273 2800 335 2859 qua
355 2783 479 2860 expellit
500 2784 685 2860 quicumque
702 2787 775 2846 vult.
805 2793 834 2844 et
848 2792 931 2846 tanta
948 2786 1074 2845 stultitia

94 2869 265 2928 mortalium
288 2875 350 2943 est,
372 2875 404 2929 ul
424 2884 503 2944 quae
526 2869 648 2928 minima
664 2876 694 2928 et
715 2868 863 2929 vilissima
883 2875 968 2942 sunt,
990 2876 1073 2929 certe

94 2952 293 3028 reparabilia,
320 2953 452 3028 inputari
479 2952 552 3026 sibi,
578 2968 647 3012 cum
671 2954 880 3029 inpetravere,
910 2952 1071 3028 patiantur,

96 3053 183 3099 nemo
198 3054 234 3098 se
256 3035 371 3098 iudicet
390 3038 554 3113 quicquam
576 3037 704 3112 debere,
726 3038 778 3113 qui
799 3044 920 3111 tempus
942 3038 1070 3112 accepit,

97 3136 162 3182 cum
174 3120 295 3185 interim
310 3121 369 3182 hoc
382 3137 476 3182 unum
487 3127 549 3195 est,
565 3121 648 3196 quod
663 3137 702 3181 ne
713 3129 818 3197 gratus
834 3121 957 3196 quidem
971 3128 1074 3197 potest

96 3206 233 3268 reddere.
256 3205 463 3281 Interrogabis
479 3206 625 3276 fortasse,
642 3205 719 3279 quid
734 3221 791 3280 ego
808 3204 931 3278 laciam,
951 3206 1004 3280 qui
1018 3204 1104 3266 tibil

96 3290 151 3351 ista
170 3287 343 3369 praecipio.
374 3291 493 3350 fatebor
508 3290 655 3364 ingenue:
681 3291 764 3364 quod
784 3289 867 3364 apud
882 3290 1073 3350 luxuriosum

96 3375 150 3436 sed
165 3376 344 3452 diligentem
359 3375 474 3449 evenit,
496 3374 572 3436 ratio
596 3372 668 3435 mihi
685 3382 809 3440 constat
822 3374 992 3455 inpensae.
1021 3388 1094 3432 non

93 3475 221 3533 possam
237 3459 340 3518 dicere
356 3457 432 3518 nillil
448 3460 602 3539 perdere,
625 3464 686 3528 sed
704 3465 783 3544 quid
802 3465 944 3545 perdam
958 3467 994 3522 et
1006 3469 1114 3535 quare

916 3552 954 3614 x*
