2422 3862
226 219 397 280 EPISTUL.
411 215 505 278 Moe.
526 218 600 279 ΗΒ.
611 219 678 280 XV.
698 219 756 278 ΕΡ.
766 227 794 282 ὃ.
816 227 889 296 (95.)
987 221 1049 288 ³11

66 372 121 436 illa
135 372 220 446 lacit,
242 370 294 447 qui
308 371 367 431 illis
382 371 545 432 abstinet.“
571 372 710 446 quaeris,
732 371 807 446 quid
820 370 958 434 intersit?
976 373 1053 433 alter

66 463 235 534 praecepta
252 455 369 516 virtutis
384 455 444 527 dat,
460 455 536 514 aller
550 456 717 530 exemplar.
745 455 1051 531 Descriptiones

66 543 179 612 hesel,
195 547 229 600 ut
243 539 475 614 publicanorum
486 547 553 599 utar
565 539 671 612 verbo,
686 538 903 601 iconismos
919 554 963 599 ex
978 557 1052 602 usu

65 639 158 685 esse
189 623 403 684 confiteor:
442 638 652 697 proponamus
681 621 851 697 laudando,
879 624 1051 684 invenietur

64 710 207 768 imitator.
250 706 342 766 Putas
356 706 428 765 utile
445 705 511 766 dari
525 705 580 766 libi
594 713 781 780 argumenta,
797 723 854 781 per
869 723 949 783 quae
963 708 1050 768 intel·
1058 710 1094 769 67

66 795 153 866 legas
170 791 302 850 nobilem
318 805 445 864 equum,
470 805 510 848 ne
530 789 646 849 lallaris
667 796 843 864 empturus,
868 807 1050 866 reoperam

66 875 179 951 perdas
194 875 224 934 iu
239 873 367 949 ignavo:
387 882 501 948 quanto
513 873 573 934 hoo
583 873 687 934 utilius
700 880 756 946 est,
768 868 947 936 excellentis
959 873 1051 935 animi

63 966 155 1020 nolas
169 973 273 1029 nosse,
291 973 369 1033 quas
384 972 424 1016 ex
438 957 498 1017 ulio
513 957 544 1016 in
560 973 596 1018 se
609 958 774 1018 translerre
789 960 989 1032 permittitur?

151 1043 822 1118 Continuopeoorisqeuerostpullusr'uarato
1057 1047 1093 1103 68

149 1129 240 1188 ultius
254 1127 423 1201 iuqreditur
436 1131 466 1185 et
478 1128 579 1187 mollio
592 1142 686 1186 crura
699 1128 833 1202 reponit:

148 1214 264 1288 primus
280 1219 309 1270 et
323 1213 370 1270 tre
384 1212 463 1269 urum
476 1215 506 1270 et
515 1212 622 1285 fluores
634 1216 779 1286 temptare
791 1213 931 1272 minantis

148 1296 240 1356 audet
252 1301 281 1354 et
292 1297 390 1369 tquoto
403 1311 467 1354 sese
478 1297 655 1357 committere
664 1300 776 1372 pontof

147 1396 203 1440 uec
215 1395 307 1439 uanos
322 1380 425 1439 derret
437 1381 591 1454 strepitus:
611 1381 658 1439 illi
669 1380 772 1459 {ardua
784 1382 889 1439 ceruix
969 1417 971 1420 ⁴

147 1469 343 1537 argutumque
356 1468 456 1538 eaput,
471 1463 568 1522 breuis
581 1466 666 1524 aluus
680 1464 825 1536 obesaque
838 1468 924 1536 torpa

147 1550 342 1622 luxuriatque
355 1549 427 1607 toris
442 1549 606 1607 animosum
618 1553 733 1621 pectus.

152 1630 233 1707 Tum,
248 1634 277 1692 st
290 1647 351 1706 quo
363 1647 467 1691 acuum
479 1633 587 1706 procul
599 1647 686 1689 orma
699 1629 818 1702 dedere,

146 1723 228 1777 sture
242 1719 419 1789 tumescit,
433 1718 525 1776 munt
535 1715 660 1775 auribus
672 1720 703 1775 et
713 1716 812 1773 tremit
826 1717 912 1773 ortus

148 1803 356 1876 collectumque
367 1816 508 1876 premens
523 1801 610 1858 coluit
621 1799 675 1859 eccl
686 1798 809 1858 nuribus
823 1800 930 1872 equom.

64 1884 140 1943 llum
156 1885 238 1944 aliud
253 1884 315 1959 agit
329 1883 533 1958 Vergilius
549 1889 663 1956 noster,
680 1878 905 1955 descripsit
924 1879 1090 1941 virumlllt

62 1970 215 2027 fortem:
239 1984 296 2044 ego
317 1974 399 2028 certe
419 1983 481 2027 non
502 1965 593 2026 alium
607 1967 770 2042 imaginem
785 1979 897 2039 magno
912 1963 979 2025 viro
994 1963 1046 2024 de

60 2049 169 2110 derim.
198 2053 223 2111 si
245 2053 318 2112 mihi
332 2053 373 2112 Μ.
389 2051 462 2113 Cato
478 2050 714 2126 exprimendus,
736 2048 815 2109 inter
828 2050 968 2122 fragores
982 2046 1047 2106 bel·

62 2136 159 2195 lorum
186 2136 318 2197 civilium
345 2137 509 2212 inpavidus
531 2143 562 2196 et
581 2136 698 2211 primus
719 2135 880 2195 incessens
905 2133 1046 2192 admotos

61 2219 121 2277 inm
142 2220 296 2280 exercitus
311 2221 442 2295 Alpibus
462 2220 605 2296 civilique
625 2237 660 2280 se
679 2220 760 2280 bello
782 2219 885 2277 ferens
907 2217 1046 2280 obvium:

61 2318 123 2362 nou
145 2305 236 2362 alium
256 2303 298 2363 illi
321 2303 548 2378 adsignaverim
563 2306 695 2378 voltum,
718 2320 778 2364 nou
794 2303 885 2363 alium
901 2300 1045 2361 habitum.

58 2386 161 2444 Altius
183 2394 264 2446 certe
283 2402 373 2447 nemo
395 2388 512 2462 ingredi
533 2389 632 2463 potuit
654 2403 747 2463 quam
768 2386 821 2462 qui
836 2386 925 2446 simul
941 2387 1091 2444 coutralo

60 2467 224 2526 Gaesarem
243 2468 484 2543 Pompeiumque
505 2486 540 2530 se
560 2465 683 2531 sustulit
703 2477 734 2530 et
753 2470 821 2529 aliis
837 2469 1046 2528 caesareanas

59 2565 156 2624 opes,
177 2549 243 2609 aliis
264 2551 468 2624 Pompeianas
490 2554 664 2613 foventibus
683 2559 846 2625 utrumque
866 2549 1047 2624 provocavit

58 2634 255 2710 ostenditque
267 2634 387 2708 aliquas
398 2650 469 2695 esse
481 2643 511 2695 et
521 2634 710 2710 reipublicae
722 2642 836 2708 partes.
856 2649 926 2692 nam
937 2647 1046 2708 parum

59 2718 153 2778 estin
171 2718 284 2779 Catone
301 2718 419 2778 dicere=

306 2820 362 2863 uec
375 2819 467 2864 runos
483 2803 587 2863 derret
597 2803 746 2879 strepitus.

60 2887 188 2960 quidni?
218 2903 286 2947 oum
308 2902 401 2947 veros
419 2887 600 2960 vicinosque
614 2902 678 2948 non
693 2883 830 2957 horreat,
853 2890 1044 2944 cumcontra

58 2969 166 3029 decem
183 2971 320 3044 legiones
335 2977 365 3030 et
379 2971 494 3030 Gallica
509 2968 623 3030 auxilia
637 2975 667 3029 et
681 2967 776 3028 mixta
788 2966 948 3027 barbarica
960 2983 1045 3027 arma

57 3053 200 3115 civilibus
221 3071 330 3116 vocem
350 3054 476 3114 liberam
501 3054 597 3114 mittat
612 3061 643 3114 et
662 3052 883 3127 rempublicam
898 3051 1043 3125 hortetur,

57 3153 97 3196 ne
112 3154 170 3212 pro
185 3139 322 3199 libertate
337 3137 474 3210 decidat,
491 3138 547 3199 sed
563 3137 665 3198 omnia
679 3134 870 3211 experiatur,
884 3134 1043 3196 honestius

57 3221 88 3279 in
103 3222 280 3282 servitutem
296 3238 406 3282 casura
421 3239 514 3297 quam
531 3222 619 3282 itura.
648 3220 799 3294 Quantum
815 3219 846 3278 in
861 3219 913 3280 illo
927 3219 1043 3294 vigoris
1051 3224 1085 3281 ll

56 3320 95 3363 ao
110 3307 252 3380 spiritus,
269 3315 415 3381 qnantum
431 3306 463 3365 in
479 3306 603 3382 publica
618 3305 820 3380 trepidatione
834 3302 967 3363 fiduciae
981 3301 1042 3366 est!

57 3387 117 3448 scit
132 3404 167 3449 se
181 3406 274 3450 unum
289 3405 377 3463 esse,
401 3391 440 3450 de
457 3391 544 3452 cuius
560 3397 641 3452 statu
657 3395 862 3463 coungatur.
881 3402 952 3447 uon
964 3386 1055 3470 emus

58 3472 179 3546 quaeri,
196 3489 234 3532 an
247 3474 326 3534 liber
339 3473 429 3539 Cale.
451 3475 510 3539 sed
526 3493 566 3540 nn
580 3477 663 3541 inter
675 3475 801 3539 lueres
815 3471 877 3531 sit·-
891 3467 978 3525 'ande
985 3473 1075 3533 iffi·
