2422 3862
258 236 429 299 EPISTUL.
443 235 538 298 MOR.
558 235 631 298 LlB.
643 235 694 295 111.
716 235 774 295 ΕΡ.
785 243 811 298 3.
835 241 906 310 (24.)
1031 234 1073 300 57

92 392 192 471 poris,
224 389 332 467 periit:
364 389 447 451 hune
472 387 593 465 ipsum,
627 404 717 464 quem
740 389 874 464 agimus,
903 390 983 450 diem
1004 406 1072 452 cum

91 484 186 538 morte
203 473 380 536 dividimus.
414 474 670 549 quemadmodum
685 473 880 552 clepsydram
896 490 956 534 nou
973 483 1071 535 extre-

92 577 171 623 mum
200 556 388 620 stillicidium
409 557 564 632 exhaurit,
595 559 652 619 sed
674 558 822 633 quicquid
842 566 913 619 ante
935 556 1072 633 delinxit,

94 646 134 706 sic
155 644 264 704 ultima
286 641 377 716 hora,
402 658 463 717 qua
482 657 554 703 esse
570 642 754 715 desinimus,
782 658 843 702 non
861 643 929 704 sola
945 650 1073 703 mortem

94 729 176 801 lacit,
207 727 267 788 sed
287 728 355 786 sola
376 733 581 788 consummem
609 733 681 793 tunc
702 726 741 785 ad
763 725 844 787 illam
865 727 1072 803 pervenimus,

95 813 146 874 sed
160 812 217 873 diu
230 811 380 873 venimus.
411 811 495 871 llaec
511 826 579 871 cum
594 808 819 885 descripsisses
833 826 894 887 quo
911 813 995 872 soles
1011 819 1113 887 orell

95 912 215 973 semper
237 894 361 971 quidem
383 911 530 970 magnus,
553 911 719 971 numquam
741 900 841 956 tamen
864 895 963 957 acrior
981 912 1073 972 quam

94 982 141 1041 ubi
155 979 279 1041 veritati
295 980 474 1040 commodas
489 981 597 1053 verta,
622 979 741 1040 dixisti:

131 1066 219 1127 Mors
233 1080 293 1125 noa
307 1082 368 1124 aaa
385 1067 477 1137 venit,
498 1065 553 1125 sed
565 1081 642 1140 quae
655 1067 750 1140 rupit,
771 1067 874 1126 ultima
888 1081 966 1126 mors
979 1071 1031 1126 est.

93 1149 171 1210 Malo
187 1157 218 1208 tc
237 1149 323 1222 legas
340 1164 431 1223 quam
446 1149 608 1225 epistulam
622 1164 729 1208 meam.
752 1147 912 1224 adparebit
925 1150 1005 1209 enim
1021 1149 1074 1209 tibi

93 1233 180 1305 hanc,
197 1247 289 1307 quam
302 1233 456 1306 timemus,
471 1240 600 1294 mortem
612 1241 777 1292 extreniam
789 1247 875 1306 esse,
891 1250 952 1294 non
965 1235 1073 1294 solam.

154 1315 260 1376 Video
282 1333 344 1391 quo
365 1324 503 1391 spectes:
528 1315 666 1392 quaeris,
690 1317 764 1392 quid
783 1316 854 1378 huic
869 1318 1018 1393 epistulae
1032 1318 1120 1382 in-at

94 1399 250 1472 fulserim,
279 1400 363 1476 quod
384 1401 496 1463 dictum
519 1401 646 1461 alicuius
668 1401 854 1475 animosum,
879 1402 963 1477 quod
987 1418 1075 1477 prae·

94 1493 218 1562 ceptum
230 1484 318 1544 utile:
339 1501 377 1545 ex
392 1485 450 1546 hac
465 1485 535 1560 ipsa
549 1483 690 1560 materia,
713 1502 793 1561 quae
810 1486 839 1545 in
855 1486 995 1547 manibus
1011 1487 1074 1560 luit,

94 1571 228 1630 mittatur
247 1568 379 1645 aliquid:
408 1569 548 1646 obiurgat
566 1570 718 1646 Epicurus
737 1586 797 1630 non
814 1569 915 1631 minus
930 1585 1002 1643 eos,
1024 1571 1077 1645 qui

94 1660 225 1716 mortem
249 1653 492 1728 concupiscunt,
522 1670 614 1730 quam
638 1671 710 1728 eos,
741 1654 794 1729 qui
820 1655 938 1726 timent,
968 1661 998 1714 et
1022 1655 1076 1713 ait:

94 1737 335 1814 „Ridiculum
357 1746 416 1799 est
437 1754 594 1798 currere
616 1739 662 1798 ad
687 1746 845 1798 mortem
867 1736 999 1798 taedio
1022 1738 1077 1795 vi-

96 1832 171 1894 tae,
197 1837 279 1880 cum
299 1837 441 1897 genere
462 1823 583 1897 vitae,
605 1830 644 1882 ut
666 1820 897 1882 currendum
920 1821 966 1881 ad
987 1838 1077 1882 mor·

95 1916 168 1969 tem
191 1913 317 1978 esset,
340 1907 560 1967 effecerisss
595 1907 668 1966 ltem
684 1907 743 1966 alio
759 1907 827 1967 loco
845 1905 933 1966 dicit:
962 1905 1121 1980 „Quidue

95 2000 167 2053 tam
201 1989 408 2052 ridiculum
437 2007 545 2067 quam
578 1991 767 2066 adpetere
792 1996 964 2065 mortem,
999 2007 1080 2052 cum

95 2076 213 2137 vitam
245 2075 460 2149 inquietam
495 2073 567 2135 tibi
603 2073 750 2136 leceris
783 2082 884 2136 metu
918 2074 1081 2137 mortist

95 2161 151 2220 His
174 2157 292 2218 adicias
307 2167 337 2219 et
351 2159 426 2219 illud
441 2159 580 2220 eiusdem
596 2168 688 2220 notae
703 2158 802 2219 licetz·
816 2159 990 2232 „Tantam
1012 2160 1080 2220 lno-

96 2244 236 2304 minum
257 2242 547 2318 inprudentiam
569 2260 673 2318 esse,
701 2244 810 2304 immo
834 2244 1079 2316 dementiam,

96 2337 135 2391 ut
159 2325 313 2402 quidam
328 2328 614 2389 timoremortis
631 2328 879 2402 coganturad
894 2332 1081 2388 mortem.‘⁴

98 2410 252 2486 Quicquid
274 2410 381 2473 horum
402 2413 596 2485 tractaveris,
617 2413 813 2473 confirmabis
823 2411 962 2488 ,animum
980 2414 1027 2472 vel
1043 2411 1125 2474 adal

97 2495 206 2557 mortis
228 2495 278 2554 vel
299 2497 339 2556 ad
357 2497 438 2556 vitae
454 2496 639 2572 patientiam.
670 2504 699 2557 al
714 2498 743 2556 in
759 2505 921 2572 utrumque
937 2495 1083 2556 monendi

100 2598 135 2642 ac
150 2579 293 2641 firmandi
309 2597 430 2654 sumus,
452 2589 482 2642 ct
494 2597 533 2641 ne
546 2581 635 2640 nimis
648 2597 785 2643 amemus
797 2580 889 2640 vitam
901 2587 931 2641 et
942 2595 981 2639 ne
992 2579 1082 2639 nimis

100 2665 274 2739 oderimus,
302 2665 393 2725 etiarn
417 2666 586 2725 cum'ratio
608 2664 719 2727 suadet
746 2666 848 2725 linire:
878 2664 936 2724 sed
958 2680 1018 2725 non
1040 2672 1083 2724 te-

99 2764 183 2810 mere
198 2763 257 2813 nec
272 2764 341 2810 cum
356 2765 511 2825 procursu
525 2751 694 2825 capiendus
708 2758 756 2810 est
770 2751 903 2824 inpetus.
931 2749 986 2808 Vir
997 2749 1125 2811 tortisao

102 2850 138 2896 ac
157 2833 285 2909 sapiens
306 2849 368 2894 nan
389 2835 495 2909 lugere
516 2834 609 2894 debet
629 2850 647 2894 e
667 2835 744 2908 vita,
773 2834 829 2893 sed
845 2834 946 2907 exire,
969 2840 1084 2894 etanta

103 2917 204 2979 omnia
219 2917 270 2978 ille
285 2933 410 2994 quoque
427 2919 535 2980 vitetur
548 2920 703 2990 adlectus,
723 2918 775 2994 qui
787 2919 899 2978 multos
912 2912 1083 2993 occupavit,

102 3002 197 3065 libido
213 3001 374 3063 moriendi.
397 3011 445 3064 est
457 3004 550 3078 enim,
572 3004 611 3062 mi
622 3003 733 3075 Lucili,
750 3010 782 3063 ut
794 3003 833 3061 ad
847 3003 921 3074 alia,
937 3002 983 3063 sic
995 3003 1085 3064 etiam

104 3088 141 3148 ad
153 3086 347 3148 moriendum
360 3089 533 3148 inconsulta
544 3088 634 3148 animi
646 3087 817 3161 inclinatio,
834 3102 914 3162 quae
927 3102 1022 3163 saepe
1032 3102 1085 3162 ge·

51 3184 53 3188 ·
104 3186 236 3233 nerosos
262 3179 354 3247 atque
379 3173 546 3234 acerrimae
571 3172 684 3233 indolis
704 3172 789 3230 viros
816 3171 959 3245 conripit,
990 3172 1086 3246 sa'epe

104 3258 235 3332 ignavos
255 3253 469 3339 iacentesque
497 3257 540 3316 illi
561 3263 758 3317 contemnunt
777 3253 884 3328 vitam,
908 3255 940 3314 hi
956 3270 1088 3329 gravan-

105 3351 162 3403 tur.
201 3339 359 3415 Quosdam
381 3339 463 3401 subit
483 3341 589 3400 eadem
612 3340 743 3401 laciendi
758 3338 946 3414 videndique
962 3339 1130 3399 satietasld

107 3435 137 3487 et
155 3423 237 3486 vitae
258 3440 320 3485 non
342 3425 460 3499 odium,
486 3426 542 3486 sed
562 3425 735 3499 fastidium,
756 3425 789 3487 in
805 3424 894 3503 quod
905 3423 1102 3502 prolanxmur

107 3510 173 3584 ipsa
186 3509 352 3582 inpellente
359 3507 580 3588 philosophia,
605 3512 681 3578 dum
699 3513 857 3578 dicimusa
881 3521 1129 3591 „quousque
