2422 3862
143 236 205 299 180
412 237 445 294 L.
467 237 614 296 ANNAEl
635 236 810 298 SENECAE

140 392 235 452 titudo
259 390 360 451 vitiata
380 390 411 450 in
433 391 541 450 malam
565 390 755 451 transfertur.
785 391 868 451 acies
887 393 1045 468 oculorum
1068 413 1123 457 ex-

139 477 250 537 stincta
265 474 411 535 caecitate
431 489 489 535 nos
509 472 623 534 adficit.
657 491 717 535 non
742 481 856 536 tantum
873 477 1019 537 velocitas
1043 484 1122 554 perit

139 559 306 636 poplitibus
321 555 443 628 incisis,
466 558 522 616 sed
544 557 686 618 debilitas
707 574 764 636 pro
786 558 837 618 illa
857 559 949 622 subit.
981 562 1042 622 hoc
1058 581 1120 624 non

137 651 185 705 est
202 642 372 720 perieulum
386 643 416 701 in
431 642 483 714 iis,
505 657 585 717 quae
601 644 692 718 paulo
711 649 781 702 ante
800 644 968 706 retulimus.
1003 656 1122 722 quare?

137 728 164 788 si
186 728 316 789 amicum
336 727 452 787 bonum
473 726 577 800 amisi,
603 742 665 787 non
687 733 734 786 est
754 726 826 786 mihi
846 743 902 803 pro
918 728 969 789 illo
990 732 1120 805 perfidia

138 810 291 888 patienda,
307 826 364 871 nec
380 808 408 871 si
423 811 522 871 bonos
538 809 651 871 liberos
667 811 770 882 extuli,
786 809 816 870 in
829 810 949 872 illorum
962 812 1062 874 locum
1074 816 1118 875 in·

97 901 129 957 24
138 896 236 973 pietas
252 895 398 956 succedit.
430 893 548 954 Deinde
563 911 624 956 non
640 895 807 955 amicorum
822 895 871 954 ille
886 903 938 957 aut
953 897 1119 960 liberorum

136 979 290 1052 interitus,
317 978 374 1040 sed
396 994 558 1054 corporum
580 985 637 1039 est.
669 978 784 1038 bonum
807 984 908 1039 autem
936 997 998 1041 uno
1024 984 1117 1044 modo

138 1063 225 1141 perit,
240 1062 311 1124 siin
329 1064 441 1123 malum
457 1064 578 1123 transit:
603 1062 687 1138 quod
702 1068 809 1122 natura
824 1078 885 1123 non
900 1065 1027 1139 patitur,
1044 1069 1118 1142 quia

137 1147 235 1209 omnis
257 1146 353 1208 virtus
371 1153 402 1207 et
422 1163 501 1223 opus
525 1162 616 1209 omne
638 1146 755 1208 virtutis
775 1144 989 1223 inconruptum
1004 1159 1116 1210 manet.

136 1233 253 1294 Deinde
273 1231 393 1292 etiamsi
414 1231 502 1291 amici
525 1231 694 1307 perierunt,
719 1229 838 1291 etiamsi
853 1232 972 1307 probati
986 1249 1116 1309 respon·

136 1318 309 1392 dentesque
324 1323 395 1376 voto
410 1315 506 1391 patris
523 1314 619 1390 liberi,
638 1320 686 1376 est
701 1315 785 1390 quod
799 1315 919 1377 illorum
933 1317 1056 1392 expleat
1070 1319 1114 1378 lo-

137 1417 215 1461 cum.
241 1400 314 1475 quid
324 1399 364 1460 sit
377 1399 521 1476 quaeris?
539 1399 624 1475 quod
633 1400 703 1460 illos
717 1405 866 1476 [quoque]
879 1401 979 1462 honos
992 1401 1116 1477 fecerat,

94 1491 127 1544 25
138 1485 242 1546 virtus.
266 1485 342 1544 haec
358 1484 432 1543 nihil
444 1499 554 1544 vacare
568 1484 678 1559 patitur
690 1484 758 1558 loci,
774 1490 869 1544 totum
881 1485 1013 1544 animum
1024 1494 1116 1561 tenet,

137 1569 323 1630 desiderium
340 1568 473 1629 omnium
495 1568 586 1640 tollit,
608 1568 676 1630 sola
697 1568 771 1629 satis
793 1575 855 1628 est:
879 1570 1013 1628 omnium
1035 1572 1116 1630 enim

136 1654 286 1715 bonorum
302 1653 348 1713 vis
367 1662 397 1713 et
417 1653 502 1728 origo
523 1654 553 1712 in
574 1653 643 1727 ipsa
663 1658 719 1712 est.
750 1651 824 1727 quid
845 1653 951 1727 refert,
973 1670 1011 1713 an
1034 1671 1117 1731 aqua

136 1739 303 1799 decurrens
319 1736 527 1813 intercipiatur
539 1744 631 1812 atque
642 1737 740 1809 abeat,
756 1736 782 1796 si
795 1737 874 1811 fons,
890 1753 930 1797 ex
942 1754 1004 1813 quo
1017 1737 1114 1798 fluxe-

134 1831 189 1895 rat,
206 1824 311 1883 salvus
327 1828 395 1882 estt
437 1822 503 1881 Non
519 1821 605 1881 dices
621 1820 712 1880 vitam
727 1819 885 1881 iustiorem
900 1821 994 1883 salvis
1010 1823 1114 1883 liberis

136 1923 226 1982 quam
252 1907 375 1967 amissis
402 1921 459 1966 nee
481 1905 699 1967 ordinatiorem
725 1920 781 1964 nec
808 1905 1036 1980 prudentiorem
1058 1923 1115 1967 nec

134 1990 356 2053 honestiorem:
386 2006 459 2066 ergo
483 2005 521 2049 ne
542 1989 697 2050 meliorem
722 1989 854 2065 quidem.
884 2007 945 2051 non
969 1991 1042 2051 lacit
1061 1992 1114 2051 ad·

135 2076 224 2135 lectio
248 2075 335 2134 amici
357 2074 589 2150 sapientiorem,
611 2089 673 2134 non
689 2073 759 2132 facit
773 2073 941 2134 stultiorem
957 2075 1114 2148 detractio,

135 2174 209 2232 ergo
222 2174 280 2217 nee
293 2157 459 2219 beatiorem
474 2164 527 2218 aut
540 2157 739 2218 miseriorem.
762 2157 907 2233 quamdiu
920 2159 1015 2220 virtus
1028 2160 1114 2219 salva

92 2243 238 2314 coluerit,
261 2258 322 2301 non
338 2243 467 2314 senties,
491 2241 565 2318 quid
581 2241 777 2302 abscesserit.
820 2241 920 2317 „Quid
934 2249 1030 2319 ergo?
1051 2261 1113 2305 non

134 2333 182 2387 est
207 2325 324 2387 beatior
349 2327 515 2388 amicorum
541 2333 571 2386 et
592 2325 755 2386 liberorum
776 2327 864 2386 turba
889 2327 1114 2388 subcinctus‘t“

134 2410 245 2485 Quidni
260 2427 321 2472 non
337 2411 397 2471 sitt
419 2427 570 2471 summum
582 2411 663 2470 enim
674 2410 789 2471 bonum
801 2426 858 2471 nee
871 2411 1042 2487 infringitur
1056 2428 1113 2472 nec

134 2503 276 2572 augetur:
309 2494 339 2554 in
362 2513 419 2556 suo
440 2495 533 2556 modo
557 2502 722 2569 permanet,
749 2501 914 2570 utcumque
936 2511 971 2556 se
992 2497 1113 2557 fortuna

132 2579 238 2656 gessit.
261 2581 328 2640 sive
342 2580 384 2640 illi
399 2587 543 2641 senectus
559 2580 651 2654 longa
662 2577 787 2653 contigit
800 2579 867 2639 sive
882 2580 957 2639 citra
971 2589 1112 2641 senectu-

133 2671 192 2725 tem
208 2665 312 2725 finitus
328 2673 389 2740 est,
405 2665 512 2724 eadem
528 2679 672 2724 mensura
686 2663 796 2724 summi
811 2664 884 2724 boni
899 2670 955 2738 est,
971 2665 1110 2740 quamvis

90 2749 239 2808 etaetatis
256 2749 381 2809 diversa
395 2749 443 2808 sit.
474 2747 581 2808 Utrum
595 2747 741 2808 maiorem
757 2763 796 2806 an
807 2749 954 2808 minorem
967 2749 1112 2809 circulum

133 2832 267 2904 scribas,
291 2832 331 2891 ad
347 2830 478 2906 spatium
494 2832 560 2892 eius
576 2832 720 2908 pertinet,
745 2848 806 2892 non
822 2832 863 2892 ad
880 2833 1024 2893 formam:
1044 2834 1113 2893 licet

133 2916 208 2976 alter
223 2916 276 2976 diu
291 2913 446 2987 manserit,
462 2916 586 2976 alterum
600 2915 700 2977 statim
716 2915 883 2976 obduxeris
899 2917 972 2977 etin
988 2931 1067 2991 eum,
1083 2917 1112 2975 in

134 3016 195 3076 quo
212 2999 346 3074 scriptus
368 3006 430 3072 est,
457 3001 615 3076 pulverem
636 2999 782 3073 solveris,
810 2999 840 3061 in
858 3001 965 3062 eadem
982 3008 1112 3076 uterque

79 3107 82 3114 ·
133 3085 232 3144 forma
246 3084 310 3144 fuit.
335 3084 417 3158 quod
432 3093 548 3146 rectum
562 3092 623 3161 est,
642 3100 699 3147 nec
715 3082 922 3161 magnitudine
937 3084 1113 3146 aestimatur

132 3184 190 3229 nee
205 3182 331 3229 numero
348 3184 405 3229 nec
419 3176 572 3243 temporet
595 3186 657 3231 non
673 3169 770 3245 magis
786 3170 917 3246 produci
932 3185 1023 3245 quam
1040 3186 1112 3231 con·

132 3251 209 3313 trahi
222 3259 332 3329 potest.
355 3253 516 3315 honestam
532 3253 622 3314 vitam
637 3269 676 3314 ex
689 3259 810 3314 centum
822 3271 972 3316 annorum
983 3271 1111 3315 numero

133 3339 162 3397 in
186 3345 329 3412 quantum
352 3339 437 3399 voles
460 3339 581 3414 corripe
601 3347 631 3399 et
648 3339 677 3398 in
692 3355 786 3399 unum
801 3338 880 3400 diem
896 3355 988 3414 coge:
1013 3354 1112 3415 aeque

85 3422 261 3484 aehonestu
277 3431 333 3484 est.
379 3422 473 3484 Modo
488 3424 577 3485 latius
592 3423 689 3486 virtus
707 3423 857 3499 funditur,
879 3439 988 3500 regna,
1006 3424 1110 3498 urbes,

109 3507 298 3574 prorrhcias
314 3517 484 3589 temperat,
501 3509 561 3572 fert
576 3510 673 3589 leges,
689 3508 763 3572 colit
776 3508 934 3580 amicitias,
946 3509 1024 3569 inter
1042 3525 1110 3584 pro·
