<?xml version="1.0" encoding="UTF-8"?>
<!DOCTYPE html PUBLIC "-//W3C//DTD XHTML 1.0 Transitional//EN"
    "http://www.w3.org/TR/xhtml1/DTD/xhtml1-transitional.dtd">
<html xmlns="http://www.w3.org/1999/xhtml" xml:lang="en" lang="en">
 <head>
  <title>
</title>
<meta http-equiv="Content-Type" content="text/html;charset=utf-8" />
  <meta name='ocr-system' content='tesseract 3.04.00' />
  <meta name='ocr-capabilities' content='ocr_page ocr_carea ocr_par ocr_line ocrx_word'/>
</head>
<body>
  <div class='ocr_page' id='page_1' title='image "./lannaeisenecaeo06senegoog_0300.png"; bbox 0 0 2422 3862; ppageno 0'>
   <div class='ocr_carea' id='block_1_1' title="bbox 257 239 1084 316">
    <p class='ocr_par' dir='ltr' id='par_1_1' title="bbox 257 239 1084 316">
     <span class='ocr_line' id='line_1_1' title="bbox 257 239 1084 316; baseline 0.002 -14"><span class='ocrx_word' id='word_1_1' title='bbox 257 241 428 304; x_wconf 83' lang='lat' dir='ltr'><strong>EPISTUL.</strong></span> <span class='ocrx_word' id='word_1_2' title='bbox 442 240 537 301; x_wconf 83' lang='lat' dir='ltr'><strong>llolt.</strong></span> <span class='ocrx_word' id='word_1_3' title='bbox 558 240 632 301; x_wconf 83' lang='lat' dir='ltr'><strong>LlB.</strong></span> <span class='ocrx_word' id='word_1_4' title='bbox 642 239 720 301; x_wconf 84' lang='lat' dir='ltr'><strong>xlv.</strong></span> <span class='ocrx_word' id='word_1_5' title='bbox 744 240 839 300; x_wconf 71' lang='grc' dir='ltr'><strong>ΕΜ.</strong></span> <span class='ocrx_word' id='word_1_6' title='bbox 861 248 874 316; x_wconf 91' lang='grc'>(</span> <span class='ocrx_word' id='word_1_7' title='bbox 912 246 933 314; x_wconf 90' lang='grc'><strong>.)</strong></span> <span class='ocrx_word' id='word_1_8' title='bbox 1022 242 1084 304; x_wconf 73' lang='lat'><strong>265</strong></span> 
     </span>
    </p>
   </div>
   <div class='ocr_carea' id='block_1_2' title="bbox 93 394 1187 3578">
    <p class='ocr_par' dir='ltr' id='par_1_2' title="bbox 93 394 1187 3578">
     <span class='ocr_line' id='line_1_2' title="bbox 103 394 1081 472; baseline -0.001 -15"><span class='ocrx_word' id='word_1_9' title='bbox 103 395 189 472; x_wconf 90' lang='lat' dir='ltr'><strong>quod</strong></span> <span class='ocrx_word' id='word_1_10' title='bbox 208 403 298 455; x_wconf 89' lang='lat' dir='ltr'><strong>necet</strong></span> <span class='ocrx_word' id='word_1_11' title='bbox 318 402 465 470; x_wconf 75' lang='lat' dir='ltr'><strong>segetem.</strong></span> <span class='ocrx_word' id='word_1_12' title='bbox 493 394 553 455; x_wconf 93' lang='lat' dir='ltr'><strong>hoc</strong></span> <span class='ocrx_word' id='word_1_13' title='bbox 574 410 698 471; x_wconf 89' lang='lat' dir='ltr'><strong>quoque</strong></span> <span class='ocrx_word' id='word_1_14' title='bbox 718 410 798 470; x_wconf 91' lang='lat' dir='ltr'><strong>opus</strong></span> <span class='ocrx_word' id='word_1_15' title='bbox 820 395 862 454; x_wconf 86' lang='lat' dir='ltr'><strong>ait</strong></span> <span class='ocrx_word' id='word_1_16' title='bbox 874 409 946 456; x_wconf 92' lang='lat' dir='ltr'><strong>esse</strong></span> <span class='ocrx_word' id='word_1_17' title='bbox 962 397 1081 471; x_wconf 86' lang='lat' dir='ltr'><strong>sapien-</strong></span> 
     </span>
     <span class='ocr_line' id='line_1_3' title="bbox 101 479 1119 556; baseline 0.001 -16"><span class='ocrx_word' id='word_1_18' title='bbox 101 481 193 553; x_wconf 89' lang='lat' dir='ltr'><strong>tium,</strong></span> <span class='ocrx_word' id='word_1_19' title='bbox 213 486 369 554; x_wconf 85' lang='lat' dir='ltr'><strong>tamquam</strong></span> <span class='ocrx_word' id='word_1_20' title='bbox 384 494 445 539; x_wconf 93' lang='lat' dir='ltr'><strong>non</strong></span> <span class='ocrx_word' id='word_1_21' title='bbox 461 495 542 540; x_wconf 90' lang='lat' dir='ltr'><strong>nunc</strong></span> <span class='ocrx_word' id='word_1_22' title='bbox 558 494 682 555; x_wconf 89' lang='lat' dir='ltr'><strong>quoque</strong></span> <span class='ocrx_word' id='word_1_23' title='bbox 698 479 827 554; x_wconf 91' lang='lat' dir='ltr'><strong>plurima</strong></span> <span class='ocrx_word' id='word_1_24' title='bbox 847 481 980 540; x_wconf 89' lang='lat' dir='ltr'><strong>cultores</strong></span> <span class='ocrx_word' id='word_1_25' title='bbox 995 497 1084 556; x_wconf 87' lang='lat' dir='ltr'><strong>agro·</strong></span> <span class='ocrx_word' id='word_1_26' title='bbox 1103 516 1119 553; x_wconf 82' lang='grc'><strong>.</strong></span> 
     </span>
     <span class='ocr_line' id='line_1_4' title="bbox 99 563 1128 640; baseline 0.003 -18"><span class='ocrx_word' id='word_1_27' title='bbox 99 581 169 625; x_wconf 90' lang='lat' dir='ltr'><strong>rum</strong></span> <span class='ocrx_word' id='word_1_28' title='bbox 184 579 267 624; x_wconf 89' lang='lat' dir='ltr'><strong>nova</strong></span> <span class='ocrx_word' id='word_1_29' title='bbox 280 564 445 637; x_wconf 87' lang='lat' dir='ltr'><strong>inveniant,</strong></span> <span class='ocrx_word' id='word_1_30' title='bbox 464 579 519 640; x_wconf 90' lang='lat' dir='ltr'><strong>per</strong></span> <span class='ocrx_word' id='word_1_31' title='bbox 534 579 613 639; x_wconf 89' lang='lat' dir='ltr'><strong>quae</strong></span> <span class='ocrx_word' id='word_1_32' title='bbox 629 563 767 624; x_wconf 78' lang='lat' dir='ltr'><strong>fertilitas</strong></span> <span class='ocrx_word' id='word_1_33' title='bbox 783 569 940 638; x_wconf 79' lang='lat' dir='ltr'><strong>augeatur.</strong></span> <span class='ocrx_word' id='word_1_34' title='bbox 968 563 1128 625; x_wconf 80' lang='lat' dir='ltr'><strong>Deindem</strong></span> 
     </span>
     <span class='ocr_line' id='line_1_5' title="bbox 98 647 1113 722; baseline 0.002 -14"><span class='ocrx_word' id='word_1_35' title='bbox 98 665 160 710; x_wconf 90' lang='lat' dir='ltr'><strong>non</strong></span> <span class='ocrx_word' id='word_1_36' title='bbox 177 655 226 708; x_wconf 90' lang='lat' dir='ltr'><strong>est</strong></span> <span class='ocrx_word' id='word_1_37' title='bbox 240 654 401 710; x_wconf 91' lang='lat' dir='ltr'><strong>contentus</strong></span> <span class='ocrx_word' id='word_1_38' title='bbox 415 649 463 710; x_wconf 92' lang='lat' dir='ltr'><strong>his</strong></span> <span class='ocrx_word' id='word_1_39' title='bbox 479 648 610 722; x_wconf 90' lang='lat' dir='ltr'><strong>artibus,</strong></span> <span class='ocrx_word' id='word_1_40' title='bbox 625 649 725 708; x_wconf 91' lang='lat' dir='ltr'><strong>sedin</strong></span> <span class='ocrx_word' id='word_1_41' title='bbox 743 647 902 722; x_wconf 90' lang='lat' dir='ltr'><strong>pistrinum</strong></span> <span class='ocrx_word' id='word_1_42' title='bbox 915 647 1085 722; x_wconf 88' lang='lat' dir='ltr'><strong>sapientem</strong></span> <span class='ocrx_word' id='word_1_43' title='bbox 1110 694 1113 701; x_wconf 85' lang='lat'><strong>.</strong></span> 
     </span>
     <span class='ocr_line' id='line_1_6' title="bbox 98 732 1097 807; baseline 0 -14"><span class='ocrx_word' id='word_1_44' title='bbox 98 732 257 793; x_wconf 88' lang='lat' dir='ltr'><strong>submittit.</strong></span> <span class='ocrx_word' id='word_1_45' title='bbox 291 741 394 792; x_wconf 92' lang='lat' dir='ltr'><strong>narrat</strong></span> <span class='ocrx_word' id='word_1_46' title='bbox 414 734 509 806; x_wconf 90' lang='lat' dir='ltr'><strong>enim,</strong></span> <span class='ocrx_word' id='word_1_47' title='bbox 537 733 795 807; x_wconf 89' lang='lat' dir='ltr'><strong>quemadmodum</strong></span> <span class='ocrx_word' id='word_1_48' title='bbox 821 747 921 792; x_wconf 90' lang='lat' dir='ltr'><strong>rerum</strong></span> <span class='ocrx_word' id='word_1_49' title='bbox 945 739 1097 793; x_wconf 74' lang='lat' dir='ltr'><strong>naturam·</strong></span> 
     </span>
     <span class='ocr_line' id='line_1_7' title="bbox 97 816 1084 892; baseline 0.002 -17"><span class='ocrx_word' id='word_1_50' title='bbox 97 817 231 877; x_wconf 89' lang='lat' dir='ltr'><strong>imitatus</strong></span> <span class='ocrx_word' id='word_1_51' title='bbox 249 833 385 891; x_wconf 91' lang='lat' dir='ltr'><strong>panem</strong></span> <span class='ocrx_word' id='word_1_52' title='bbox 400 817 537 892; x_wconf 88' lang='lat' dir='ltr'><strong>coeperit</strong></span> <span class='ocrx_word' id='word_1_53' title='bbox 550 818 696 876; x_wconf 79' lang='lat' dir='ltr'><strong>lacere:</strong></span> <span class='ocrx_word' id='word_1_54' title='bbox 720 823 897 891; x_wconf 88' lang='lat' dir='ltr'><strong>„receptas,</strong></span> <span class='ocrx_word' id='word_1_55' title='bbox 918 816 1031 891; x_wconf 90' lang='lat' dir='ltr'><strong>inquit,</strong></span> <span class='ocrx_word' id='word_1_56' title='bbox 1053 819 1084 877; x_wconf 93' lang='lat' dir='ltr'><strong>in</strong></span> 
     </span>
     <span class='ocr_line' id='line_1_8' title="bbox 99 896 1084 975; baseline -0.001 -13"><span class='ocrx_word' id='word_1_57' title='bbox 99 917 135 962; x_wconf 93' lang='lat' dir='ltr'><strong>os</strong></span> <span class='ocrx_word' id='word_1_58' title='bbox 160 902 266 975; x_wconf 86' lang='lat' dir='ltr'><strong>truges</strong></span> <span class='ocrx_word' id='word_1_59' title='bbox 285 917 473 963; x_wconf 90' lang='lat' dir='ltr'><strong>concurrens</strong></span> <span class='ocrx_word' id='word_1_60' title='bbox 494 901 571 960; x_wconf 91' lang='lat' dir='ltr'><strong>inter</strong></span> <span class='ocrx_word' id='word_1_61' title='bbox 592 896 628 961; x_wconf 84' lang='lat' dir='ltr'><strong>s&#39;e</strong></span> <span class='ocrx_word' id='word_1_62' title='bbox 647 900 758 961; x_wconf 90' lang='lat' dir='ltr'><strong>duritia</strong></span> <span class='ocrx_word' id='word_1_63' title='bbox 775 901 909 960; x_wconf 90' lang='lat' dir='ltr'><strong>dentium</strong></span> <span class='ocrx_word' id='word_1_64' title='bbox 930 901 1040 974; x_wconf 86' lang='lat' dir='ltr'><strong>trangit</strong></span> <span class='ocrx_word' id='word_1_65' title='bbox 1054 907 1084 960; x_wconf 90' lang='lat' dir='ltr'><strong>et</strong></span> 
     </span>
     <span class='ocr_line' id='line_1_9' title="bbox 98 985 1084 1060; baseline -0.001 -15"><span class='ocrx_word' id='word_1_66' title='bbox 98 985 249 1060; x_wconf 91' lang='lat' dir='ltr'><strong>quicquid</strong></span> <span class='ocrx_word' id='word_1_67' title='bbox 264 985 392 1058; x_wconf 85' lang='lat' dir='ltr'><strong>excidit,</strong></span> <span class='ocrx_word' id='word_1_68' title='bbox 411 986 451 1045; x_wconf 89' lang='lat' dir='ltr'><strong>ad</strong></span> <span class='ocrx_word' id='word_1_69' title='bbox 467 986 595 1045; x_wconf 90' lang='lat' dir='ltr'><strong>eosdem</strong></span> <span class='ocrx_word' id='word_1_70' title='bbox 610 986 719 1046; x_wconf 90' lang='lat' dir='ltr'><strong>dentes</strong></span> <span class='ocrx_word' id='word_1_71' title='bbox 735 985 837 1059; x_wconf 88' lang='lat' dir='ltr'><strong>lingua</strong></span> <span class='ocrx_word' id='word_1_72' title='bbox 851 985 995 1044; x_wconf 75' lang='lat' dir='ltr'><strong>retertur:</strong></span> <span class='ocrx_word' id='word_1_73' title='bbox 1011 993 1084 1045; x_wconf 88' lang='lat' dir='ltr'><strong>tunc</strong></span> 
     </span>
     <span class='ocr_line' id='line_1_10' title="bbox 97 1068 1083 1144; baseline -0.002 -16"><span class='ocrx_word' id='word_1_74' title='bbox 97 1085 172 1130; x_wconf 88' lang='lat' dir='ltr'><strong>vero</strong></span> <span class='ocrx_word' id='word_1_75' title='bbox 195 1069 355 1142; x_wconf 91' lang='lat' dir='ltr'><strong>miscetur,</strong></span> <span class='ocrx_word' id='word_1_76' title='bbox 382 1077 416 1129; x_wconf 91' lang='lat' dir='ltr'><strong>ut</strong></span> <span class='ocrx_word' id='word_1_77' title='bbox 436 1068 555 1129; x_wconf 81' lang='lat' dir='ltr'><strong>facilius</strong></span> <span class='ocrx_word' id='word_1_78' title='bbox 575 1085 632 1144; x_wconf 92' lang='lat' dir='ltr'><strong>per</strong></span> <span class='ocrx_word' id='word_1_79' title='bbox 651 1071 756 1130; x_wconf 89' lang='lat' dir='ltr'><strong>lauces</strong></span> <span class='ocrx_word' id='word_1_80' title='bbox 780 1068 913 1128; x_wconf 88' lang='lat' dir='ltr'><strong>lubricas</strong></span> <span class='ocrx_word' id='word_1_81' title='bbox 939 1075 1083 1129; x_wconf 86' lang='lat' dir='ltr'><strong>transeat.</strong></span> 
     </span>
     <span class='ocr_line' id='line_1_11' title="bbox 97 1152 1112 1228; baseline -0.002 -16"><span class='ocrx_word' id='word_1_82' title='bbox 97 1169 167 1212; x_wconf 89' lang='lat' dir='ltr'><strong>curn</strong></span> <span class='ocrx_word' id='word_1_83' title='bbox 184 1154 323 1228; x_wconf 91' lang='lat' dir='ltr'><strong>pervenit</strong></span> <span class='ocrx_word' id='word_1_84' title='bbox 341 1154 371 1213; x_wconf 93' lang='lat' dir='ltr'><strong>in</strong></span> <span class='ocrx_word' id='word_1_85' title='bbox 388 1162 538 1224; x_wconf 88' lang='lat' dir='ltr'><strong>ventrem,</strong></span> <span class='ocrx_word' id='word_1_86' title='bbox 555 1152 720 1228; x_wconf 82' lang='lat' dir='ltr'><strong>aqualiculi</strong></span> <span class='ocrx_word' id='word_1_87' title='bbox 734 1155 857 1213; x_wconf 91' lang='lat' dir='ltr'><strong>lervore</strong></span> <span class='ocrx_word' id='word_1_88' title='bbox 871 1152 1082 1227; x_wconf 84' lang='lat' dir='ltr'><strong>concoquitur.</strong></span> <span class='ocrx_word' id='word_1_89' title='bbox 1110 1196 1112 1200; x_wconf 84' lang='lat'><strong>.</strong></span> 
     </span>
     <span class='ocr_line' id='line_1_12' title="bbox 96 1237 1187 1314; baseline 0.004 -18"><span class='ocrx_word' id='word_1_90' title='bbox 96 1243 170 1297; x_wconf 89' lang='lat' dir='ltr'><strong>tunc</strong></span> <span class='ocrx_word' id='word_1_91' title='bbox 186 1237 309 1296; x_wconf 90' lang='lat' dir='ltr'><strong>demum</strong></span> <span class='ocrx_word' id='word_1_92' title='bbox 324 1238 447 1314; x_wconf 84' lang='lat' dir='ltr'><strong>corpori</strong></span> <span class='ocrx_word' id='word_1_93' title='bbox 462 1237 590 1298; x_wconf 86' lang='lat' dir='ltr'><strong>accedit.</strong></span> <span class='ocrx_word' id='word_1_94' title='bbox 620 1239 687 1297; x_wconf 91' lang='lat' dir='ltr'><strong>Hoc</strong></span> <span class='ocrx_word' id='word_1_95' title='bbox 707 1238 818 1311; x_wconf 92' lang='lat' dir='ltr'><strong>aliquis</strong></span> <span class='ocrx_word' id='word_1_96' title='bbox 840 1244 965 1297; x_wconf 91' lang='lat' dir='ltr'><strong>secutus</strong></span> <span class='ocrx_word' id='word_1_97' title='bbox 980 1246 1125 1300; x_wconf 70' lang='lat' dir='ltr'><strong>exem-23</strong></span> <span class='ocrx_word' id='word_1_98' title='bbox 1184 1245 1187 1250; x_wconf 87' lang='grc'><strong>’</strong></span> 
     </span>
     <span class='ocr_line' id='line_1_13' title="bbox 98 1319 1083 1398; baseline 0 -19"><span class='ocrx_word' id='word_1_99' title='bbox 98 1322 166 1395; x_wconf 90' lang='lat' dir='ltr'><strong>plar</strong></span> <span class='ocrx_word' id='word_1_100' title='bbox 187 1321 321 1395; x_wconf 87' lang='lat' dir='ltr'><strong>lapidem</strong></span> <span class='ocrx_word' id='word_1_101' title='bbox 341 1337 486 1397; x_wconf 85' lang='lat' dir='ltr'><strong>asperum</strong></span> <span class='ocrx_word' id='word_1_102' title='bbox 509 1337 621 1398; x_wconf 92' lang='lat' dir='ltr'><strong>aspero</strong></span> <span class='ocrx_word' id='word_1_103' title='bbox 643 1322 779 1396; x_wconf 91' lang='lat' dir='ltr'><strong>inposuit</strong></span> <span class='ocrx_word' id='word_1_104' title='bbox 799 1322 839 1380; x_wconf 87' lang='lat' dir='ltr'><strong>ad</strong></span> <span class='ocrx_word' id='word_1_105' title='bbox 855 1319 1083 1381; x_wconf 91' lang='lat' dir='ltr'><strong>similitudinem</strong></span> 
     </span>
     <span class='ocr_line' id='line_1_14' title="bbox 98 1403 1080 1482; baseline -0.001 -19"><span class='ocrx_word' id='word_1_106' title='bbox 98 1403 250 1475; x_wconf 89' lang='lat' dir='ltr'><strong>dentium,</strong></span> <span class='ocrx_word' id='word_1_107' title='bbox 274 1422 404 1480; x_wconf 88' lang='lat' dir='ltr'><strong>quorum</strong></span> <span class='ocrx_word' id='word_1_108' title='bbox 424 1421 498 1482; x_wconf 89' lang='lat' dir='ltr'><strong>pars</strong></span> <span class='ocrx_word' id='word_1_109' title='bbox 519 1405 671 1466; x_wconf 91' lang='lat' dir='ltr'><strong>inmobilis</strong></span> <span class='ocrx_word' id='word_1_110' title='bbox 692 1411 807 1466; x_wconf 89' lang='lat' dir='ltr'><strong>motum</strong></span> <span class='ocrx_word' id='word_1_111' title='bbox 827 1405 951 1465; x_wconf 90' lang='lat' dir='ltr'><strong>alterius</strong></span> <span class='ocrx_word' id='word_1_112' title='bbox 970 1420 1080 1480; x_wconf 88' lang='lat' dir='ltr'><strong>exspe-</strong></span> 
     </span>
     <span class='ocr_line' id='line_1_15' title="bbox 97 1488 1082 1564; baseline 0 -17"><span class='ocrx_word' id='word_1_113' title='bbox 97 1494 167 1548; x_wconf 90' lang='lat' dir='ltr'><strong>ctat.</strong></span> <span class='ocrx_word' id='word_1_114' title='bbox 183 1488 295 1548; x_wconf 92' lang='lat' dir='ltr'><strong>deinde</strong></span> <span class='ocrx_word' id='word_1_115' title='bbox 311 1489 471 1564; x_wconf 88' lang='lat' dir='ltr'><strong>utriusque</strong></span> <span class='ocrx_word' id='word_1_116' title='bbox 486 1490 596 1551; x_wconf 89' lang='lat' dir='ltr'><strong>adtritu</strong></span> <span class='ocrx_word' id='word_1_117' title='bbox 613 1505 708 1564; x_wconf 89' lang='lat' dir='ltr'><strong>grana</strong></span> <span class='ocrx_word' id='word_1_118' title='bbox 723 1492 902 1562; x_wconf 84' lang='lat' dir='ltr'><strong>franguntur</strong></span> <span class='ocrx_word' id='word_1_119' title='bbox 917 1496 946 1547; x_wconf 91' lang='lat' dir='ltr'><strong>ct</strong></span> <span class='ocrx_word' id='word_1_120' title='bbox 957 1488 1082 1562; x_wconf 90' lang='lat' dir='ltr'><strong>saepius</strong></span> 
     </span>
     <span class='ocr_line' id='line_1_16' title="bbox 95 1571 1081 1647; baseline -0.001 -17"><span class='ocrx_word' id='word_1_121' title='bbox 95 1578 293 1647; x_wconf 82' lang='lat' dir='ltr'><strong>regeruntur,</strong></span> <span class='ocrx_word' id='word_1_122' title='bbox 314 1573 415 1633; x_wconf 88' lang='lat' dir='ltr'><strong>donec</strong></span> <span class='ocrx_word' id='word_1_123' title='bbox 435 1575 475 1633; x_wconf 92' lang='lat' dir='ltr'><strong>ad</strong></span> <span class='ocrx_word' id='word_1_124' title='bbox 497 1575 652 1634; x_wconf 89' lang='lat' dir='ltr'><strong>minutiam</strong></span> <span class='ocrx_word' id='word_1_125' title='bbox 667 1574 844 1647; x_wconf 81' lang='lat' dir='ltr'><strong>frequenter</strong></span> <span class='ocrx_word' id='word_1_126' title='bbox 856 1571 926 1632; x_wconf 90' lang='lat' dir='ltr'><strong>trita</strong></span> <span class='ocrx_word' id='word_1_127' title='bbox 939 1572 1081 1644; x_wconf 89' lang='lat' dir='ltr'><strong>redigan-</strong></span> 
     </span>
     <span class='ocr_line' id='line_1_17' title="bbox 95 1652 1083 1733; baseline -0.003 -17"><span class='ocrx_word' id='word_1_128' title='bbox 95 1664 152 1716; x_wconf 88' lang='lat' dir='ltr'><strong>tur.</strong></span> <span class='ocrx_word' id='word_1_129' title='bbox 185 1664 258 1716; x_wconf 91' lang='lat' dir='ltr'><strong>tunc</strong></span> <span class='ocrx_word' id='word_1_130' title='bbox 274 1656 402 1717; x_wconf 79' lang='lat' dir='ltr'><strong>laninam</strong></span> <span class='ocrx_word' id='word_1_131' title='bbox 417 1673 499 1733; x_wconf 88' lang='lat' dir='ltr'><strong>aqua</strong></span> <span class='ocrx_word' id='word_1_132' title='bbox 510 1658 625 1733; x_wconf 91' lang='lat' dir='ltr'><strong>sparsit</strong></span> <span class='ocrx_word' id='word_1_133' title='bbox 639 1664 668 1717; x_wconf 91' lang='lat' dir='ltr'><strong>et</strong></span> <span class='ocrx_word' id='word_1_134' title='bbox 679 1657 810 1717; x_wconf 89' lang='lat' dir='ltr'><strong>adsidua</strong></span> <span class='ocrx_word' id='word_1_135' title='bbox 821 1652 1001 1715; x_wconf 85' lang='lat' dir='ltr'><strong>tractatione</strong></span> <span class='ocrx_word' id='word_1_136' title='bbox 1015 1670 1083 1729; x_wconf 90' lang='lat' dir='ltr'><strong>per·</strong></span> 
     </span>
     <span class='ocr_line' id='line_1_18' title="bbox 95 1739 1082 1817; baseline -0.003 -17"><span class='ocrx_word' id='word_1_137' title='bbox 95 1740 213 1801; x_wconf 89' lang='lat' dir='ltr'><strong>domuit</strong></span> <span class='ocrx_word' id='word_1_138' title='bbox 227 1740 377 1817; x_wconf 86' lang='lat' dir='ltr'><strong>finxitque</strong></span> <span class='ocrx_word' id='word_1_139' title='bbox 395 1757 515 1817; x_wconf 91' lang='lat' dir='ltr'><strong>panem,</strong></span> <span class='ocrx_word' id='word_1_140' title='bbox 531 1757 622 1816; x_wconf 90' lang='lat' dir='ltr'><strong>quern</strong></span> <span class='ocrx_word' id='word_1_141' title='bbox 636 1741 735 1816; x_wconf 91' lang='lat' dir='ltr'><strong>primo</strong></span> <span class='ocrx_word' id='word_1_142' title='bbox 752 1740 828 1799; x_wconf 90' lang='lat' dir='ltr'><strong>cinis</strong></span> <span class='ocrx_word' id='word_1_143' title='bbox 844 1739 962 1799; x_wconf 90' lang='lat' dir='ltr'><strong>calidus</strong></span> <span class='ocrx_word' id='word_1_144' title='bbox 977 1745 1007 1799; x_wconf 91' lang='lat' dir='ltr'><strong>et</strong></span> <span class='ocrx_word' id='word_1_145' title='bbox 1024 1739 1082 1798; x_wconf 87' lang='lat' dir='ltr'><strong>ier·</strong></span> 
     </span>
     <span class='ocr_line' id='line_1_19' title="bbox 95 1821 1083 1900; baseline 0.001 -18"><span class='ocrx_word' id='word_1_146' title='bbox 95 1840 173 1884; x_wconf 92' lang='lat' dir='ltr'><strong>vens</strong></span> <span class='ocrx_word' id='word_1_147' title='bbox 192 1831 271 1884; x_wconf 89' lang='lat' dir='ltr'><strong>testa</strong></span> <span class='ocrx_word' id='word_1_148' title='bbox 286 1823 436 1900; x_wconf 88' lang='lat' dir='ltr'><strong>percoxit.</strong></span> <span class='ocrx_word' id='word_1_149' title='bbox 462 1825 574 1885; x_wconf 87' lang='lat' dir='ltr'><strong>deiude</strong></span> <span class='ocrx_word' id='word_1_150' title='bbox 593 1826 673 1885; x_wconf 87' lang='lat' dir='ltr'><strong>lurni</strong></span> <span class='ocrx_word' id='word_1_151' title='bbox 694 1825 838 1900; x_wconf 88' lang='lat' dir='ltr'><strong>paulatim</strong></span> <span class='ocrx_word' id='word_1_152' title='bbox 857 1821 970 1897; x_wconf 91' lang='lat' dir='ltr'><strong>reperti</strong></span> <span class='ocrx_word' id='word_1_153' title='bbox 982 1830 1012 1882; x_wconf 92' lang='lat' dir='ltr'><strong>et</strong></span> <span class='ocrx_word' id='word_1_154' title='bbox 1024 1824 1083 1883; x_wconf 86' lang='lat' dir='ltr'><strong>alie</strong></span> 
     </span>
     <span class='ocr_line' id='line_1_20' title="bbox 95 1907 1082 1983; baseline -0.001 -17"><span class='ocrx_word' id='word_1_155' title='bbox 95 1923 224 1983; x_wconf 88' lang='lat' dir='ltr'><strong>genera,</strong></span> <span class='ocrx_word' id='word_1_156' title='bbox 248 1926 377 1983; x_wconf 91' lang='lat' dir='ltr'><strong>quorum</strong></span> <span class='ocrx_word' id='word_1_157' title='bbox 400 1910 503 1969; x_wconf 91' lang='lat' dir='ltr'><strong>lervor</strong></span> <span class='ocrx_word' id='word_1_158' title='bbox 523 1908 651 1969; x_wconf 89' lang='lat' dir='ltr'><strong>serviret</strong></span> <span class='ocrx_word' id='word_1_159' title='bbox 671 1909 823 1970; x_wconf 88' lang='lat' dir='ltr'><strong>arbitrio.“</strong></span> <span class='ocrx_word' id='word_1_160' title='bbox 867 1908 934 1967; x_wconf 88' lang='lat' dir='ltr'><strong>Non</strong></span> <span class='ocrx_word' id='word_1_161' title='bbox 956 1907 1082 1967; x_wconf 90' lang='lat' dir='ltr'><strong>multum</strong></span> 
     </span>
     <span class='ocr_line' id='line_1_21' title="bbox 95 1990 1081 2069; baseline -0.001 -19"><span class='ocrx_word' id='word_1_162' title='bbox 95 1992 186 2063; x_wconf 89' lang='lat' dir='ltr'><strong>aluit,</strong></span> <span class='ocrx_word' id='word_1_163' title='bbox 217 1992 290 2068; x_wconf 90' lang='lat' dir='ltr'><strong>quin</strong></span> <span class='ocrx_word' id='word_1_164' title='bbox 317 1995 510 2055; x_wconf 92' lang='lat' dir='ltr'><strong>sutrinum</strong></span> <span class='ocrx_word' id='word_1_165' title='bbox 532 2008 657 2069; x_wconf 90' lang='lat' dir='ltr'><strong>quoque</strong></span> <span class='ocrx_word' id='word_1_166' title='bbox 677 1993 832 2053; x_wconf 90' lang='lat' dir='ltr'><strong>inventum</strong></span> <span class='ocrx_word' id='word_1_167' title='bbox 851 2008 870 2051; x_wconf 90' lang='lat' dir='ltr'><strong>a</strong></span> <span class='ocrx_word' id='word_1_168' title='bbox 890 1990 1081 2066; x_wconf 89' lang='lat' dir='ltr'><strong>sapientibus</strong></span> 
     </span>
     <span class='ocr_line' id='line_1_22' title="bbox 96 2075 1124 2152; baseline 0.002 -18"><span class='ocrx_word' id='word_1_169' title='bbox 96 2076 221 2136; x_wconf 86' lang='lat' dir='ltr'><strong>diceret.</strong></span> <span class='ocrx_word' id='word_1_170' title='bbox 250 2075 379 2137; x_wconf 88' lang='lat' dir='ltr'><strong>Omnia</strong></span> <span class='ocrx_word' id='word_1_171' title='bbox 398 2079 476 2137; x_wconf 87' lang='lat' dir='ltr'><strong>ista</strong></span> <span class='ocrx_word' id='word_1_172' title='bbox 496 2079 597 2138; x_wconf 90' lang='lat' dir='ltr'><strong>ratio</strong></span> <span class='ocrx_word' id='word_1_173' title='bbox 614 2079 780 2152; x_wconf 91' lang='lat' dir='ltr'><strong>quidem,</strong></span> <span class='ocrx_word' id='word_1_174' title='bbox 803 2076 960 2136; x_wconf 92' lang='lat' dir='ltr'><strong>sednon</strong></span> <span class='ocrx_word' id='word_1_175' title='bbox 975 2081 1124 2136; x_wconf 74' lang='lat' dir='ltr'><strong>rectail</strong></span> 
     </span>
     <span class='ocr_line' id='line_1_23' title="bbox 93 2159 1081 2235; baseline 0.001 -17"><span class='ocrx_word' id='word_1_176' title='bbox 93 2159 196 2220; x_wconf 93' lang='lat' dir='ltr'><strong>ratio</strong></span> <span class='ocrx_word' id='word_1_177' title='bbox 225 2170 437 2222; x_wconf 88' lang='lat' dir='ltr'><strong>commenta</strong></span> <span class='ocrx_word' id='word_1_178' title='bbox 465 2169 533 2222; x_wconf 92' lang='lat' dir='ltr'><strong>est.</strong></span> <span class='ocrx_word' id='word_1_179' title='bbox 576 2161 744 2222; x_wconf 92' lang='lat' dir='ltr'><strong>hominis</strong></span> <span class='ocrx_word' id='word_1_180' title='bbox 773 2162 888 2235; x_wconf 86' lang='lat' dir='ltr'><strong>enirn,</strong></span> <span class='ocrx_word' id='word_1_181' title='bbox 915 2176 995 2220; x_wconf 88' lang='lat' dir='ltr'><strong>non</strong></span> <span class='ocrx_word' id='word_1_182' title='bbox 1019 2175 1081 2219; x_wconf 89' lang='lat' dir='ltr'><strong>sa-</strong></span> 
     </span>
     <span class='ocr_line' id='line_1_24' title="bbox 96 2244 1081 2320; baseline -0.004 -14"><span class='ocrx_word' id='word_1_183' title='bbox 96 2245 246 2316; x_wconf 86' lang='lat' dir='ltr'><strong>pientis</strong></span> <span class='ocrx_word' id='word_1_184' title='bbox 261 2247 420 2306; x_wconf 89' lang='lat' dir='ltr'><strong>inventa</strong></span> <span class='ocrx_word' id='word_1_185' title='bbox 436 2252 526 2306; x_wconf 88' lang='lat' dir='ltr'><strong>sunt</strong></span> <span class='ocrx_word' id='word_1_186' title='bbox 540 2255 601 2307; x_wconf 89' lang='lat' dir='ltr'><strong>tarn</strong></span> <span class='ocrx_word' id='word_1_187' title='bbox 616 2245 821 2320; x_wconf 86' lang='lat' dir='ltr'><strong>mehercules,</strong></span> <span class='ocrx_word' id='word_1_188' title='bbox 841 2261 933 2320; x_wconf 89' lang='lat' dir='ltr'><strong>quarn</strong></span> <span class='ocrx_word' id='word_1_189' title='bbox 949 2244 1081 2318; x_wconf 87' lang='lat' dir='ltr'><strong>navigia,</strong></span> 
     </span>
     <span class='ocr_line' id='line_1_25' title="bbox 95 2327 1081 2406; baseline 0 -20"><span class='ocrx_word' id='word_1_190' title='bbox 95 2327 210 2402; x_wconf 90' lang='lat' dir='ltr'><strong>quibus</strong></span> <span class='ocrx_word' id='word_1_191' title='bbox 225 2345 333 2389; x_wconf 91' lang='lat' dir='ltr'><strong>amnes</strong></span> <span class='ocrx_word' id='word_1_192' title='bbox 349 2331 523 2406; x_wconf 88' lang='lat' dir='ltr'><strong>quibusque</strong></span> <span class='ocrx_word' id='word_1_193' title='bbox 541 2330 635 2390; x_wconf 89' lang='lat' dir='ltr'><strong>maria</strong></span> <span class='ocrx_word' id='word_1_194' title='bbox 655 2331 819 2391; x_wconf 87' lang='lat' dir='ltr'><strong>transimus</strong></span> <span class='ocrx_word' id='word_1_195' title='bbox 840 2329 953 2405; x_wconf 88' lang='lat' dir='ltr'><strong>aptatis</strong></span> <span class='ocrx_word' id='word_1_196' title='bbox 974 2329 1014 2389; x_wconf 92' lang='lat' dir='ltr'><strong>ad</strong></span> <span class='ocrx_word' id='word_1_197' title='bbox 1028 2343 1081 2386; x_wconf 89' lang='lat' dir='ltr'><strong>ex·</strong></span> 
     </span>
     <span class='ocr_line' id='line_1_26' title="bbox 96 2410 1081 2490; baseline 0.002 -20"><span class='ocrx_word' id='word_1_198' title='bbox 96 2410 274 2486; x_wconf 91' lang='lat' dir='ltr'><strong>cipiendum</strong></span> <span class='ocrx_word' id='word_1_199' title='bbox 289 2421 449 2474; x_wconf 91' lang='lat' dir='ltr'><strong>ventorum</strong></span> <span class='ocrx_word' id='word_1_200' title='bbox 465 2415 602 2490; x_wconf 90' lang='lat' dir='ltr'><strong>inpetum</strong></span> <span class='ocrx_word' id='word_1_201' title='bbox 619 2415 695 2476; x_wconf 90' lang='lat' dir='ltr'><strong>velis</strong></span> <span class='ocrx_word' id='word_1_202' title='bbox 718 2422 748 2475; x_wconf 93' lang='lat' dir='ltr'><strong>et</strong></span> <span class='ocrx_word' id='word_1_203' title='bbox 762 2414 875 2474; x_wconf 92' lang='lat' dir='ltr'><strong>additis</strong></span> <span class='ocrx_word' id='word_1_204' title='bbox 891 2419 1008 2486; x_wconf 87' lang='lat' dir='ltr'><strong>atergo</strong></span> <span class='ocrx_word' id='word_1_205' title='bbox 1027 2426 1081 2484; x_wconf 86' lang='lat' dir='ltr'><strong>gu·</strong></span> 
     </span>
     <span class='ocr_line' id='line_1_27' title="bbox 97 2494 1081 2573; baseline 0.001 -22"><span class='ocrx_word' id='word_1_206' title='bbox 97 2494 280 2570; x_wconf 87' lang='lat' dir='ltr'><strong>bernaculis,</strong></span> <span class='ocrx_word' id='word_1_207' title='bbox 296 2513 377 2573; x_wconf 89' lang='lat' dir='ltr'><strong>quae</strong></span> <span class='ocrx_word' id='word_1_208' title='bbox 390 2498 449 2557; x_wconf 90' lang='lat' dir='ltr'><strong>huc</strong></span> <span class='ocrx_word' id='word_1_209' title='bbox 464 2507 556 2573; x_wconf 91' lang='lat' dir='ltr'><strong>atque</strong></span> <span class='ocrx_word' id='word_1_210' title='bbox 567 2498 639 2558; x_wconf 88' lang='lat' dir='ltr'><strong>illuc</strong></span> <span class='ocrx_word' id='word_1_211' title='bbox 651 2514 775 2559; x_wconf 90' lang='lat' dir='ltr'><strong>cursum</strong></span> <span class='ocrx_word' id='word_1_212' title='bbox 786 2496 898 2571; x_wconf 90' lang='lat' dir='ltr'><strong>navigii</strong></span> <span class='ocrx_word' id='word_1_213' title='bbox 909 2500 1081 2569; x_wconf 87' lang='lat' dir='ltr'><strong>torqueant.</strong></span> 
     </span>
     <span class='ocr_line' id='line_1_28' title="bbox 94 2580 1112 2656; baseline -0.001 -17"><span class='ocrx_word' id='word_1_214' title='bbox 94 2581 272 2654; x_wconf 86' lang='lat' dir='ltr'><strong>exemplum</strong></span> <span class='ocrx_word' id='word_1_215' title='bbox 287 2597 305 2639; x_wconf 91' lang='lat' dir='ltr'><strong>a</strong></span> <span class='ocrx_word' id='word_1_216' title='bbox 320 2580 458 2655; x_wconf 90' lang='lat' dir='ltr'><strong>piscibus</strong></span> <span class='ocrx_word' id='word_1_217' title='bbox 473 2588 602 2641; x_wconf 91' lang='lat' dir='ltr'><strong>tractum</strong></span> <span class='ocrx_word' id='word_1_218' title='bbox 617 2588 677 2652; x_wconf 91' lang='lat' dir='ltr'><strong>est,</strong></span> <span class='ocrx_word' id='word_1_219' title='bbox 702 2582 754 2656; x_wconf 91' lang='lat' dir='ltr'><strong>qui</strong></span> <span class='ocrx_word' id='word_1_220' title='bbox 777 2581 876 2640; x_wconf 88' lang='lat' dir='ltr'><strong>cauda</strong></span> <span class='ocrx_word' id='word_1_221' title='bbox 890 2585 1038 2652; x_wconf 88' lang='lat' dir='ltr'><strong>reguntur</strong></span> <span class='ocrx_word' id='word_1_222' title='bbox 1052 2585 1082 2638; x_wconf 89' lang='lat' dir='ltr'><strong>et</strong></span> <span class='ocrx_word' id='word_1_223' title='bbox 1110 2590 1112 2597; x_wconf 76' lang='grc'>’</span> 
     </span>
     <span class='ocr_line' id='line_1_29' title="bbox 94 2661 1081 2747; baseline 0.001 -28"><span class='ocrx_word' id='word_1_224' title='bbox 94 2662 155 2721; x_wconf 90' lang='lat' dir='ltr'><strong>levi</strong></span> <span class='ocrx_word' id='word_1_225' title='bbox 170 2664 236 2723; x_wconf 91' lang='lat' dir='ltr'><strong>eius</strong></span> <span class='ocrx_word' id='word_1_226' title='bbox 251 2665 282 2723; x_wconf 93' lang='lat' dir='ltr'><strong>in</strong></span> <span class='ocrx_word' id='word_1_227' title='bbox 296 2672 458 2739; x_wconf 90' lang='lat' dir='ltr'><strong>utrumque</strong></span> <span class='ocrx_word' id='word_1_228' title='bbox 473 2671 625 2726; x_wconf 89' lang='lat' dir='ltr'><strong>momento</strong></span> <span class='ocrx_word' id='word_1_229' title='bbox 641 2665 934 2747; x_wconf 23' lang='lat' dir='ltr'><strong>velocitatemlsuam</strong></span> <span class='ocrx_word' id='word_1_230' title='bbox 945 2661 1081 2722; x_wconf 87' lang='lat' dir='ltr'><strong>flectunt.</strong></span> 
     </span>
     <span class='ocr_line' id='line_1_30' title="bbox 94 2744 1122 2824; baseline 0.004 -20"><span class='ocrx_word' id='word_1_231' title='bbox 94 2744 239 2820; x_wconf 88' lang='lat' dir='ltr'><strong>„0mnia,</strong></span> <span class='ocrx_word' id='word_1_232' title='bbox 262 2747 374 2824; x_wconf 91' lang='lat' dir='ltr'><strong>inquit,</strong></span> <span class='ocrx_word' id='word_1_233' title='bbox 397 2749 473 2809; x_wconf 87' lang='lat' dir='ltr'><strong>haec</strong></span> <span class='ocrx_word' id='word_1_234' title='bbox 496 2749 622 2824; x_wconf 91' lang='lat' dir='ltr'><strong>sapiens</strong></span> <span class='ocrx_word' id='word_1_235' title='bbox 643 2748 766 2823; x_wconf 90' lang='lat' dir='ltr'><strong>quidem</strong></span> <span class='ocrx_word' id='word_1_236' title='bbox 789 2747 919 2807; x_wconf 86' lang='lat' dir='ltr'><strong>invenit=</strong></span> <span class='ocrx_word' id='word_1_237' title='bbox 949 2746 1005 2806; x_wconf 91' lang='lat' dir='ltr'><strong>sed</strong></span> <span class='ocrx_word' id='word_1_238' title='bbox 1026 2745 1122 2808; x_wconf 73' lang='lat' dir='ltr'><strong>mi-ii</strong></span> 
     </span>
     <span class='ocr_line' id='line_1_31' title="bbox 94 2829 1080 2908; baseline 0.003 -21"><span class='ocrx_word' id='word_1_239' title='bbox 94 2844 185 2905; x_wconf 83' lang='lat' dir='ltr'><strong>nora,</strong></span> <span class='ocrx_word' id='word_1_240' title='bbox 209 2848 302 2906; x_wconf 90' lang='lat' dir='ltr'><strong>quam</strong></span> <span class='ocrx_word' id='word_1_241' title='bbox 319 2838 352 2892; x_wconf 88' lang='lat' dir='ltr'><strong>ut</strong></span> <span class='ocrx_word' id='word_1_242' title='bbox 365 2834 433 2908; x_wconf 92' lang='lat' dir='ltr'><strong>ipse</strong></span> <span class='ocrx_word' id='word_1_243' title='bbox 448 2839 605 2905; x_wconf 90' lang='lat' dir='ltr'><strong>tractaret,</strong></span> <span class='ocrx_word' id='word_1_244' title='bbox 627 2832 849 2894; x_wconf 91' lang='lat' dir='ltr'><strong>sordidioribus</strong></span> <span class='ocrx_word' id='word_1_245' title='bbox 865 2829 1010 2891; x_wconf 92' lang='lat' dir='ltr'><strong>ministris</strong></span> <span class='ocrx_word' id='word_1_246' title='bbox 1028 2832 1080 2890; x_wconf 93' lang='lat' dir='ltr'><strong>de·</strong></span> 
     </span>
     <span class='ocr_line' id='line_1_32' title="bbox 94 2913 1080 2991; baseline 0.004 -20"><span class='ocrx_word' id='word_1_247' title='bbox 94 2913 167 2973; x_wconf 83' lang='lat' dir='ltr'><strong>dit“</strong></span> <span class='ocrx_word' id='word_1_248' title='bbox 199 2915 295 2976; x_wconf 90' lang='lat' dir='ltr'><strong>Immo</strong></span> <span class='ocrx_word' id='word_1_249' title='bbox 317 2933 379 2976; x_wconf 92' lang='lat' dir='ltr'><strong>non</strong></span> <span class='ocrx_word' id='word_1_250' title='bbox 402 2917 468 2976; x_wconf 86' lang='lat' dir='ltr'><strong>aliis</strong></span> <span class='ocrx_word' id='word_1_251' title='bbox 491 2917 664 2991; x_wconf 85' lang='lat' dir='ltr'><strong>excogitata</strong></span> <span class='ocrx_word' id='word_1_252' title='bbox 683 2916 742 2976; x_wconf 85' lang='lat' dir='ltr'><strong>ista</strong></span> <span class='ocrx_word' id='word_1_253' title='bbox 762 2924 833 2978; x_wconf 91' lang='lat' dir='ltr'><strong>sunt</strong></span> <span class='ocrx_word' id='word_1_254' title='bbox 854 2931 945 2990; x_wconf 89' lang='lat' dir='ltr'><strong>quarn</strong></span> <span class='ocrx_word' id='word_1_255' title='bbox 968 2916 1080 2990; x_wconf 90' lang='lat' dir='ltr'><strong>quibus</strong></span> 
     </span>
     <span class='ocr_line' id='line_1_33' title="bbox 95 2994 1081 3076; baseline 0.006 -22"><span class='ocrx_word' id='word_1_256' title='bbox 95 2994 254 3074; x_wconf 90' lang='lat' dir='ltr'><strong>hodieque</strong></span> <span class='ocrx_word' id='word_1_257' title='bbox 265 3006 420 3061; x_wconf 88' lang='lat' dir='ltr'><strong>curantur.</strong></span> <span class='ocrx_word' id='word_1_258' title='bbox 442 3001 594 3076; x_wconf 91' lang='lat' dir='ltr'><strong>quaedam</strong></span> <span class='ocrx_word' id='word_1_259' title='bbox 609 3007 716 3062; x_wconf 87' lang='lat' dir='ltr'><strong>nostra</strong></span> <span class='ocrx_word' id='word_1_260' title='bbox 727 3002 849 3062; x_wconf 91' lang='lat' dir='ltr'><strong>demum</strong></span> <span class='ocrx_word' id='word_1_261' title='bbox 863 2999 1007 3075; x_wconf 91' lang='lat' dir='ltr'><strong>prodisse</strong></span> <span class='ocrx_word' id='word_1_262' title='bbox 1018 3016 1081 3060; x_wconf 92' lang='lat' dir='ltr'><strong>me-</strong></span> 
     </span>
     <span class='ocr_line' id='line_1_34' title="bbox 94 3082 1082 3160; baseline 0.007 -21"><span class='ocrx_word' id='word_1_263' title='bbox 94 3082 193 3142; x_wconf 91' lang='lat' dir='ltr'><strong>moria</strong></span> <span class='ocrx_word' id='word_1_264' title='bbox 217 3084 349 3156; x_wconf 89' lang='lat' dir='ltr'><strong>scimus,</strong></span> <span class='ocrx_word' id='word_1_265' title='bbox 376 3092 410 3144; x_wconf 93' lang='lat' dir='ltr'><strong>ut</strong></span> <span class='ocrx_word' id='word_1_266' title='bbox 430 3086 672 3159; x_wconf 87' lang='lat' dir='ltr'><strong>speculariorum</strong></span> <span class='ocrx_word' id='word_1_267' title='bbox 693 3101 783 3145; x_wconf 88' lang='lat' dir='ltr'><strong>usum</strong></span> <span class='ocrx_word' id='word_1_268' title='bbox 805 3087 981 3160; x_wconf 90' lang='lat' dir='ltr'><strong>perlucente</strong></span> <span class='ocrx_word' id='word_1_269' title='bbox 1002 3091 1082 3146; x_wconf 86' lang='lat' dir='ltr'><strong>testa</strong></span> 
     </span>
     <span class='ocr_line' id='line_1_35' title="bbox 93 3166 1081 3245; baseline 0.003 -22"><span class='ocrx_word' id='word_1_270' title='bbox 93 3166 209 3228; x_wconf 85' lang='lat' dir='ltr'><strong>clarum</strong></span> <span class='ocrx_word' id='word_1_271' title='bbox 225 3168 491 3229; x_wconf 87' lang='lat' dir='ltr'><strong>transmittentium</strong></span> <span class='ocrx_word' id='word_1_272' title='bbox 508 3170 620 3243; x_wconf 90' lang='lat' dir='ltr'><strong>lumen,</strong></span> <span class='ocrx_word' id='word_1_273' title='bbox 634 3176 667 3229; x_wconf 91' lang='lat' dir='ltr'><strong>ut</strong></span> <span class='ocrx_word' id='word_1_274' title='bbox 681 3184 890 3245; x_wconf 90' lang='lat' dir='ltr'><strong>suspensuras</strong></span> <span class='ocrx_word' id='word_1_275' title='bbox 901 3169 1081 3229; x_wconf 89' lang='lat' dir='ltr'><strong>balneorum</strong></span> 
     </span>
     <span class='ocr_line' id='line_1_36' title="bbox 93 3250 1110 3327; baseline 0.003 -20"><span class='ocrx_word' id='word_1_276' title='bbox 93 3257 124 3309; x_wconf 91' lang='lat' dir='ltr'><strong>et</strong></span> <span class='ocrx_word' id='word_1_277' title='bbox 137 3250 302 3326; x_wconf 88' lang='lat' dir='ltr'><strong>inpressos</strong></span> <span class='ocrx_word' id='word_1_278' title='bbox 318 3252 485 3326; x_wconf 88' lang='lat' dir='ltr'><strong>parietibus</strong></span> <span class='ocrx_word' id='word_1_279' title='bbox 500 3252 607 3325; x_wconf 90' lang='lat' dir='ltr'><strong>tubos,</strong></span> <span class='ocrx_word' id='word_1_280' title='bbox 624 3268 679 3327; x_wconf 90' lang='lat' dir='ltr'><strong>per</strong></span> <span class='ocrx_word' id='word_1_281' title='bbox 694 3267 774 3327; x_wconf 91' lang='lat' dir='ltr'><strong>quos</strong></span> <span class='ocrx_word' id='word_1_282' title='bbox 787 3252 1081 3312; x_wconf 89' lang='lat' dir='ltr'><strong>circumtunderetur</strong></span> <span class='ocrx_word' id='word_1_283' title='bbox 1108 3306 1110 3310; x_wconf 86' lang='grc'><em>,</em></span> 
     </span>
     <span class='ocr_line' id='line_1_37' title="bbox 94 3334 1081 3411; baseline 0.003 -21"><span class='ocrx_word' id='word_1_284' title='bbox 94 3334 194 3408; x_wconf 90' lang='lat' dir='ltr'><strong>calor,</strong></span> <span class='ocrx_word' id='word_1_285' title='bbox 218 3335 270 3408; x_wconf 92' lang='lat' dir='ltr'><strong>qui</strong></span> <span class='ocrx_word' id='word_1_286' title='bbox 286 3335 347 3395; x_wconf 90' lang='lat' dir='ltr'><strong>irna</strong></span> <span class='ocrx_word' id='word_1_287' title='bbox 363 3335 453 3396; x_wconf 92' lang='lat' dir='ltr'><strong>simul</strong></span> <span class='ocrx_word' id='word_1_288' title='bbox 469 3351 506 3395; x_wconf 91' lang='lat' dir='ltr'><strong>ac</strong></span> <span class='ocrx_word' id='word_1_289' title='bbox 521 3351 641 3395; x_wconf 91' lang='lat' dir='ltr'><strong>summa</strong></span> <span class='ocrx_word' id='word_1_290' title='bbox 657 3336 777 3397; x_wconf 82' lang='lat' dir='ltr'><strong>foveret</strong></span> <span class='ocrx_word' id='word_1_291' title='bbox 796 3336 974 3409; x_wconf 88' lang='lat' dir='ltr'><strong>aequaliter.</strong></span> <span class='ocrx_word' id='word_1_292' title='bbox 1006 3335 1081 3411; x_wconf 91' lang='lat' dir='ltr'><strong>quid</strong></span> 
     </span>
     <span class='ocr_line' id='line_1_38' title="bbox 93 3416 1082 3494; baseline 0.002 -19"><span class='ocrx_word' id='word_1_293' title='bbox 93 3416 204 3491; x_wconf 91' lang='lat' dir='ltr'><strong>loquar</strong></span> <span class='ocrx_word' id='word_1_294' title='bbox 218 3433 385 3491; x_wconf 90' lang='lat' dir='ltr'><strong>marmora,</strong></span> <span class='ocrx_word' id='word_1_295' title='bbox 413 3419 525 3494; x_wconf 91' lang='lat' dir='ltr'><strong>quibus</strong></span> <span class='ocrx_word' id='word_1_296' title='bbox 540 3421 670 3494; x_wconf 90' lang='lat' dir='ltr'><strong>templa,</strong></span> <span class='ocrx_word' id='word_1_297' title='bbox 691 3419 802 3494; x_wconf 90' lang='lat' dir='ltr'><strong>quibus</strong></span> <span class='ocrx_word' id='word_1_298' title='bbox 818 3419 1082 3493; x_wconf 77' lang='lat' dir='ltr'><strong>domusiulgentt</strong></span> 
     </span>
     <span class='ocr_line' id='line_1_39' title="bbox 93 3499 1081 3578; baseline 0.002 -19"><span class='ocrx_word' id='word_1_299' title='bbox 93 3500 168 3576; x_wconf 90' lang='lat' dir='ltr'><strong>quid</strong></span> <span class='ocrx_word' id='word_1_300' title='bbox 183 3502 324 3578; x_wconf 85' lang='lat' dir='ltr'><strong>lapideas</strong></span> <span class='ocrx_word' id='word_1_301' title='bbox 340 3503 439 3564; x_wconf 91' lang='lat' dir='ltr'><strong>moles</strong></span> <span class='ocrx_word' id='word_1_302' title='bbox 453 3503 484 3562; x_wconf 94' lang='lat' dir='ltr'><strong>in</strong></span> <span class='ocrx_word' id='word_1_303' title='bbox 496 3503 659 3563; x_wconf 90' lang='lat' dir='ltr'><strong>rotundum</strong></span> <span class='ocrx_word' id='word_1_304' title='bbox 670 3517 708 3561; x_wconf 88' lang='lat' dir='ltr'><strong>ac</strong></span> <span class='ocrx_word' id='word_1_305' title='bbox 717 3503 786 3562; x_wconf 91' lang='lat' dir='ltr'><strong>leve</strong></span> <span class='ocrx_word' id='word_1_306' title='bbox 797 3503 952 3574; x_wconf 80' lang='lat' dir='ltr'><strong>formatas,</strong></span> <span class='ocrx_word' id='word_1_307' title='bbox 969 3499 1081 3576; x_wconf 90' lang='lat' dir='ltr'><strong>quibus</strong></span> 
     </span>
    </p>
   </div>
   <div class='ocr_carea' id='block_1_3' title="bbox 0 0 1216 3862">
    <p class='ocr_par' dir='ltr' id='par_1_3' title="bbox 0 0 1216 3862">
     <span class='ocr_line' id='line_1_40' title="bbox 0 0 1216 3862; baseline 0 1"><span class='ocrx_word' id='word_1_308' title='bbox 0 0 1216 3862; x_wconf 95' lang='lat' dir='ltr'><strong> </strong></span> 
     </span>
    </p>
   </div>
  </div>
 </body>
</html>
