2422 3862
133 234 196 298 276
421 234 454 292 L.
475 232 623 294 ANNAEI
639 231 814 294 SENECAE

132 386 263 446 excedat
276 401 315 444 ex
329 384 389 445 hoc
404 381 577 444 animalium
589 399 715 444 numero
733 381 936 458 pulcherrimo
952 386 1049 446 aedis
1065 402 1112 446 se·

102 471 250 534 bcundoa
266 469 357 528 mutis
373 468 557 543 adgregetur
571 467 681 526 animal
698 467 810 542 pabulo
826 469 947 527 laetum.
986 470 1114 531 Inratio-

132 555 210 614 nalis
226 569 299 629 pars
320 552 411 611 animi
435 552 513 611 duas
533 550 627 611 habet
647 559 766 626 partes,
788 552 913 612 alteram
934 552 1113 627 animosam,

132 637 537 711 ambitiosaminpotentem,
552 634 683 710 positam
694 636 724 693 in
738 635 971 709 adfectionibus,
988 639 1115 700 atterant

131 722 284 793 humilem,
301 718 485 804 languidam,
501 718 712 794 voluptatibus
723 719 871 780 deditam=
888 721 970 779 illam
983 721 1114 783 effrena·

131 813 208 878 tam,
232 805 388 864 meliorem
408 809 524 876 tamen,
547 809 629 880 certe
644 803 800 863 fortiorem
814 819 851 863 ae
866 803 1034 878 digniorem
1050 808 1114 867 viro

131 889 332 964 reliquerunt,
365 888 444 948 banc
467 887 675 947 necessariam
694 886 803 947 beatae
824 888 904 948 vitae
920 898 1113 964 putaverunt,

104 979 279 1035 9cnervem
294 977 324 1031 et
339 971 498 1032 abiectam.
526 970 605 1031 Huic
618 970 766 1030 rationem
782 973 899 1031 servire
916 972 1078 1035 iusserunt·
1087 983 1116 1034 et

132 1055 271 1116 fecerunt
286 1053 426 1115 animalis
434 1054 664 1131 generosissimi
680 1054 794 1116 bouum
804 1056 972 1116 demissum
988 1065 1017 1118 et
1029 1060 1114 1132 iguo-

132 1139 208 1213 bile,
239 1148 398 1214 praeterea
421 1140 546 1199 mixtum
574 1145 849 1214 portentosumque
871 1148 901 1199 et
921 1157 961 1199 ex
982 1139 1112 1201 diversis

133 1239 169 1282 ac
194 1225 272 1285 male
298 1222 536 1296 congruentibus
554 1221 708 1283 membris.
747 1239 817 1282 nam
844 1230 878 1283 ut
897 1225 939 1284 ait
960 1224 1111 1298 Vergilius

134 1315 249 1378 noster,
268 1307 299 1365 in
316 1305 421 1381 Scylla

215 1393 317 1466 primo
335 1391 459 1450 bominis
470 1390 570 1463 facies
585 1395 615 1450 et
619 1391 751 1466 pulchro
762 1397 882 1465 pectore
898 1395 982 1466 rirpo

214 1476 293 1550 pube
308 1480 408 1534 tenus.-
418 1479 569 1549 postrema
580 1476 696 1533 inmuni
704 1489 829 1549 corpore
835 1478 948 1550 pistrix

217 1559 392 1634 delphinum
407 1558 524 1617 caudas
539 1564 622 1617 utero
635 1561 791 1618 commissu
801 1560 947 1633 luporum.

131 1641 202 1701 huic
216 1649 317 1701 tamen
333 1641 456 1719 Scyllae
473 1642 537 1700 fera
552 1641 693 1700 animalia
707 1640 849 1700 adiuncta
866 1648 935 1701 sunt
948 1641 1113 1716 horrenda,

130 1725 264 1784 velocia:
288 1732 319 1786 at
338 1724 387 1785 isti
409 1724 590 1799 sapientiam
605 1739 643 1783 ex
660 1724 772 1798 qulbus
788 1738 979 1799 conposuere
991 1734 1114 1799 porten-

91 1808 191 1872 rotist
207 1809 326 1884 „Prima
342 1825 414 1885 pars
428 1806 559 1868 hominis
568 1814 616 1867 est
631 1807 702 1882 ipsa
716 1808 827 1868 virtus:
838 1808 910 1868 huic
921 1809 1116 1868 committitur

132 1891 246 1953 inutilis
267 1909 338 1953 caro
355 1902 384 1953 et
398 1891 508 1966 fluida,
534 1893 731 1968 receptandis
753 1899 865 1952 tanturn
882 1891 958 1952 cibis
973 1891 1115 1966 babilis‚“

130 1982 164 2036 ut
178 1975 219 2036 ait
231 1976 427 2037 Posidonius.
457 1977 552 2037 virtus
569 1976 620 2035 illa
635 1977 738 2036 divina
751 1975 781 2035 in
797 1976 945 2036 lubricum
961 1975 1073 2038 desinit
1087 1986 1116 2038 et

132 2061 343 2133 superioribus
365 2061 431 2121 eius
458 2059 595 2135 partibus
616 2060 801 2120 venerandis
823 2067 915 2134 atque
930 2059 1114 2122 coelestibus

132 2142 242 2202 animal
257 2145 339 2203 iners
355 2159 391 2203 ac
406 2143 573 2203 marcidum
589 2145 750 2204 adteritur.
773 2144 824 2202 illa
834 2151 1000 2219 utcumque
1011 2145 1114 2217 altera,

133 2224 235 2299 quies,
257 2225 331 2285 nihil
353 2228 476 2301 quidem
497 2227 566 2302 ipsa
586 2228 762 2304 praestabat
780 2226 898 2302 animo,
920 2228 976 2287 sed
997 2227 1106 2303 iupedi-

131 2315 232 2368 menta
248 2310 441 2370 removebat:
463 2311 606 2385 voluptas
621 2314 699 2373 ultro
715 2311 857 2372 dissolvit
873 2318 903 2370 et
916 2327 1006 2371 omne
1021 2313 1115 2373 robur

131 2391 253 2453 emollit.
297 2393 381 2467 Quae
406 2394 574 2455 invenietur
598 2402 658 2455 tam
681 2396 802 2456 discors
821 2397 898 2455 inter
924 2412 959 2456 se
978 2397 1115 2456 iunctura

130 2483 317 2552 corporum?
344 2478 528 2538 fortissimae
548 2477 592 2538 rei
612 2477 796 2539 inertissima
825 2480 1004 2554 adstruitur,
1027 2496 1112 2539 seve-

129 2559 270 2621 rissimae
293 2577 398 2637 parum
421 2560 518 2633 scria,
548 2561 759 2622 sanctissimae
785 2563 992 2638 intemperans
1014 2577 1113 2639 usque

89 2645 159 2703 llln
175 2643 300 2706 incesta.
339 2645 438 2720 „Quid
454 2662 541 2720 ergo,
568 2645 680 2721 inquit,
703 2648 729 2706 si
745 2647 884 2707 virtutem
902 2647 975 2707 nihil
996 2647 1099 2722 inpedi

129 2734 197 2786 tura
217 2730 257 2788 sit
277 2730 377 2787 bona
397 2729 577 2789 valitudo
600 2736 636 2789 et
657 2728 769 2804 quies
793 2737 829 2789 et
849 2731 1029 2790 dolorum
1051 2748 1112 2790 va-

131 2811 249 2869 catio:
273 2806 563 2884 non'petesillast“
599 2813 739 2887 Quidni
762 2821 908 2888 petam?
932 2830 1009 2873 non
1026 2815 1113 2889 quia

129 2891 352 2966 bonosum,
378 2895 446 2953 sed
472 2897 561 2970 quia
587 2897 800 2957 secundum
822 2905 998 2957 naturam
1027 2905 1114 2958 sunt

130 2975 268 3049 etquia
292 2975 393 3036 bono
418 2993 435 3036 a
461 2994 516 3038 me
539 2979 687 3041 iudicio
714 2989 923 3040 sumentur.
964 2982 1037 3056 quid
1059 2981 1114 3040 erit

129 3064 200 3117 tuuc
215 3058 244 3116 in
259 3058 318 3119 illis
334 3059 470 3121 bonumt
489 3062 549 3122 boc
562 3080 670 3138 uuum,
687 3064 768 3123 bene
783 3063 863 3140 eligi.
892 3080 962 3123 nam
978 3081 1046 3124 cum
1061 3081 1111 3123 vc-

129 3147 206 3199 stem
222 3143 342 3217 qualem
358 3145 460 3220 dccet,
484 3163 588 3220 sumo,
610 3162 679 3207 cum
695 3146 816 3207 ambulo
837 3157 870 3209 ut
885 3156 1020 3223 oportet,
1045 3165 1112 3208 cum

129 3239 226 3284 coeno
250 3229 506 3302 quemadmodum
528 3232 642 3304 debeo,
667 3248 728 3292 non
752 3248 849 3293 coena
874 3241 925 3292 aut
949 3231 1111 3291 ambulatio

130 3316 182 3367 aut
201 3312 295 3371 vestis
322 3313 404 3374 bona
420 3320 505 3389 suut,
530 3316 585 3374 sed
600 3329 701 3374 meum
718 3316 798 3375 iniis
813 3317 1024 3391 propositum,
1048 3332 1110 3376 ser-

88 3394 225 3455 llvantis
242 3395 271 3453 in
288 3413 411 3472 quaque
425 3413 459 3456 re
469 3398 578 3458 rationi
591 3399 823 3459 convenientem
835 3401 968 3459 modum.
1001 3400 1111 3459 Etiam·

128 3493 209 3536 nunc
231 3478 359 3539 adiciam
400 3482 531 3542 mundae
550 3482 647 3542 vestis
668 3482 777 3543 electio
797 3485 971 3559 adpetenda
992 3491 1040 3543 est
1055 3483 1104 3542 ho·
