2422 3862
469 223 701 281 FRAGMENTA.
1006 221 1083 288 439.
1183 174 1188 184 Ι

156 375 478 441 recitantium
493 393 517 433 c.
529 382 564 436 lb
573 391 614 450 aq.
651 374 754 447 (Nero)
772 378 875 434 litteras
892 379 928 434 ad
940 384 1069 436 senatum
1077 394 1128 447 10⁵

91 461 173 529 misit,
185 476 302 532 quarum
314 475 422 517 summa
433 466 506 517 erat:

148 544 300 615 Repertum
325 560 388 598 eum
410 547 483 600 ferro
510 560 708 617 percussorem
731 543 886 618 Agerinum
909 563 945 603 ex
968 539 1070 602 intimis

92 628 266 700 Agrippinae
278 628 382 683 libertis
396 633 422 683 et
432 629 519 685 luisse
532 645 593 684 eam
604 645 727 700 poenam
738 630 922 700 conscientia,
940 646 995 701 qua
1007 645 1070 685 scc-

91 714 134 767 lus
146 712 314 783 paravisset.
337 710 475 767 adiciebat
495 712 611 768 erimina
627 714 737 786 longius
753 714 855 784 petita,
867 713 942 784 quod
955 729 1070 769 consor-

92 797 159 850 tium
170 795 279 866 imperii
292 795 485 866 iuraturasque
498 797 526 851 in
537 796 657 853 feminae
668 799 757 854 verba
767 797 924 869 praetorias
938 796 1070 852 cohortes

92 879 224 950 idemque
237 879 361 934 dedecus
374 886 487 936 senatus
505 886 531 935 et
547 880 645 952 populi
664 882 852 953 speravisset,
871 896 905 935 ac
921 885 1072 953 postquam

92 966 194 1018 frustra
206 969 300 1034 optata
311 964 381 1032 sint,
392 964 502 1019 infensa
514 964 590 1019 militi
601 966 782 1036 patribusque
795 970 821 1021 et
832 963 907 1037 plebi
920 964 1071 1020 dissuasis-

93 1055 135 1102 set
166 1048 329 1106 donativum
353 1055 380 1102 et
402 1048 591 1118 congiarium,
620 1049 799 1120 periculaque
823 1051 891 1106 viris
919 1053 1071 1110 illustribus

93 1127 247 1183 struxisset.
270 1132 373 1198 quanto
394 1144 445 1184 suo
464 1129 559 1184 labore
575 1136 780 1201 perpetratum,
797 1146 833 1184 ne
847 1130 1013 1202 irrumperet
1024 1145 1072 1183 cu—

93 1210 177 1277 riam,
197 1227 233 1265 ne
251 1212 380 1282 gentibus
397 1211 519 1268 externis
531 1228 669 1285 responsa
681 1214 773 1269 daret!
791 1219 948 1287 temporum
960 1229 1073 1285 quoque

95 1292 312 1350 Claudianorum
331 1294 443 1366 obliqua
465 1296 646 1352 insectatione
669 1303 767 1353 cuncta
790 1298 850 1352 eius
877 1296 1074 1352 dominationis

94 1373 200 1447 flagitia
211 1377 239 1432 in
254 1384 370 1434 matrem
387 1380 535 1448 transtulit,
557 1381 669 1452 publica
684 1383 793 1436 fortuna
812 1381 975 1436 exstinctam
999 1382 1073 1435 refe·

95 1476 170 1514 rens.
193 1477 313 1533 namque
334 1468 361 1518 et
372 1463 548 1536 naufragium
565 1466 709 1534 narrabat,
730 1465 806 1535 quod
829 1465 969 1519 fortuitum
988 1464 1074 1518 fuisse

96 1544 158 1615 quis
175 1543 248 1600 adeo
264 1546 351 1602 hebes
370 1547 541 1605 inveniretur
558 1554 587 1604 ut
597 1548 747 1603 crederet?
769 1553 816 1602 aut
833 1564 850 1602 a
872 1548 987 1602 muliere
1005 1562 1074 1600 nau·

96 1629 176 1699 fraga
196 1630 391 1685 missumcum
408 1633 463 1688 telo
477 1648 559 1687 unum
565 1632 639 1704 ,qui
651 1631 780 1687 cobortes
795 1637 821 1686 et
834 1632 939 1686 classes
952 1631 1074 1701 impera-

95 1713 162 1767 toris
174 1714 381 1786 perfringeret?
408 1715 485 1789 Ergo
504 1733 560 1770 non
577 1716 632 1771 iam
644 1716 733 1785 Nero,
757 1715 834 1770 cuius
848 1714 1003 1769 immanitas
1015 1730 1075 1768 om·

95 1796 171 1850 nium
185 1804 299 1867 questus
312 1799 447 1869 anteibat,
461 1799 514 1856 scd
528 1799 638 1856 Seneca
649 1815 762 1854 rumore
774 1797 897 1855 adverso
909 1802 982 1903 erat,
999 1795 1076 1868 quod

99 1879 223 1934 oratione
238 1882 739 1955 taliconfessionemscripsisset.1

160 1961 269 2029 Quintil.
281 1967 372 2024 institi.
386 1972 455 2023 oret.
475 1967 561 2035 VIII,
581 1984 606 2023 c
619 1973 649 2037 5,
663 1970 705 2025 18
728 1966 805 2022 Facit
816 1965 952 2037 quasdam
964 1930 1135 2020 senten-106

96 2047 147 2101 tias
170 2048 230 2102 sola
248 2049 412 2120 geminatio,
437 2053 525 2130 qualis
549 2059 591 2108 est
613 2050 765 2108 Senecae
758 2067 786 2105 tn
805 2067 839 2105 eo
858 2049 976 2121 scripto,
1001 2046 1077 2120 quod

96 2129 171 2185 Nero
189 2131 226 2186 ad
243 2139 370 2189 senatum
396 2135 468 2191 misit
489 2136 583 2192 occisa
597 2140 701 2207 matre,
719 2151 782 2190 oum
794 2151 825 2190 se
837 2134 1022 2206 periclitatum
1033 2131 1076 2188 vi-

100 2213 160 2269 den
172 2218 271 2270 vellet
977 2243 981 2248 ·

201 2302 330 2367 „salvum
342 2318 386 2357 mc
399 2320 464 2358 esse
477 2302 570 2357 adhuc
581 2318 634 2358 nec
644 2303 729 2358 credo
745 2319 798 2357 neo
809 2300 951 2374 gaudeo.“

162 2380 261 2434 Melior
274 2400 336 2437 curn
350 2399 385 2440 ex
397 2386 541 2442 contrariis
556 2387 645 2443 valet:

163 2463 295 2534 „Habeo,
308 2482 391 2536 quern
412 2468 530 2539 lugiama
549 2484 633 2540 quem
645 2483 749 2538 sequar
760 2484 816 2523 non
827 2460 952 2523 habeof‘
976 2464 1076 2534 „Quid,

99 2546 176 2618 quod
187 2547 272 2603 miser
283 2564 346 2603 cum
358 2550 434 2620 loqui
445 2566 500 2605 non
513 2557 625 2623 posset,
639 2556 733 2605 tacere
745 2566 802 2606 non
812 2549 950 2622 poterat.“

163 2630 248 2686 Tacit.
259 2632 332 2693 Ana.
345 2631 430 2701 XIV,
443 2649 467 2688 o.
478 2637 522 2692 53.
556 2632 667 2690 Seneca
678 2633 880 2688 criminantium
891 2648 947 2686 non
960 2631 1074 2702 ignarus
1086 2635 1136 2692 lM

99 2714 281 2788 prodentibus
299 2717 347 2786 iis,
368 2717 467 2787 quibus
487 2718 581 2788 aliqua
597 2712 708 2772 honesti
719 2732 800 2784 eura,
824 2721 850 2770 et
867 2714 1079 2770 familiaritatem

100 2801 159 2855 eius
172 2801 262 2871 magis
274 2807 442 2872 aspernante
454 2799 576 2858 Caesare
595 2806 704 2872 tempus
718 2800 840 2855 sermoni
853 2805 912 2854 orat
924 2804 950 2853 et
962 2804 1077 2870 accepto

99 2884 137 2940 ita
147 2884 255 2955 incipit:

165 2967 304 3038 „Quartus
318 2969 443 3025 decimus
456 2985 546 3025 annus
558 2974 615 3038 est,
630 2966 749 3037 Caesar,
763 2982 798 3022 ex
810 2982 865 3038 quo
878 2967 939 3039 spei
950 2973 1015 3022 tuae
1028 2965 1078 3022 ad-

100 3058 191 3107 motus
214 3070 288 3124 sum,
311 3060 442 3122 octavus,
470 3060 500 3108 ut
518 3053 666 3125 imperium
683 3051 805 3107 obtines:
828 3052 921 3107 medio
944 3047 1077 3123 temporis

101 3141 205 3191 tantum
216 3136 355 3192 honorum
367 3143 450 3208 atque
462 3153 547 3209 opum
559 3138 588 3192 in
602 3153 647 3192 me
659 3135 820 3203 cumulasti,
839 3141 868 3190 ut
878 3135 946 3190 nihil
957 3133 1079 3189 felicitati

101 3236 181 3275 meae
199 3219 271 3276 desit
288 3221 341 3276 nisi
363 3221 517 3277 moderatio
530 3222 599 3277 eius.
645 3220 712 3276 Utar
729 3219 839 3291 magnis
851 3219 1002 3291 exemplis,
1026 3233 1079 3271 nec

101 3317 182 3357 meac
201 3305 327 3360 fortunae
345 3305 398 3360 sed
415 3311 494 3361 tuae:
514 3306 621 3362 abavus
638 3309 701 3360 tuus
713 3300 857 3374 Augustus
869 3302 964 3358 Marco
976 3301 1079 3373 Agrip-

101 3401 156 3456 pae
168 3385 353 3458 Mytilenense
365 3395 518 3458 secretum,
537 3388 605 3445 Gaio
618 3387 774 3443 Maecenati
791 3388 860 3442 urbe
878 3387 908 3440 in
925 3387 993 3455 ipsa
1004 3385 1092 3436 neum

102 3471 282 3541 peregrinum
294 3473 379 3528 otium
392 3474 533 3548 permisit,
555 3489 678 3548 quorum
690 3473 762 3530 alter
768 3471 924 3527 bellorum
931 3464 1036 3519 somus
1046 3458 1112 3522 ,an-
