2392 3870
157 233 222 300 2⁶6
449 234 483 295 L.
501 231 648 293 ANNAEI
665 231 841 292 SENECAE

156 387 294 464 porticus
321 393 352 447 et
371 386 498 462 capacia
526 387 709 464 populorum
728 391 809 445 tecta
831 382 1039 458 suscipimus?
1069 380 1147 455 quid

113 522 126 549 ,
156 471 320 532 verborum
341 477 445 542 notaS,
468 470 580 545 quibus
605 469 746 546 quamvis
767 469 856 527 citata
877 466 1029 540 excipitur
1044 465 1146 525 oratio

156 563 187 617 et
199 555 382 616 celeritatem
393 555 516 628 linguae
527 571 637 616 manus
652 553 813 627 sequiturr
828 552 1046 611 vilissimorum
1057 565 1147 607 man-

113 640 307 715 rocipiomm
327 641 387 701 ista
407 647 579 701 commenta
594 645 681 713 sunt.
716 635 919 711 Sapientia
940 635 1060 694 altius
1085 648 1147 693 se-

133 740 137 746 ·
157 725 220 784 det
234 739 292 783 nec
307 738 415 782 manus
431 723 556 784 edocet=
573 721 743 788 animorum
755 720 900 795 magistra
911 727 967 778 est.
993 719 1041 778 vis
1054 717 1146 790 scire,

157 807 232 882 quid
248 807 300 866 illa
314 805 440 878 eruerit,
457 806 531 880 quid
549 806 708 868 effecerit?
735 821 797 866 nou
813 805 985 866 dedecoros
1002 801 1147 877 corporis

157 899 258 952 motus
273 905 331 948 nec
347 889 450 949 varios
466 906 522 964 per
536 892 639 951 tubam
654 905 690 949 ac
704 888 809 949 tibiam
824 895 948 960 cantus,
965 886 1079 961 quibus
1093 900 1147 944 ex-

158 981 268 1048 ceptus
291 971 417 1048 spiritus
439 975 542 1033 autin
564 975 649 1035 exitu
668 980 721 1033 aut
741 973 771 1030 in
794 973 924 1032 transitu
946 973 1096 1031 formatur
1117 967 1148 1027 in

157 1073 276 1118 vocem.
311 1073 371 1117 non
394 1073 479 1117 arma
500 1075 558 1119 neo
581 1074 686 1119 muros
708 1072 766 1117 nec
785 1056 880 1115 bella:
906 1056 990 1114 utilia
1013 1053 1147 1125 molitur,

114 1148 148 1204 27
157 1141 227 1217 paci
243 1142 325 1201 lavet
339 1149 369 1200 et
382 1156 481 1215 gentis
497 1142 661 1203 humanum
678 1142 719 1200 ad
734 1140 931 1200 concordiam
946 1146 1048 1198 vocat.
1079 1137 1149 1197 Non

157 1233 218 1297 est,
234 1225 374 1300 inquam,
392 1226 661 1286 instrumentorum
676 1226 716 1284 ad
731 1241 806 1284 usus
819 1223 1015 1283 necessarios
1028 1222 1148 1297 opifex.

157 1308 232 1384 quid
253 1309 295 1368 illi
316 1316 377 1371 tarn
399 1310 529 1384 parvula
543 1310 712 1384 adsignas?
739 1308 934 1368 artificem
954 1306 1069 1366 vides
1093 1304 1149 1364 vi-

155 1401 226 1452 tae.
248 1391 325 1453 alias
343 1393 466 1468 quidem
484 1401 566 1455 artes
582 1395 639 1454 sub
655 1393 789 1454 dominio
806 1391 906 1451 habet.
927 1407 995 1455 nam
1013 1389 1064 1450 cui
1076 1389 1149 1461 vita,

155 1476 198 1536 illi
213 1475 304 1536 vitam
329 1495 455 1553 quoque
473 1479 610 1539 ornantia
629 1478 781 1538 serviunt:
806 1483 939 1536 ceterum
961 1475 1000 1535 ad
1023 1474 1149 1534 beatum

111 1560 269 1622 aestatum
280 1562 385 1622 tendit.
407 1562 459 1623 illo
477 1563 575 1637 ducit,
594 1564 645 1624 illo
661 1562 728 1621 uias
744 1561 850 1635 aperit.
885 1559 968 1632 Quae
984 1558 1046 1618 sint
1058 1559 1149 1630 mala,

157 1661 238 1721 quae
260 1647 421 1708 videantur
437 1648 580 1707 ostendit.
607 1647 771 1706 vanitatem
793 1643 878 1704 exuit
898 1643 1063 1704 mentibus.
1097 1642 1151 1700 dat

155 1729 395 1803 magnitudinem
411 1732 557 1802 solidam,
585 1730 720 1791 inflatam
736 1746 809 1790 vero
826 1736 856 1787 et
872 1743 911 1787 ex
927 1728 1008 1786 inani
1025 1726 1149 1801 specio-

157 1829 224 1873 sam
238 1813 374 1887 reprimit
392 1831 449 1875 ncc
464 1815 597 1888 ignorari
612 1815 697 1885 sinit,
722 1814 799 1872 inter
814 1827 924 1886 magna
938 1811 1013 1884 quid
1028 1809 1152 1869 intersit

156 1903 187 1957 et
206 1898 331 1958 tumida.
363 1901 455 1958 totius
476 1908 602 1960 naturae
623 1899 759 1959 notitiam
781 1913 817 1956 ac
840 1911 915 1955 suae
937 1894 1039 1956 tradit.
1074 1893 1150 1968 quid

157 1980 218 2041 sint
241 1981 272 2040 di
293 1984 480 2058 qualesque,
505 1983 648 2042 declarat.
684 1983 757 2057 quid
781 1980 885 2054 inferi,
913 1980 988 2053 quid
1011 1979 1097 2038 lares
1122 1982 1152 2036 et

154 2065 252 2137 genii,
273 2065 356 2139 'quid
376 2067 406 2125 in
427 2066 596 2125 secundam
619 2067 776 2129 numinum
796 2068 923 2124 formam
941 2063 1061 2122 animae
1078 2077 1151 2136 per-

156 2155 283 2222 petuae,
307 2148 360 2208 ubi
376 2149 559 2222 consistant,
584 2149 658 2223 quid
680 2157 787 2224 agant,
811 2148 883 2223 quid
908 2147 1047 2223 possint,
1073 2145 1152 2220 quid

156 2230 260 2295 velint.
290 2231 373 2290 Haec
389 2232 456 2292 cius
473 2230 660 2292 initiamenta
674 2241 759 2305 sunt,
777 2248 832 2307 per
847 2247 926 2307 quae
942 2247 1002 2291 non
1019 2230 1152 2290 munici-

158 2314 227 2388 pale
243 2329 375 2386 sacrum,
394 2317 451 2375 sed
465 2316 574 2390 ingens
591 2317 718 2378 deorum
734 2317 867 2377 onmium
882 2316 1044 2390 templum,
1061 2331 1150 2374 mun·

156 2398 215 2457 dus
232 2398 309 2472 ipsc,
326 2407 488 2470 reseratur,
507 2400 594 2460 cuius
610 2416 685 2460 vera
700 2401 863 2460 simulacra
877 2415 1033 2474 verasque
1051 2397 1152 2458 iacies

157 2482 329 2543 cernendas
355 2483 506 2543 mentibus
540 2485 673 2558 protulit.
719 2502 788 2544 nam
817 2485 857 2544 ad
882 2483 1064 2559 spectacula,
1088 2491 1152 2542 tam

113 2571 266 2639 utmagna
287 2566 383 2626 hebes
405 2568 492 2627 visus
513 2577 592 2633 ast·
618 2570 668 2629 Ad
693 2570 778 2628 initia
803 2568 915 2627 deinde
940 2584 1044 2627 rerum
1069 2567 1154 2627 redit

156 2658 375 2726 aeternamque
394 2650 541 2712 rationem
563 2653 616 2713 toti
638 2654 762 2713 inditam
783 2659 813 2712 ct
828 2652 889 2710 vim
905 2653 1041 2713 omnium
1059 2651 1153 2711 semi-

157 2748 229 2792 num
252 2734 372 2808 singula
393 2735 519 2811 proprie
539 2737 730 2810 figurantem.
769 2743 831 2795 tum
859 2735 898 2794 de
919 2737 1022 2795 animo
1045 2734 1156 2810 coepit

156 2813 325 2888 inquirere,
341 2817 424 2876 unde
441 2824 539 2890 esset,
556 2819 624 2890 ubi,
643 2820 796 2894 quamdiu,
811 2818 842 2876 in
860 2826 934 2893 quot
950 2820 1093 2880 membra
1108 2821 1155 2879 di-

156 2895 253 2956 visus.
287 2899 399 2957 deinde
415 2916 433 2959 a
449 2900 632 2974 corporibus
655 2919 690 2962 se
712 2904 750 2962 ad
772 2903 979 2976 incorporalia
994 2904 1157 2964 transtulit

156 2981 377 3054 veritatemque
413 2990 443 3042 et
472 2993 652 3057 argumenta
684 2988 752 3047 eius
778 2987 924 3047 excussit.
967 2996 1043 3061 post
1071 2988 1156 3048 haec

157 3064 416 3135 quemadmodum
432 3066 679 3130 discernerentur
704 3071 786 3129 vitae
806 3077 858 3129 ant
881 3069 969 3130 vocis
992 3071 1156 3146 ambigua.

113 3147 187 3240 tuin
207 3154 336 3223 utraque
356 3148 436 3208 enim
458 3150 538 3212 laisa
560 3155 642 3214 veris
664 3154 790 3214 inmixta
808 3161 889 3213 sunt.
923 3153 990 3213 Non
1009 3154 1156 3229 abduxit,

156 3246 291 3304 mquam,
308 3248 351 3306 se,
367 3241 401 3293 ut
412 3233 580 3298 Posidonio
595 3238 725 3311 videtur,
744 3237 782 3297 ab
798 3237 865 3296 istis
880 3236 995 3297 artibus
1009 3239 1157 3313 sapiens,

157 3313 213 3372 sed
232 3314 271 3373 ad
289 3314 357 3376 illas
373 3319 495 3378 omnino
510 3337 571 3383 non
584 3321 677 3381 venit.
703 3321 776 3380 nihil
788 3319 868 3380 enim
881 3321 1008 3394 dignum
1020 3323 1158 3383 inventu

158 3393 341 3472 iudicasset,
360 3402 444 3476 quod
458 3418 520 3464 non
537 3411 602 3465 erat
617 3406 741 3479 dignum
758 3412 905 3479 perpetuo
922 3421 981 3464 usu
996 3405 1158 3467 iudicatu·

112 3485 217 3542 olrus.
248 3486 394 3556 ponenda
408 3501 470 3547 non
485 3495 629 3548 sumeret.
658 3488 876 3561 ,Anacharsis
893 3487 1005 3562 inquit,
1029 3492 1157 3552 invenit
