2422 3862
136 217 197 285 148
427 218 459 279 L.
480 219 627 280 ANNAEl
650 219 824 282 SENECAE

136 374 260 435 iniciunt
286 371 478 433 formidinem
503 372 653 432 mentibus
677 379 707 432 et
732 371 812 441 illas,
826 390 887 433 non
909 374 993 434 aliter
1017 387 1108 448 quam

94 464 128 521 32
135 457 276 519 animalia
291 457 413 532 species
429 457 555 531 periculi
569 457 690 531 agitant.
729 456 866 532 Utraque
883 473 934 518 ros
950 472 1023 532 ergo
1041 459 1108 518 sinc

137 558 231 603 causa
252 542 384 601 animum
410 546 440 600 et
461 538 603 601 diffundit
623 547 653 599 et
677 541 803 600 mordet.
839 557 896 601 nec
918 541 968 600 illa
985 543 1107 616 ,gaudio

136 641 193 687 nec
207 625 284 686 haec
299 632 381 685 metu
396 624 488 698 digna
503 633 562 684 est:
587 625 653 684 sola
667 623 742 684 ratio
758 623 942 685 inmutabilis
959 633 988 685 et
1005 626 1108 686 iudicii

135 718 227 770 tenax
242 716 297 769 est.
320 725 380 769 non
395 709 474 767 enim
489 708 596 782 servit,
618 708 675 767 sed
691 709 820 784 imperat
834 709 989 769 sensibus.
1018 711 1106 770 Ratio

136 793 245 855 rationi
259 810 316 868 par
330 799 391 865 est,
408 793 487 853 sicut
500 801 616 853 rectum
633 800 733 853 recto:
749 807 822 866 ergo
839 800 867 852 et
878 794 974 853 virtus
986 794 1106 871 [virtuti.

136 882 238 950 almas]
261 894 322 937 non
343 876 426 937 aliud
447 892 539 951 quam
558 882 641 936 rocta
661 876 737 937 ratio
759 884 815 936 est.
851 892 958 937 omnes
980 878 1106 938 virtutes

136 961 270 1022 rationes
297 969 380 1021 sunt:
409 961 543 1021 rationes
569 966 640 1020 suut
653 969 770 1022 rectae:
800 961 825 1021 si
846 967 948 1020 rectae
969 971 1055 1035 sunt,
1079 970 1107 1023 et

94 1052 226 1122 ddpares
246 1052 325 1106 sunt.
348 1044 451 1119 Qualis
466 1045 542 1106 ratio
560 1053 619 1117 εει,
636 1047 712 1105 tales
727 1053 757 1105 ει
770 1044 907 1105 actiones
923 1052 1011 1106 sunt:
1032 1062 1105 1122 ergo

137 1146 243 1191 ornnes
259 1144 349 1206 pares
365 1137 451 1190 sunt:
475 1145 543 1189 narn
559 1144 627 1189 cum
638 1129 752 1190 similes
763 1127 872 1189 rationi
890 1129 965 1202 sint,
991 1130 1104 1190 similes

136 1224 165 1276 et
179 1214 257 1274 inter
271 1230 305 1274 εε
321 1221 401 1274 sunt.
425 1229 514 1288 pares
530 1220 630 1273 autem
647 1212 784 1274 actiones
799 1213 876 1274 inter
891 1229 926 1272 se
941 1228 1013 1274 εεεε
1026 1215 1105 1287 dieo,

137 1299 208 1374 utria
223 1297 370 1358 honestae
385 1306 487 1358 rectae
505 1304 590 1357 sunt:
607 1306 739 1358 ceterum
753 1313 863 1372 magna
875 1296 1030 1359 habebunt
1045 1298 1105 1359 dis-

136 1383 260 1443 crimina
281 1383 415 1442 variante
440 1381 579 1454 matoria,
602 1397 681 1455 quac
701 1382 793 1442 modo
819 1382 907 1443 latior
927 1389 989 1453 est,
1012 1383 1105 1443 modo

135 1474 278 1542 angusta,
300 1467 392 1527 modo
409 1466 560 1538 inlustris,
580 1466 672 1525 modo
687 1467 843 1540 ignobilis,
864 1466 1012 1526 modoad
1030 1470 1104 1526 mul·

133 1559 182 1612 tos
200 1552 370 1628 pertinens,
395 1550 486 1610 modo
501 1549 682 1625 ad'paucos.
723 1551 750 1610 io
768 1550 908 1609 omnibus
923 1556 1024 1610 tamen
1039 1549 1105 1612 istis

91 1635 174 1708 aeid,
191 1637 273 1711 quod
294 1634 441 1711 optimum
457 1642 512 1706 est,
531 1641 662 1708 purast:
681 1633 829 1695 honestae
844 1644 924 1695 sunt.
951 1641 1106 1711 tamquam

133 1720 190 1779 viri
211 1719 282 1779 boni
299 1734 405 1780 omnes
421 1733 511 1792 pares
527 1726 612 1791 sunt,
637 1734 698 1792 qua
715 1718 787 1778 boni
804 1725 884 1779 sunt.
921 1718 978 1779 sed
993 1717 1106 1779 habent

134 1802 320 1865 differentias
336 1803 459 1864 aetatis:
483 1801 560 1863 alius
577 1802 754 1875 seniorem,
775 1802 853 1863 alius
868 1803 1017 1863 iuvenior.
1054 1803 1106 1863 ha-

132 1888 204 1948 bent
219 1888 373 1963 corporis:
397 1887 473 1946 alius
495 1887 664 1958 lorinosuS,
688 1887 765 1947 alius
788 1887 933 1948 deformis
950 1893 1008 1946 est.
1053 1887 1105 1947 ha·

132 1971 204 2032 beot
218 1972 370 2032 fortunae:
394 1972 443 2030 ille
459 1971 560 2038 divestg
584 1969 632 2029 hio
655 1986 773 2045 pauper
788 1977 848 2043 est,
871 1967 922 2030 'ille
940 1972 1104 2046 gratiosus,

133 2062 257 2131 potens,
280 2055 406 2115 urbibus
421 2063 511 2117 notus
532 2063 561 2134 et
576 2055 712 2129 populis,
735 2053 856 2128 ignotus
879 2055 928 2114 hic
950 2055 1105 2131 plerisque

15 2216 19 2221 ἢ
132 2145 163 2198 ει
177 2138 337 2199 obs-curus.
374 2138 431 2198 sed
453 2154 508 2217 per
527 2138 615 2210 illud,
639 2155 699 2213 quo
718 2139 789 2198 boni
808 2147 892 2214 sunt,
917 2155 1009 2214 pares
1025 2148 1103 2199 sunt.

90 2221 176 2282 dolie
203 2222 291 2282 bonis
317 2238 354 2282 ac
381 2221 468 2282 malis
493 2237 605 2282 sensus
633 2239 693 2282 non
715 2222 842 2284 iudicat:
867 2223 941 2298 quid
963 2224 1036 2284 utile
1057 2226 1104 2296 sit,

132 2304 207 2381 quid
228 2305 341 2380 inutile,
363 2307 490 2381 ignorat.
526 2322 586 2365 non
608 2313 709 2381 potest
729 2307 809 2367 ferre
825 2307 1023 2379 sententiam,
1046 2309 1104 2368 nisi

131 2391 160 2450 in
184 2406 247 2450 rem
270 2397 462 2466 praesentem
482 2391 649 2466 perductus
671 2399 727 2451 est.
761 2407 817 2451 nec
840 2392 930 2452 laturi
954 2392 1103 2467 providus

130 2483 177 2536 est
201 2492 258 2536 nec
274 2476 426 2550 praeteriti
448 2490 579 2534 memor:
602 2473 677 2549 quid
704 2477 742 2535 sit
764 2491 970 2551 consequens,
996 2478 1103 2537 nescit.

130 2576 167 2620 ex
182 2560 242 2620 hoe
259 2569 357 2621 autem
374 2575 474 2620 rerum
495 2559 571 2618 ordo
593 2558 753 2634 seriesque
774 2561 945 2620 contexitur
959 2568 990 2622 et
1003 2562 1102 2622 unitas

128 2645 209 2704 vitae
230 2660 285 2720 per
304 2651 420 2704 rectum
442 2644 534 2704 itura:
556 2642 633 2703 ratio
659 2659 733 2718 ergo
757 2644 867 2705 arbitra
888 2653 936 2705 est
952 2644 1103 2707 bonorum

130 2744 166 2787 ac
182 2729 343 2788 malorum:
373 2726 473 2787 aliena
493 2735 524 2786 et
544 2733 669 2787 externa
691 2745 747 2802 pro
769 2728 878 2789 vilibus
897 2729 990 2790 habet
1010 2738 1040 2790 ει
1058 2747 1102 2803 ea,

131 2827 211 2886 quae
227 2827 328 2886 noque
342 2810 424 2871 bona
439 2817 511 2872 suut
525 2826 626 2886 neque
641 2813 733 2886 mala,
750 2813 948 2874 accessiones
963 2813 1102 2874 minimas

130 2910 166 2955 ac
186 2895 359 2954 levissimas
381 2894 503 2955 iudicat.
540 2911 629 2955 omne
655 2895 734 2956 enim
758 2896 800 2957 illi
820 2895 935 2959 bonum
955 2899 1101 2959 inanimo

90 2981 189 3038 idest:
227 2984 360 3038 ceterum
379 2977 461 3039 bona
482 2979 633 3054 quaedam
656 2981 752 3056 prima
774 2981 939 3058 existimat,
961 2982 1002 3043 ad
1025 2999 1102 3060 quae

130 3078 169 3121 ex
184 3063 343 3137 proposito
364 3064 459 3136 venit,
482 3072 638 3138 tamquam
659 3066 831 3140 victoriam,
854 3067 953 3128 bonos
980 3066 1102 3141 liberos,

130 3146 258 3206 salutem
272 3147 398 3222 patriae.
435 3148 587 3223 quaedam
603 3151 754 3223 secunda,
784 3167 862 3227 quae
878 3168 939 3212 nou
955 3152 1103 3227 adparent

130 3228 187 3289 uisi
205 3230 234 3289 in
249 3232 340 3291 rebus
358 3231 514 3305 adversis,
545 3240 698 3309 tamquam
713 3250 813 3310 aequo
829 3234 930 3297 animo
947 3237 1009 3311 pati
1023 3252 1101 3297 mor·

130 3314 200 3372 bum
224 3330 381 3390 magnum,
409 3315 543 3378 exilium.
583 3319 733 3392 quaedam
760 3319 875 3394 media,
906 3336 986 3396 quae
1009 3321 1101 3382 nihilo

128 3399 224 3473 inagis
250 3401 419 3461 secundum
445 3409 582 3461 naturam
607 3409 678 3462 sunt
703 3419 794 3478 quam
821 3411 926 3466 contra
953 3413 1100 3478 naturam,

105 3485 271 3555 ‘carnonam
291 3485 467 3560 prudenter
490 3485 665 3563 ambulare,
698 3487 858 3564 conposite
884 3489 1004 3549 sedero.
1041 3506 1100 3550 non
