2422 3862
229 229 401 291 EPISTUL.
415 229 509 290 MOR.
532 230 604 290 LIB.
616 229 695 290 VIII.
716 230 772 289 ΕΡ.
785 241 810 292 1.
831 237 902 306 (lo.)
1006 235 1066 298 lot

94 384 278 445 neminem
290 389 409 442 tenet.
452 382 540 442 Bono
556 381 625 442 loeo
640 399 692 443 res
709 382 860 444 humanae
875 395 958 458 sunt,
983 390 1066 463 quad

47 496 50 525 l
94 465 257 528 nemonisi
273 465 418 527 vitiosuo
435 466 599 526 miserest.
619 466 736 527 Placet
757 465 837 528 vive.
873 485 933 530 non
951 471 1065 547 placet·

47 598 49 607 .
92 553 212 613 lieeteo
227 550 357 620 reverti,
379 547 462 609 unde
484 549 603 610 venisti
638 549 678 610 Ut
698 550 836 612 dolorem
857 554 966 628 capitis
984 556 1107 617 leva-16

47 660 49 675 =
92 652 154 708 res,
178 631 364 709 sanguinem
379 648 476 708 saepe
490 633 608 693 misisti.
653 632 692 692 ad
707 636 931 697 extenuandum
954 654 1065 715 corpus

91 735 169 780 vena
190 717 369 794 percutitur.
412 732 475 778 non
496 731 574 792 opus
596 723 643 776 est
667 724 756 778 vasto
778 720 904 781 volnere
929 721 1066 784 dividere

93 801 290 879 praecordia=
314 800 462 874 scalpello
477 802 612 875 aperitur
633 799 673 858 ad
694 802 774 860 illam
790 819 931 879 magnam
945 805 1061 868 liberta·

94 895 150 948 tem
164 888 217 946 via
230 893 262 945 et
274 892 388 961 puncto
404 884 552 944 securitas
568 890 697 944 constat.
728 884 805 958 Quid
822 903 894 962 ergo
909 897 965 964 est,
982 892 1066 965 quod

95 987 149 1033 nos
163 969 238 1030 tacit
251 969 358 1045 pigros
373 968 572 1043 inertesquer
592 983 681 1028 nemo
696 977 832 1029 nostrum
849 974 960 1047 cogitat
970 991 1064 1050 quan·

95 1055 195 1131 doque
209 1051 270 1114 sibi
290 1068 330 1112 ex
344 1052 405 1112 hoc
420 1051 573 1112 domicilio
595 1052 784 1113 exeundum:
813 1054 859 1116 sic
878 1064 998 1119 veteres
1020 1059 1064 1119 in·

97 1137 225 1213 quiliaos
247 1134 435 1210 indulgentia
454 1135 514 1196 loci
535 1141 566 1194 et
582 1138 773 1197 cousuetudo
788 1139 877 1199 etiam
898 1141 975 1201 inter
989 1142 1060 1204 iniu-

96 1223 152 1284 rias
167 1220 299 1282 detinet·
336 1220 393 1280 Vis
414 1220 565 1281 adversus
585 1219 644 1280 hoc
661 1236 775 1296 corpus
791 1220 866 1281 liber
880 1232 973 1284 esset
992 1233 1065 1286 tam·
1073 1232 1106 1288 17

97 1322 181 1383 quam
203 1304 387 1379 migraturus
407 1303 517 1363 habita.
563 1319 703 1380 propone
728 1305 782 1365 tibi
804 1307 990 1383 quandoque
1007 1309 1066 1371 hoc

98 1387 293 1450 contubernio
308 1387 487 1449 carendum:
511 1386 618 1448 lortior
631 1387 692 1449 eris
710 1388 748 1448 ad
765 1391 978 1451 necessitatem
993 1409 1065 1453 exe·

98 1474 175 1535 uadi.
220 1472 277 1533 sed
300 1470 556 1547 quemadmodum
577 1488 653 1532 suus
674 1472 743 1531 finis
764 1472 866 1532 veniet
885 1473 915 1532 in
935 1484 1065 1536 mentem

97 1559 194 1619 omnia
209 1557 278 1617 sine
292 1555 352 1639 line
368 1555 680 1630 concupiscentibus?
699 1555 853 1616 Nullius
872 1557 928 1616 rei
949 1559 1108 1619 medi-18

97 1643 187 1703 tatio
209 1649 283 1701 tarn
305 1639 537 1699 necessaria
558 1646 626 1700 est.
659 1640 718 1698 alia
737 1639 816 1698 enim
833 1641 963 1700 tortasse
978 1656 1064 1700 exer·

96 1732 199 1787 cantur
212 1725 243 1784 in
260 1738 494 1800 supervacuum.
539 1724 688 1784 adversus
711 1730 919 1797 paupertatem
937 1739 1064 1799 praepa-

96 1819 174 1871 ratus
197 1814 246 1869 est
265 1807 398 1868 animum
422 1821 618 1883 permansere
638 1805 770 1867 divitiae.
806 1806 846 1865 ad
862 1815 1065 1883 contemptum

95 1911 149 1957 nos
165 1891 285 1955 doloris
305 1891 504 1953 armavimus:
527 1906 691 1964 numquam
715 1907 733 1949 a
753 1890 841 1950 nobis
858 1891 959 1966 exegit
974 1891 1064 1952 huius

95 1978 209 2040 virtutis
234 1975 474 2052 experimentum
496 1975 603 2050 lntegri
622 1989 658 2034 ac
680 1975 745 2034 sani
768 1974 893 2036 felicitas
913 1977 1065 2052 corporis.

95 2069 125 2124 ut
142 2060 262 2123 fortiter
279 2060 461 2120 amissorum
485 2066 656 2135 pateremur
678 2057 832 2119 desideria
851 2060 1064 2135 praecepimus

96 2145 198 2207 nobIs=
221 2159 344 2218 omnes,
368 2159 447 2218 quos
463 2143 655 2215 amabamus,
671 2143 852 2217 superstites
868 2144 988 2209 fortuna
1001 2160 1064 2205 ser·

95 2230 192 2290 navit:
215 2228 306 2289 halus
321 2228 411 2287 unius
426 2228 470 2287 rei
487 2242 575 2289 usum
592 2228 643 2302 qui
658 2228 760 2302 exigat
773 2227 840 2289 dies
857 2229 965 2290 veniet.
986 2230 1107 2295 Non19

95 2323 150 2375 est
176 2311 281 2389 quod
302 2312 508 2372 existimes
530 2310 676 2386 magnis
702 2319 848 2372 tantum
871 2313 969 2374 viris
994 2313 1065 2373 hoc

96 2398 214 2460 robur
240 2396 383 2468 luisse,
415 2411 489 2469 quo
516 2395 720 2456 servitutis
745 2397 934 2457 humanae
960 2398 1065 2456 clau·

96 2490 176 2542 stra
192 2487 497 2557 perrumperent.
542 2495 601 2541 non
624 2487 671 2538 est
688 2481 772 2554 quod
788 2479 905 2540 iudices
927 2480 986 2540 hcc
1000 2480 1066 2538 fleri

95 2567 151 2626 nisi
172 2581 192 2624 a
212 2563 327 2624 Catone
347 2578 408 2623 non
429 2578 539 2637 posse,
562 2562 725 2638 quiquam
746 2566 826 2624 lerro
848 2580 909 2623 non
924 2564 1066 2623 emiserat

96 2651 226 2710 animam
240 2663 332 2707 manu
346 2647 495 2707 extraxit:
515 2652 607 2720 [cum]
624 2646 841 2708 vilissimae
864 2647 984 2707 sortis
998 2646 1064 2708 ho-

96 2735 216 2794 mines
254 2731 404 2806 ingenti
446 2728 582 2807 inpetu
618 2731 653 2789 in
688 2739 808 2793 tutum
842 2741 1065 2804 evaserant,

96 2831 260 2893 cumque
275 2814 474 2876 commodo
489 2814 584 2875 mori
600 2830 671 2874 non
692 2813 875 2875 licuIssct
893 2829 950 2875 nec
964 2816 1004 2875 ad
1018 2831 1065 2876 ar-

96 2901 216 2962 bitrium
231 2915 322 2960 suum
336 2899 536 2959 instrumenta
550 2899 656 2959 mortis
671 2900 798 2975 eligere,
821 2899 934 2959 obvia
949 2916 1065 2975 quac-

96 2990 558 3061 querapueruntetquae
578 2991 803 3043 naturanon
820 2986 1066 3058 erantnoxia,

95 3070 129 3129 vi
153 3085 225 3131 sua
244 3069 324 3141 tela
350 3066 539 3127 lecerunt.
581 3067 685 3141 Nuper
705 3065 735 3126 in
756 3068 828 3128 ludo
855 3068 1109 3136 bestiariorumao

95 3170 171 3215 unus
196 3169 214 3213 e
237 3148 412 3223 Germanis,
435 3164 504 3211 cum
527 3150 568 3211 ad
584 3148 729 3212 matutina
748 3154 924 3227 spectacula
944 3169 1065 3228 parare·

94 3246 154 3309 tur,
179 3233 313 3296 secessit
330 3234 371 3295 ad
392 3235 619 3297 exonerandum
637 3251 767 3311 corpus=
788 3237 904 3298 nullum
923 3237 1006 3298 aliud
1025 3237 1067 3296 illi

95 3321 224 3382 dabatur
245 3320 312 3380 sina
333 3317 463 3379 custode
483 3327 648 3380 secretum:
669 3319 710 3379 ibi
730 3321 843 3398 lignum
865 3321 912 3396 id,
928 3322 1012 3397 quod
1028 3320 1065 3379 ad

95 3403 288 3464 emundanda
308 3403 466 3463 obscoena
486 3403 670 3466 adhaerente
695 3407 827 3482 spongia
852 3406 986 3482 positum
1010 3411 1071 3476 est,

95 3495 187 3550 totum
203 3488 233 3547 ln
246 3488 348 3560 gulam
361 3485 448 3547 larsit
462 3493 492 3547 et
506 3489 562 3563 [vi]
578 3489 755 3569 praeclusis
775 3492 926 3556 laticibus
940 3489 1094 3567 spiritum

125 3588 224 3625 sennen
242 3588 310 3627 rme.
329 3574 375 3658 ΙΙΙ,
895 3587 936 3642 n
