2422 3862
135 240 146 259 ’
200 260 374 324 urrsrun.
390 261 484 323 noa
506 261 642 323 maru.
664 263 761 328 aaa
774 272 801 327 a.
823 269 949 338 (asar.)
1039 263 1081 328 ra

102 434 176 490 mus,
196 416 279 477 sicut
294 415 432 477 feruntur
443 429 550 477 omncs
564 415 602 474 ad
615 416 882 479 conservationem
893 417 951 478 sui.
982 419 1107 480 Nemob

101 501 198 576 discit,
219 509 269 574 ut,
290 498 318 560 si
331 513 463 561 necesse
477 500 581 572 luerit,
601 515 701 575 aequo
715 499 816 565 animo
830 503 860 563 in
875 518 950 564 rosa
964 501 1078 565 iaceat:

99 587 193 648 sedin
208 584 272 648 boc
287 584 423 657 duratur,
445 592 478 647 ut
492 584 651 648 tormentis
667 601 730 647 non
742 585 898 648 submittat
912 587 1020 659 tidem,
1036 596 1078 663 ut,
1108 656 1112 665 ¹

99 673 121 732 si
137 685 270 731 necesse
285 669 390 743 luerit,
412 674 497 729 mans
509 668 598 729 etiam
611 668 778 744 aliquando
791 671 916 734 saucius
929 673 1078 748 provallo

97 755 256 832 pervigilet
276 761 306 814 et
327 769 366 813 ne
386 752 448 828 pilo
467 753 590 828 quidem
610 751 779 829 incumbat,
802 755 875 831 quia
896 759 975 817 solet
989 756 1078 816 obre-

96 855 165 916 pere
184 838 308 899 interim
330 853 458 898 somnus
478 836 508 897 in
530 837 657 913 aliquod
676 837 893 900 adminiculum
910 839 1076 901 reclinatis.

94 926 173 986 Mors
186 924 306 984 nullum
317 921 410 983 habet
420 922 662 984 incommodumz
677 938 749 985 esse
761 924 840 984 enim
852 925 944 987 debet
955 924 1075 1002 aliquis,

95 1010 179 1071 cuius
203 1008 245 1069 sit
267 1006 503 1070 Incommodum.
545 1007 682 1081 Quodsi
704 1015 786 1068 tanta
800 1009 952 1085 cupiditas
966 1017 996 1070 te
1012 1009 1120 1074 lon-lt)

94 1093 185 1170 gioris
213 1093 284 1153 aevi
307 1098 407 1164 tenet,
433 1091 534 1166 cogita
559 1090 634 1151 nihil
659 1108 780 1167 eorum,
810 1110 889 1167 quae
915 1094 953 1154 ab
979 1094 1076 1156 ocuIIs

93 1178 206 1239 abeunt
226 1184 258 1237 et
278 1175 309 1237 in
329 1191 431 1236 rerum
452 1183 611 1250 naturam,
628 1191 667 1237 ex
683 1193 744 1252 qua
758 1178 938 1252 prodierunt
953 1193 990 1238 ac
1004 1194 1076 1240 mox

92 1277 281 1338 processura
302 1268 388 1334 sunt,
412 1260 638 1335 reconduntur,
661 1263 816 1323 consumis
844 1263 988 1324 desinunt
1008 1261 1075 1335 ista,

92 1363 151 1408 non
173 1353 315 1423 pereunt.
348 1352 378 1408 et
397 1360 497 1418 mors,
521 1360 613 1420 quam
634 1345 877 1421 pertimescimus
900 1363 936 1408 ac
950 1363 1084 1408 recusa.

92 1449 175 1506 mus,
204 1429 372 1492 intermittit
393 1429 499 1503 vitam,
527 1445 588 1489 non
610 1431 716 1506 eripit=
745 1431 848 1491 veniet
872 1432 994 1504 iterum,
1023 1432 1076 1507 qui

91 1533 148 1577 nos
169 1517 199 1576 in
222 1518 323 1576 lucem
344 1521 476 1590 reponat
489 1512 572 1587 dies,
596 1529 688 1588 quem
703 1516 786 1575 multi
801 1522 994 1588 recusarent,
1018 1516 1077 1576 nisi

93 1602 209 1662 oblitos
224 1600 398 1660 reduceret.
435 1597 498 1659 Sed
513 1605 623 1673 postea
639 1599 813 1674 diligentius
829 1599 948 1660 docebo
965 1600 1075 1672 omnia,
1085 1613 1117 1665 11

93 1702 170 1762 quae
191 1685 336 1745 videntur
353 1685 470 1759 perire,
492 1683 612 1743 mutari.
646 1687 758 1758 Aequo
773 1685 875 1744 animo
891 1683 983 1743 debet
997 1685 1076 1743 redi·

91 1779 175 1832 turus
191 1768 288 1831 exire.
315 1768 449 1829 observa
464 1767 569 1828 orbem
583 1782 685 1828 rerum
700 1768 730 1826 in
746 1783 781 1827 se
795 1766 1010 1828 remeantium:
1033 1767 1076 1827 vi-

92 1856 179 1916 debis
201 1853 277 1914 ninii
296 1853 327 1912 in
342 1853 404 1913 hoc
417 1852 532 1913 mundo
547 1852 716 1926 exstingui,
740 1852 796 1912 sed
811 1851 930 1912 vicibus
945 1851 1085 1917 descen.

92 1941 163 2000 dere
186 1955 223 1999 ac
244 1953 387 2013 surgere:
415 1943 520 1997 aestas
536 1935 624 2008 abiit,
649 1935 705 1995 sed
720 1937 796 1995 alter
809 1936 890 1995 illam
906 1952 1005 1996 annus
1022 1937 1075 1996 ad-

92 2025 192 2086 ducet.
225 2022 325 2083 hiems
346 2021 471 2094 cecidit,
498 2021 632 2080 celerent
651 2020 731 2079 illam
750 2015 797 2080 sui
812 2035 945 2081 menses.
978 2022 1076 2082 solem

92 2125 153 2169 nox
173 2108 290 2181 obruit,
320 2107 378 2168 sed
398 2107 498 2181 ipsam
513 2105 612 2165 statim
628 2104 697 2164 nias
712 2103 821 2180 abiget.
848 2106 1002 2166 stellarum
1017 2105 1075 2167 iste

92 2193 255 2254 discursus
278 2187 600 2269 quioquidpraeteriit
619 2188 744 2264 repetit:
767 2205 841 2264 pars
862 2191 940 2250 coeli
958 2192 1075 2252 levatur

93 2278 239 2349 adsidue,
268 2292 342 2352 pars
364 2275 517 2350 mergitur.
552 2274 691 2348 Denique
713 2273 805 2333 finem
827 2275 950 2348 laciam,
975 2275 1001 2336 si
1016 2274 1117 2344 hoo1a

91 2379 185 2422 unum
199 2361 354 2434 adiecero,
372 2375 429 2420 nec
441 2359 572 2419 inlantes
585 2374 641 2418 nec
657 2373 772 2432 pueros
785 2374 841 2418 nec
855 2367 954 2420 mente
967 2360 1074 2434 lapsos

90 2448 197 2508 timere
217 2454 346 2507 mortem
366 2451 397 2504 et
416 2458 488 2504 esse
508 2441 733 2518 turpissimum,
756 2443 865 2503 sicam
881 2441 1074 2504 securitatem

92 2532 182 2591 nobis
194 2530 272 2590 rabo
284 2545 344 2590 non
357 2534 506 2604 praestat,
522 2527 562 2587 ad
576 2543 668 2603 quarn
680 2525 804 2587 stultitia
816 2527 964 2602 perducit.
986 2526 1073 2585 Vale.

373 2664 592 2724 EPISTULA
617 2664 689 2720 VIII.
719 2666 790 2735 (37.)

345 2759 456 2817 SENEGA
475 2762 587 2813 Lucano
608 2772 659 2811 suo
678 2772 816 2813 suoram.

156 2864 245 2939 Quod
260 2865 426 2926 maximum
440 2864 596 2924 vinculum
609 2871 657 2925 est
671 2864 709 2924 ad
722 2865 833 2925 bonam
845 2871 986 2936 mentem,
1006 2880 1073 2939 pro·
1089 2872 1102 2922 1

92 2947 200 3010 misisti
213 2949 312 3010 virum
332 2949 461 3010 bonum:
489 2957 680 3009 sacramento
695 2955 823 3024 rogatus
838 2965 883 3008 es.
919 2947 1076 3009 Deridebit

92 3043 135 3106 te,
160 3034 187 3094 si
209 3034 280 3109 quis
301 3031 355 3094 tibi
375 3032 486 3093 dixerit
507 3033 628 3092 mollem
650 3049 722 3094 esse
743 3032 879 3092 militiam
893 3039 924 3092 et
937 3031 1073 3092 facilem:

92 3118 162 3178 nolo
181 3125 212 3178 te
228 3117 345 3192 decipi=
369 3117 477 3177 eadem
493 3115 702 3178 honestissImi
717 3117 807 3177 huius
822 3125 853 3177 et
865 3115 946 3177 illius
961 3117 1074 3191 turpis-

93 3203 159 3263 simi
180 3202 402 3263 auctoramenti
422 3202 517 3262 verba
536 3209 622 3263 sunta
654 3202 748 3276 ,‚uri,
776 3202 920 3260 vinciri
949 3201 1074 3261 ferro-

93 3302 165 3363 que
181 3286 347 3347 necari.“
380 3286 429 3345 Ab
439 3284 502 3360 his,
519 3286 571 3361 qui
584 3302 693 3346 manus
705 3302 816 3346 arenae
827 3288 929 3346 locant
940 3292 969 3344 et
981 3285 1104 3345 edunta

92 3388 128 3432 ac
143 3369 265 3446 bibam,
287 3385 372 3446 quae·
384 3385 439 3445 per
454 3370 632 3446 sanguinem
648 3371 791 3443 reddant,
815 3377 947 3442 cavetur,
969 3376 1003 3429 ut
1017 3369 1075 3428 ista

92 3457 142 3516 vel
163 3455 253 3517 iuviti·
272 3455 440 3531 patiantur:
469 3463 550 3530 ate,
572 3463 606 3516 ua
625 3455 734 3515 velens
754 3454 916 3530 libensque
937 3451 1074 3528 patiaris.
1167 3497 1170 3503 .

91 3539 151 3601 illis
161 3538 235 3601 lieet
245 3553 333 3600 arma
344 3538 529 3616 submittere,
544 3538 784 3602 misericordiam
795 3538 902 3614 populi
913 3542 1073 3611 temptaret
