2422 3862
282 233 309 288 L.
321 234 460 290 ANNAEI
477 234 642 293 SENECAE
658 235 892 292 FRAGMENTA.
1013 232 1077 297 419

96 386 148 439 mis
161 388 304 443 sententiis
317 403 374 442 non
389 387 535 458 fregisset,
551 403 692 443 consensu
702 388 796 459 potius
808 389 979 445 eruditorum
991 406 1075 462 quam

94 485 248 540 puerorum
263 487 359 526 amore
377 473 616 542 comprobaretur.
647 472 753 526 Verum
771 473 811 526 sic
831 488 943 545 quoque
958 471 1013 529 iam
1029 490 1075 529 ro·
1134 473 1138 477 ’

93 554 182 608 bustis
200 561 227 608 et
249 555 392 610 severiore
416 570 522 626 genere
545 556 612 610 satis
635 555 751 610 firmatis
774 556 913 626 legendus
932 557 979 613 vel
1000 556 1075 627 ideo,

95 637 171 706 quod
187 653 320 694 exercere
336 644 428 710 potest
444 639 580 709 utrimque
595 640 736 696 iudicIum.
754 640 840 695 multa
852 641 944 709 enirn,
964 645 993 695 ut
1008 640 1074 709 dixi,
1096 668 1099 672 Δ

93 721 241 792 probanda
260 723 289 777 in
309 739 360 791 eo,
380 723 466 777 mulla
488 723 570 778 etiam
584 722 750 779 admiranda
767 729 843 778 sante
867 725 972 796 eligere
989 723 1074 778 modo

95 822 179 860 curae
197 806 246 871 sit,
262 806 339 876 quod
357 806 461 861 utinam
475 808 538 877 ipse
553 807 674 862 lecisset.
700 807 787 881 digna
809 809 882 864 enim
900 808 949 863 luit
963 808 1009 863 illa
1023 822 1074 861 na-

93 896 170 956 tura,
188 905 260 959 quae
279 890 395 944 meliora
409 891 509 955 vellet,
533 906 606 960 quae
622 891 698 961 quod
712 892 814 962 voluit,
832 891 933 947 effecit.

464 1011 496 1064 ΙΙ.
521 1008 695 1065 CARMINA.

155 1111 227 1166 Plin.
247 1114 325 1183 epist.
345 1111 381 1174 V,
401 1113 427 1169 3.
456 1112 539 1167 Facio
554 1128 763 1183 nonnumquam
783 1114 993 1169 versiculos
1017 1123 1105 1170 aaa

94 1212 205 1251 veros
220 1211 345 1267 parum
358 1224 409 1248 —.
438 1211 475 1250 an
491 1212 545 1267 ego
559 1212 676 1265 vereor,
700 1212 735 1251 ue
751 1212 796 1251 me
810 1213 867 1251 uon
881 1199 948 1252 satis
967 1198 1073 1262 deceat,

94 1279 170 1349 quod
188 1279 281 1334 decuit
295 1278 332 1338 M.
348 1278 480 1348 Tullium,
496 1277 526 1334 G.
544 1278 660 1336 Calvum
673 1280 877 1336 -Annaeum
892 1279 1030 1337 Senecam
1046 1288 1074 1336 et

92 1363 220 1434 proxime
238 1363 403 1434 Verginium
416 1361 541 1417 Rufum?

159 1447 224 1503 Tac.
232 1447 304 1506 Ann.
318 1445 368 1502 XI
372 1446 402 1513 V
414 1463 439 1503 c
452 1452 494 1504 52.
525 1447 602 1502 Mors
614 1446 748 1500 Burri'l
707 1462 734 1499 m
736 1448 819 1518 fregit
830 1445 957 1503 Senecae
972 1456 1071 1520 poten-
1084 1457 1102 1509 3

94 1530 219 1586 tiam—
233 1531 309 1586 Nero
326 1531 363 1586 ad
379 1531 533 1587 deteriores
549 1531 706 1587 inclinabat.
728 1528 758 1584 hi
773 1531 860 1586 variis
875 1531 1072 1586 criminationi-

94 1617 146 1670 bus
168 1613 306 1672 Senecam
329 1614 501 1675 adoriuntur
526 1643 570 1655 --
599 1609 762 1669 obiciebant
788 1613 871 1669 etiam
896 1615 1072 1687 eloquentiae

94 1698 207 1771 laudem
229 1699 276 1753 uni
296 1699 348 1754 sibi
373 1699 534 1756 adsciscere
559 1705 586 1755 et
605 1697 765 1755 carmina
791 1698 916 1752 crebrius
939 1699 1072 1768 laclitare,

93 1788 242 1854 postquam
257 1781 362 1838 Neroni
378 1799 458 1838 amor
473 1800 570 1838 eorum
584 1785 718 1840 venisset.
1119 1774 1121 1778 ’

156 1866 294 1922 Priscian.
307 1867 349 1922 lib.
369 1865 434 1922 VII.
443 1885 475 1938 p.
489 1871 549 1925 759.
562 1869 604 1922 ed.
616 1865 731 1922 Pataclr.
754 1862 865 1920 Seneca
880 1864 1010 1922 Ovidium
1025 1881 1070 1920 se·
1084 1875 1102 1928 4

96 1967 200 2020 quens.

210 2034 399 2107 „Gausapa
377 2034 546 2105 asumpsit,
568 2049 697 2105 gausapa
713 2039 822 2104 sumpta
837 2034 955 2104 proba.“
1001 2054 1003 2057 ·

348 2156 393 2210 III.
413 2155 459 2210 DE
480 2154 581 2210 MOTU
602 2153 811 2212 TERRARUM.

157 2259 220 2315 Sea.
232 2266 289 2316 not.
301 2265 416 2332 quaesti.
434 2259 489 2330 VI,
501 2277 525 2317 c.
539 2264 572 2331 4,
589 2264 615 2319 ἢ.
637 2261 821 2332 Inspiciamus
838 2275 922 2331 ergo,
944 2258 1011 2330 quid
1029 2259 1102 2327 sit‚5

93 2350 209 2413 propter
229 2343 305 2413 quod
318 2342 390 2399 haec
405 2344 548 2399 accidant:
565 2359 683 2415 quorum
700 2345 772 2400 adeo
790 2348 832 2399 est
845 2342 913 2398 mihi
928 2342 1017 2397 dulcis
1029 2342 1071 2396 iu-

93 2426 215 2497 speciio,
229 2433 258 2480 ul
273 2427 400 2495 quamvis
417 2427 567 2497 aliquando
590 2427 632 2483 de
655 2433 749 2483 motu
767 2432 947 2482 terrarum
966 2426 1070 2482 volu-

93 2525 171 2564 men
190 2508 327 2564 ediderim
344 2510 470 2578 iuvenis‚
493 2516 587 2564 tamen
606 2517 743 2581 temptare
765 2525 810 2564 me
827 2509 964 2565 voluerim
979 2513 1006 2562 et
1021 2522 1070 2562 ex-

92 2594 194 2665 periri,
215 2609 251 2647 an
273 2599 350 2648 aetas
366 2592 470 2662 aliquid
488 2592 568 2647 nobis
583 2598 629 2647 aut
650 2592 687 2648 ad
709 2593 853 2648 scientiam
875 2596 923 2645 aut
944 2595 1019 2645 certe
1034 2590 1071 2645 ad

94 2677 265 2749 diligentiam
284 2675 427 2732 adiecerit.

341 2796 388 2853 IV.
421 2795 467 2851 DE
486 2794 643 2852 LAPlDUNl
664 2791 822 2850 NATURA.

155 2896 463 2954 praenotabatur.
491 2897 573 2952 Libro
587 2895 713 2952 XXXVI.
730 2895 904 2951 continentur
921 2899 1069 2950 naturae
1082 2892 1099 2946 6
1121 2957 1123 2961 ἲ

92 2984 150 3053 lap
161 2982 254 3036 idum
271 3011 313 3022 -
329 2999 364 3037 ex
381 2983 540 3039 auctoribus
557 2980 593 3035 M.
609 2981 737 3036 Varrone
748 3008 791 3020 -
804 3007 848 3020 -
865 2979 1004 3048 Fabiano,
1016 2977 1069 3034 Se-

93 3081 177 3131 neca,
196 3065 300 3123 Catone
317 3068 464 3136 censorio,
482 3066 616 3122 Vitruvio.

361 3209 394 3265 V.
414 3207 460 3263 DE
479 3205 623 3264 PISCIUM
644 3205 803 3262 NATURA.

152 3313 225 3369 Plio.
243 3324 300 3372 nat.
318 3314 379 3371 bist.
397 3314 440 3370 rra
454 3321 480 3373 1.
511 3315 593 3370 Libro
609 3311 656 3369 lX.
674 3314 828 3370 continetur
843 3313 1003 3384 aquatilium
1020 3310 1100 3366 nal

93 3403 154 3452 tura
170 3425 213 3436 -
228 3415 263 3453 ex
285 3394 443 3456 auctoribus
458 3398 595 3455 Turranio
613 3398 715 3454 Gracili
733 3430 776 3442 -
792 3396 930 3468 Melissa,
948 3395 1080 3452 Seneea„

94 3479 228 3536 Cicerone
243 3510 299 3536 -.

890 3549 953 3613 aa*
