<?xml version="1.0" encoding="UTF-8"?>
<!DOCTYPE html PUBLIC "-//W3C//DTD XHTML 1.0 Transitional//EN"
    "http://www.w3.org/TR/xhtml1/DTD/xhtml1-transitional.dtd">
<html xmlns="http://www.w3.org/1999/xhtml" xml:lang="en" lang="en">
 <head>
  <title>
</title>
<meta http-equiv="Content-Type" content="text/html;charset=utf-8" />
  <meta name='ocr-system' content='tesseract 3.04.00' />
  <meta name='ocr-capabilities' content='ocr_page ocr_carea ocr_par ocr_line ocrx_word'/>
</head>
<body>
  <div class='ocr_page' id='page_1' title='image "./lannaeisenecaeo06senegoog_0170.png"; bbox 0 0 2422 3862; ppageno 0'>
   <div class='ocr_carea' id='block_1_1' title="bbox 195 249 1073 328">
    <p class='ocr_par' dir='ltr' id='par_1_1' title="bbox 195 249 1073 328">
     <span class='ocr_line' id='line_1_1' title="bbox 195 249 1073 328; baseline 0.005 -16"><span class='ocrx_word' id='word_1_1' title='bbox 195 249 368 313; x_wconf 77' lang='lat' dir='ltr'><strong>nrtsrut.</strong></span> <span class='ocrx_word' id='word_1_2' title='bbox 383 251 475 312; x_wconf 86' lang='lat' dir='ltr'><strong>noa.</strong></span> <span class='ocrx_word' id='word_1_3' title='bbox 496 253 568 311; x_wconf 83' lang='lat' dir='ltr'><strong>nto.</strong></span> <span class='ocrx_word' id='word_1_4' title='bbox 584 253 648 310; x_wconf 87' lang='lat' dir='ltr'><strong>vn.</strong></span> <span class='ocrx_word' id='word_1_5' title='bbox 670 251 726 328; x_wconf 77' lang='lat' dir='ltr'><strong>ap.</strong></span> <span class='ocrx_word' id='word_1_6' title='bbox 743 261 769 314; x_wconf 90' lang='lat'><strong>1.</strong></span> <span class='ocrx_word' id='word_1_7' title='bbox 784 261 810 312; x_wconf 83' lang='lat' dir='ltr'><strong>a.</strong></span> <span class='ocrx_word' id='word_1_8' title='bbox 834 259 890 324; x_wconf 79' lang='lat' dir='ltr'><strong>(aa.</strong></span> <span class='ocrx_word' id='word_1_9' title='bbox 908 259 967 327; x_wconf 75' lang='lat' dir='ltr'><strong>a.)</strong></span> <span class='ocrx_word' id='word_1_10' title='bbox 1010 253 1073 318; x_wconf 85' lang='lat'><strong>135</strong></span> 
     </span>
    </p>
   </div>
   <div class='ocr_carea' id='block_1_2' title="bbox 76 403 1115 3090">
    <p class='ocr_par' dir='ltr' id='par_1_2' title="bbox 76 403 1115 3090">
     <span class='ocr_line' id='line_1_2' title="bbox 97 403 1069 480; baseline -0.003 -11"><span class='ocrx_word' id='word_1_11' title='bbox 97 415 193 470; x_wconf 86' lang='lat' dir='ltr'><strong>tamen</strong></span> <span class='ocrx_word' id='word_1_12' title='bbox 208 403 453 480; x_wconf 73' lang='lat' dir='ltr'><strong>praetermittam,</strong></span> <span class='ocrx_word' id='word_1_13' title='bbox 471 405 543 479; x_wconf 89' lang='lat' dir='ltr'><strong>quia</strong></span> <span class='ocrx_word' id='word_1_14' title='bbox 560 404 598 464; x_wconf 87' lang='lat' dir='ltr'><strong>ab</strong></span> <span class='ocrx_word' id='word_1_15' title='bbox 614 405 755 466; x_wconf 87' lang='lat' dir='ltr'><strong>omnibus</strong></span> <span class='ocrx_word' id='word_1_16' title='bbox 771 405 883 465; x_wconf 89' lang='lat' dir='ltr'><strong>dictum</strong></span> <span class='ocrx_word' id='word_1_17' title='bbox 900 412 960 465; x_wconf 82' lang='lat' dir='ltr'><strong>est:</strong></span> <span class='ocrx_word' id='word_1_18' title='bbox 978 405 1069 466; x_wconf 85' lang='lat' dir='ltr'><strong>finem</strong></span> 
     </span>
     <span class='ocr_line' id='line_1_3' title="bbox 95 487 1068 564; baseline -0.004 -12"><span class='ocrx_word' id='word_1_19' title='bbox 95 487 220 552; x_wconf 89' lang='lat' dir='ltr'><strong>dolendi</strong></span> <span class='ocrx_word' id='word_1_20' title='bbox 238 489 328 548; x_wconf 87' lang='lat' dir='ltr'><strong>etiam</strong></span> <span class='ocrx_word' id='word_1_21' title='bbox 349 489 400 564; x_wconf 91' lang='lat' dir='ltr'><strong>qui</strong></span> <span class='ocrx_word' id='word_1_22' title='bbox 421 487 550 549; x_wconf 91' lang='lat' dir='ltr'><strong>consilio</strong></span> <span class='ocrx_word' id='word_1_23' title='bbox 571 506 631 549; x_wconf 92' lang='lat' dir='ltr'><strong>non</strong></span> <span class='ocrx_word' id='word_1_24' title='bbox 647 489 775 562; x_wconf 80' lang='lat' dir='ltr'><strong>fecerat,</strong></span> <span class='ocrx_word' id='word_1_25' title='bbox 792 497 929 563; x_wconf 87' lang='lat' dir='ltr'><strong>ternpore</strong></span> <span class='ocrx_word' id='word_1_26' title='bbox 944 491 1068 550; x_wconf 90' lang='lat' dir='ltr'><strong>invenit.</strong></span> 
     </span>
     <span class='ocr_line' id='line_1_4' title="bbox 95 571 1070 649; baseline -0.002 -14"><span class='ocrx_word' id='word_1_27' title='bbox 95 571 306 649; x_wconf 88' lang='lat' dir='ltr'><strong>turpissimum</strong></span> <span class='ocrx_word' id='word_1_28' title='bbox 332 579 434 633; x_wconf 89' lang='lat' dir='ltr'><strong>autem</strong></span> <span class='ocrx_word' id='word_1_29' title='bbox 459 580 508 632; x_wconf 90' lang='lat' dir='ltr'><strong>est</strong></span> <span class='ocrx_word' id='word_1_30' title='bbox 532 573 560 632; x_wconf 92' lang='lat' dir='ltr'><strong>in</strong></span> <span class='ocrx_word' id='word_1_31' title='bbox 587 572 709 634; x_wconf 89' lang='lat' dir='ltr'><strong>homine</strong></span> <span class='ocrx_word' id='word_1_32' title='bbox 735 573 877 648; x_wconf 87' lang='lat' dir='ltr'><strong>prudenti</strong></span> <span class='ocrx_word' id='word_1_33' title='bbox 902 573 1070 634; x_wconf 87' lang='lat' dir='ltr'><strong>remedium</strong></span> 
     </span>
     <span class='ocr_line' id='line_1_5' title="bbox 94 655 1070 733; baseline -0.001 -15"><span class='ocrx_word' id='word_1_34' title='bbox 94 659 245 720; x_wconf 90' lang='lat' dir='ltr'><strong>moeroris</strong></span> <span class='ocrx_word' id='word_1_35' title='bbox 267 655 418 717; x_wconf 81' lang='lat' dir='ltr'><strong>lassitudo</strong></span> <span class='ocrx_word' id='word_1_36' title='bbox 442 657 608 718; x_wconf 87' lang='lat' dir='ltr'><strong>moerendi.</strong></span> <span class='ocrx_word' id='word_1_37' title='bbox 651 657 732 719; x_wconf 88' lang='lat' dir='ltr'><strong>malo</strong></span> <span class='ocrx_word' id='word_1_38' title='bbox 753 656 911 733; x_wconf 88' lang='lat' dir='ltr'><strong>relinquas</strong></span> <span class='ocrx_word' id='word_1_39' title='bbox 934 658 1070 718; x_wconf 90' lang='lat' dir='ltr'><strong>dolorem</strong></span> 
     </span>
     <span class='ocr_line' id='line_1_6' title="bbox 95 739 1072 818; baseline -0.001 -15"><span class='ocrx_word' id='word_1_40' title='bbox 95 759 187 818; x_wconf 87' lang='lat' dir='ltr'><strong>quam</strong></span> <span class='ocrx_word' id='word_1_41' title='bbox 204 741 243 800; x_wconf 88' lang='lat' dir='ltr'><strong>ab</strong></span> <span class='ocrx_word' id='word_1_42' title='bbox 258 741 311 801; x_wconf 91' lang='lat' dir='ltr'><strong>illo</strong></span> <span class='ocrx_word' id='word_1_43' title='bbox 325 739 525 818; x_wconf 83' lang='lat' dir='ltr'><strong>relinquaris,</strong></span> <span class='ocrx_word' id='word_1_44' title='bbox 548 748 577 801; x_wconf 99' lang='lat' dir='ltr'><strong>et</strong></span> <span class='ocrx_word' id='word_1_45' title='bbox 592 756 682 816; x_wconf 86' lang='lat' dir='ltr'><strong>quarn</strong></span> <span class='ocrx_word' id='word_1_46' title='bbox 698 742 828 816; x_wconf 89' lang='lat' dir='ltr'><strong>primurn</strong></span> <span class='ocrx_word' id='word_1_47' title='bbox 847 742 878 801; x_wconf 92' lang='lat' dir='ltr'><strong>id</strong></span> <span class='ocrx_word' id='word_1_48' title='bbox 893 743 1004 802; x_wconf 79' lang='lat' dir='ltr'><strong>lacere</strong></span> <span class='ocrx_word' id='word_1_49' title='bbox 1019 744 1072 802; x_wconf 92' lang='lat' dir='ltr'><strong>de·</strong></span> 
     </span>
     <span class='ocr_line' id='line_1_7' title="bbox 76 825 1071 902; baseline -0.002 -15"><span class='ocrx_word' id='word_1_50' title='bbox 76 828 184 900; x_wconf 75' lang='lat' dir='ltr'><strong>siste,</strong></span> <span class='ocrx_word' id='word_1_51' title='bbox 217 825 317 900; x_wconf 87' lang='lat' dir='ltr'><strong>quod,</strong></span> <span class='ocrx_word' id='word_1_52' title='bbox 351 825 470 886; x_wconf 88' lang='lat' dir='ltr'><strong>etiamsi</strong></span> <span class='ocrx_word' id='word_1_53' title='bbox 501 827 605 899; x_wconf 90' lang='lat' dir='ltr'><strong>voles,</strong></span> <span class='ocrx_word' id='word_1_54' title='bbox 639 825 692 884; x_wconf 91' lang='lat' dir='ltr'><strong>diu</strong></span> <span class='ocrx_word' id='word_1_55' title='bbox 721 827 824 887; x_wconf 88' lang='lat' dir='ltr'><strong>lacere</strong></span> <span class='ocrx_word' id='word_1_56' title='bbox 855 841 915 887; x_wconf 93' lang='lat' dir='ltr'><strong>non</strong></span> <span class='ocrx_word' id='word_1_57' title='bbox 944 827 1071 902; x_wconf 87' lang='lat' dir='ltr'><strong>poteris.</strong></span> 
     </span>
     <span class='ocr_line' id='line_1_8' title="bbox 93 908 1115 984; baseline 0.004 -12"><span class='ocrx_word' id='word_1_58' title='bbox 93 912 216 972; x_wconf 84' lang='lat' dir='ltr'><strong>Annum</strong></span> <span class='ocrx_word' id='word_1_59' title='bbox 241 908 362 968; x_wconf 88' lang='lat' dir='ltr'><strong>leminis</strong></span> <span class='ocrx_word' id='word_1_60' title='bbox 383 909 423 968; x_wconf 90' lang='lat' dir='ltr'><strong>ad</strong></span> <span class='ocrx_word' id='word_1_61' title='bbox 448 909 613 984; x_wconf 90' lang='lat' dir='ltr'><strong>lugendum</strong></span> <span class='ocrx_word' id='word_1_62' title='bbox 632 911 818 971; x_wconf 88' lang='lat' dir='ltr'><strong>constituere</strong></span> <span class='ocrx_word' id='word_1_63' title='bbox 838 910 986 984; x_wconf 89' lang='lat' dir='ltr'><strong>maiores,</strong></span> <span class='ocrx_word' id='word_1_64' title='bbox 1011 928 1069 971; x_wconf 91' lang='lat' dir='ltr'><strong>non</strong></span> <span class='ocrx_word' id='word_1_65' title='bbox 1081 922 1115 976; x_wconf 80' lang='lat'><strong>13</strong></span> 
     </span>
     <span class='ocr_line' id='line_1_9' title="bbox 93 993 1071 1070; baseline -0.001 -14"><span class='ocrx_word' id='word_1_66' title='bbox 93 1003 124 1056; x_wconf 91' lang='lat' dir='ltr'><strong>ut</strong></span> <span class='ocrx_word' id='word_1_67' title='bbox 139 1001 201 1054; x_wconf 86' lang='lat' dir='ltr'><strong>lam</strong></span> <span class='ocrx_word' id='word_1_68' title='bbox 220 993 274 1053; x_wconf 91' lang='lat' dir='ltr'><strong>diu</strong></span> <span class='ocrx_word' id='word_1_69' title='bbox 287 995 441 1067; x_wconf 76' lang='lat' dir='ltr'><strong>lugerent,</strong></span> <span class='ocrx_word' id='word_1_70' title='bbox 464 994 519 1053; x_wconf 91' lang='lat' dir='ltr'><strong>sed</strong></span> <span class='ocrx_word' id='word_1_71' title='bbox 542 1009 581 1053; x_wconf 94' lang='lat' dir='ltr'><strong>ne</strong></span> <span class='ocrx_word' id='word_1_72' title='bbox 597 993 730 1054; x_wconf 74' lang='lat' dir='ltr'><strong>dlutiuse</strong></span> <span class='ocrx_word' id='word_1_73' title='bbox 752 993 826 1056; x_wconf 88' lang='lat' dir='ltr'><strong>viris</strong></span> <span class='ocrx_word' id='word_1_74' title='bbox 846 997 961 1055; x_wconf 90' lang='lat' dir='ltr'><strong>nullum</strong></span> <span class='ocrx_word' id='word_1_75' title='bbox 975 996 1071 1070; x_wconf 86' lang='lat' dir='ltr'><strong>legiti-</strong></span> 
     </span>
     <span class='ocr_line' id='line_1_10' title="bbox 93 1077 1071 1154; baseline 0.002 -16"><span class='ocrx_word' id='word_1_76' title='bbox 93 1095 174 1140; x_wconf 90' lang='lat' dir='ltr'><strong>mum</strong></span> <span class='ocrx_word' id='word_1_77' title='bbox 196 1084 320 1152; x_wconf 89' lang='lat' dir='ltr'><strong>tempus</strong></span> <span class='ocrx_word' id='word_1_78' title='bbox 340 1085 405 1151; x_wconf 90' lang='lat' dir='ltr'><strong>est,</strong></span> <span class='ocrx_word' id='word_1_79' title='bbox 428 1078 636 1153; x_wconf 90' lang='lat' dir='ltr'><strong>quianullum</strong></span> <span class='ocrx_word' id='word_1_80' title='bbox 657 1077 830 1139; x_wconf 89' lang='lat' dir='ltr'><strong>honestum.</strong></span> <span class='ocrx_word' id='word_1_81' title='bbox 865 1096 958 1154; x_wconf 89' lang='lat' dir='ltr'><strong>quam</strong></span> <span class='ocrx_word' id='word_1_82' title='bbox 974 1088 1071 1140; x_wconf 88' lang='lat' dir='ltr'><strong>tamen</strong></span> 
     </span>
     <span class='ocr_line' id='line_1_11' title="bbox 93 1160 1073 1240; baseline 0.001 -18"><span class='ocrx_word' id='word_1_83' title='bbox 93 1162 165 1222; x_wconf 82' lang='lat' dir='ltr'><strong>milri</strong></span> <span class='ocrx_word' id='word_1_84' title='bbox 182 1178 222 1221; x_wconf 88' lang='lat' dir='ltr'><strong>ex</strong></span> <span class='ocrx_word' id='word_1_85' title='bbox 239 1161 301 1222; x_wconf 90' lang='lat' dir='ltr'><strong>illis</strong></span> <span class='ocrx_word' id='word_1_86' title='bbox 315 1160 499 1222; x_wconf 83' lang='lat' dir='ltr'><strong>mulierculis</strong></span> <span class='ocrx_word' id='word_1_87' title='bbox 515 1160 603 1222; x_wconf 89' lang='lat' dir='ltr'><strong>dabis</strong></span> <span class='ocrx_word' id='word_1_88' title='bbox 619 1162 670 1221; x_wconf 86' lang='lat' dir='ltr'><strong>vix</strong></span> <span class='ocrx_word' id='word_1_89' title='bbox 683 1162 822 1223; x_wconf 86' lang='lat' dir='ltr'><strong>retractis</strong></span> <span class='ocrx_word' id='word_1_90' title='bbox 845 1181 863 1223; x_wconf 90' lang='lat' dir='ltr'><strong>a</strong></span> <span class='ocrx_word' id='word_1_91' title='bbox 879 1180 973 1240; x_wconf 87' lang='lat' dir='ltr'><strong>rogo,</strong></span> <span class='ocrx_word' id='word_1_92' title='bbox 990 1163 1040 1224; x_wconf 89' lang='lat' dir='ltr'><strong>vix</strong></span> <span class='ocrx_word' id='word_1_93' title='bbox 1056 1180 1073 1223; x_wconf 90' lang='lat' dir='ltr'><strong>a</strong></span> 
     </span>
     <span class='ocr_line' id='line_1_12' title="bbox 92 1245 1071 1318; baseline 0.002 -12"><span class='ocrx_word' id='word_1_94' title='bbox 92 1247 248 1308; x_wconf 89' lang='lat' dir='ltr'><strong>cadavere</strong></span> <span class='ocrx_word' id='word_1_95' title='bbox 269 1246 417 1318; x_wconf 87' lang='lat' dir='ltr'><strong>revulsis,</strong></span> <span class='ocrx_word' id='word_1_96' title='bbox 441 1245 489 1305; x_wconf 92' lang='lat' dir='ltr'><strong>cui</strong></span> <span class='ocrx_word' id='word_1_97' title='bbox 511 1245 653 1306; x_wconf 85' lang='lat' dir='ltr'><strong>lacrimae</strong></span> <span class='ocrx_word' id='word_1_98' title='bbox 669 1247 699 1306; x_wconf 92' lang='lat' dir='ltr'><strong>in</strong></span> <span class='ocrx_word' id='word_1_99' title='bbox 720 1255 815 1308; x_wconf 88' lang='lat' dir='ltr'><strong>toturn</strong></span> <span class='ocrx_word' id='word_1_100' title='bbox 831 1264 968 1309; x_wconf 90' lang='lat' dir='ltr'><strong>mensem</strong></span> <span class='ocrx_word' id='word_1_101' title='bbox 983 1249 1071 1308; x_wconf 90' lang='lat' dir='ltr'><strong>dura-</strong></span> 
     </span>
     <span class='ocr_line' id='line_1_13' title="bbox 93 1327 1072 1408; baseline 0.002 -18"><span class='ocrx_word' id='word_1_102' title='bbox 93 1332 214 1390; x_wconf 70' lang='lat' dir='ltr'><strong>verint?</strong></span> <span class='ocrx_word' id='word_1_103' title='bbox 245 1331 329 1390; x_wconf 91' lang='lat' dir='ltr'><strong>nulla</strong></span> <span class='ocrx_word' id='word_1_104' title='bbox 348 1345 399 1390; x_wconf 89' lang='lat' dir='ltr'><strong>res</strong></span> <span class='ocrx_word' id='word_1_105' title='bbox 414 1327 503 1390; x_wconf 85' lang='lat' dir='ltr'><strong>citius</strong></span> <span class='ocrx_word' id='word_1_106' title='bbox 518 1330 601 1391; x_wconf 87' lang='lat' dir='ltr'><strong>venit</strong></span> <span class='ocrx_word' id='word_1_107' title='bbox 621 1329 651 1390; x_wconf 91' lang='lat' dir='ltr'><strong>in</strong></span> <span class='ocrx_word' id='word_1_108' title='bbox 663 1331 770 1392; x_wconf 88' lang='lat' dir='ltr'><strong>odium</strong></span> <span class='ocrx_word' id='word_1_109' title='bbox 787 1348 878 1407; x_wconf 88' lang='lat' dir='ltr'><strong>quarn</strong></span> <span class='ocrx_word' id='word_1_110' title='bbox 893 1332 997 1406; x_wconf 91' lang='lat' dir='ltr'><strong>dolor,</strong></span> <span class='ocrx_word' id='word_1_111' title='bbox 1021 1333 1072 1408; x_wconf 87' lang='lat' dir='ltr'><strong>qui</strong></span> 
     </span>
     <span class='ocr_line' id='line_1_14' title="bbox 92 1414 1072 1496; baseline 0.003 -22"><span class='ocrx_word' id='word_1_112' title='bbox 92 1430 205 1496; x_wconf 87' lang='lat' dir='ltr'><strong>recens</strong></span> <span class='ocrx_word' id='word_1_113' title='bbox 226 1414 452 1475; x_wconf 87' lang='lat' dir='ltr'><strong>consolatorem</strong></span> <span class='ocrx_word' id='word_1_114' title='bbox 475 1415 589 1474; x_wconf 90' lang='lat' dir='ltr'><strong>invenit</strong></span> <span class='ocrx_word' id='word_1_115' title='bbox 614 1423 644 1475; x_wconf 90' lang='lat' dir='ltr'><strong>et</strong></span> <span class='ocrx_word' id='word_1_116' title='bbox 669 1416 791 1491; x_wconf 89' lang='lat' dir='ltr'><strong>aliquos</strong></span> <span class='ocrx_word' id='word_1_117' title='bbox 814 1417 853 1476; x_wconf 90' lang='lat' dir='ltr'><strong>ad</strong></span> <span class='ocrx_word' id='word_1_118' title='bbox 882 1434 917 1477; x_wconf 92' lang='lat' dir='ltr'><strong>se</strong></span> <span class='ocrx_word' id='word_1_119' title='bbox 939 1417 1072 1489; x_wconf 81' lang='lat' dir='ltr'><strong>adducit</strong></span> 
     </span>
     <span class='ocr_line' id='line_1_15' title="bbox 93 1497 1072 1571; baseline 0.002 -12"><span class='ocrx_word' id='word_1_120' title='bbox 93 1500 283 1559; x_wconf 87' lang='lat' dir='ltr'><strong>inveteratus</strong></span> <span class='ocrx_word' id='word_1_121' title='bbox 298 1514 374 1558; x_wconf 91' lang='lat' dir='ltr'><strong>vero</strong></span> <span class='ocrx_word' id='word_1_122' title='bbox 390 1497 558 1571; x_wconf 87' lang='lat' dir='ltr'><strong>deridetur,</strong></span> <span class='ocrx_word' id='word_1_123' title='bbox 575 1514 632 1559; x_wconf 90' lang='lat' dir='ltr'><strong>nec</strong></span> <span class='ocrx_word' id='word_1_124' title='bbox 646 1500 795 1560; x_wconf 85' lang='lat' dir='ltr'><strong>inmerito.</strong></span> <span class='ocrx_word' id='word_1_125' title='bbox 819 1508 869 1559; x_wconf 89' lang='lat' dir='ltr'><strong>aut</strong></span> <span class='ocrx_word' id='word_1_126' title='bbox 883 1503 963 1560; x_wconf 91' lang='lat' dir='ltr'><strong>enim</strong></span> <span class='ocrx_word' id='word_1_127' title='bbox 979 1502 1072 1561; x_wconf 89' lang='lat' dir='ltr'><strong>simu·</strong></span> 
     </span>
     <span class='ocr_line' id='line_1_16' title="bbox 93 1583 1115 1659; baseline 0.004 -19"><span class='ocrx_word' id='word_1_128' title='bbox 93 1583 175 1644; x_wconf 89' lang='lat' dir='ltr'><strong>latus</strong></span> <span class='ocrx_word' id='word_1_129' title='bbox 191 1591 245 1644; x_wconf 85' lang='lat' dir='ltr'><strong>aut</strong></span> <span class='ocrx_word' id='word_1_130' title='bbox 263 1585 373 1644; x_wconf 89' lang='lat' dir='ltr'><strong>stultus</strong></span> <span class='ocrx_word' id='word_1_131' title='bbox 388 1591 444 1644; x_wconf 91' lang='lat' dir='ltr'><strong>est.</strong></span> <span class='ocrx_word' id='word_1_132' title='bbox 477 1583 561 1643; x_wconf 90' lang='lat' dir='ltr'><strong>Haec</strong></span> <span class='ocrx_word' id='word_1_133' title='bbox 580 1583 633 1644; x_wconf 91' lang='lat' dir='ltr'><strong>tibi</strong></span> <span class='ocrx_word' id='word_1_134' title='bbox 655 1583 757 1643; x_wconf 88' lang='lat' dir='ltr'><strong>scribo</strong></span> <span class='ocrx_word' id='word_1_135' title='bbox 779 1584 821 1656; x_wconf 87' lang='lat' dir='ltr'><strong>is,</strong></span> <span class='ocrx_word' id='word_1_136' title='bbox 845 1584 897 1659; x_wconf 89' lang='lat' dir='ltr'><strong>qui</strong></span> <span class='ocrx_word' id='word_1_137' title='bbox 911 1587 1072 1644; x_wconf 84' lang='lat' dir='ltr'><strong>Annaeum</strong></span> <span class='ocrx_word' id='word_1_138' title='bbox 1081 1597 1115 1651; x_wconf 76' lang='lat'><strong>14</strong></span> 
     </span>
     <span class='ocr_line' id='line_1_17' title="bbox 94 1665 1071 1741; baseline 0.001 -13"><span class='ocrx_word' id='word_1_139' title='bbox 94 1666 264 1740; x_wconf 88' lang='lat' dir='ltr'><strong>Serenum,</strong></span> <span class='ocrx_word' id='word_1_140' title='bbox 295 1667 485 1727; x_wconf 86' lang='lat' dir='ltr'><strong>carissimum</strong></span> <span class='ocrx_word' id='word_1_141' title='bbox 518 1665 605 1741; x_wconf 88' lang='lat' dir='ltr'><strong>milri,</strong></span> <span class='ocrx_word' id='word_1_142' title='bbox 639 1674 698 1728; x_wconf 91' lang='lat' dir='ltr'><strong>tam</strong></span> <span class='ocrx_word' id='word_1_143' title='bbox 729 1668 882 1727; x_wconf 89' lang='lat' dir='ltr'><strong>inmodice</strong></span> <span class='ocrx_word' id='word_1_144' title='bbox 911 1667 998 1740; x_wconf 88' lang='lat' dir='ltr'><strong>flevi,</strong></span> <span class='ocrx_word' id='word_1_145' title='bbox 1031 1676 1071 1741; x_wconf 90' lang='lat' dir='ltr'><strong>ut,</strong></span> 
     </span>
     <span class='ocr_line' id='line_1_18' title="bbox 93 1749 1072 1826; baseline 0.001 -14"><span class='ocrx_word' id='word_1_146' title='bbox 93 1751 180 1826; x_wconf 88' lang='lat' dir='ltr'><strong>quod</strong></span> <span class='ocrx_word' id='word_1_147' title='bbox 206 1751 329 1812; x_wconf 90' lang='lat' dir='ltr'><strong>minime</strong></span> <span class='ocrx_word' id='word_1_148' title='bbox 352 1751 458 1824; x_wconf 90' lang='lat' dir='ltr'><strong>velim,</strong></span> <span class='ocrx_word' id='word_1_149' title='bbox 487 1749 565 1812; x_wconf 88' lang='lat' dir='ltr'><strong>inter</strong></span> <span class='ocrx_word' id='word_1_150' title='bbox 590 1753 732 1825; x_wconf 83' lang='lat' dir='ltr'><strong>exempla</strong></span> <span class='ocrx_word' id='word_1_151' title='bbox 757 1753 814 1811; x_wconf 89' lang='lat' dir='ltr'><strong>sim</strong></span> <span class='ocrx_word' id='word_1_152' title='bbox 840 1767 962 1825; x_wconf 89' lang='lat' dir='ltr'><strong>eorum,</strong></span> <span class='ocrx_word' id='word_1_153' title='bbox 992 1768 1072 1826; x_wconf 91' lang='lat' dir='ltr'><strong>quos</strong></span> 
     </span>
     <span class='ocr_line' id='line_1_19' title="bbox 93 1834 1071 1911; baseline 0 -16"><span class='ocrx_word' id='word_1_154' title='bbox 93 1836 185 1895; x_wconf 93' lang='lat' dir='ltr'><strong>dolor</strong></span> <span class='ocrx_word' id='word_1_155' title='bbox 196 1835 278 1894; x_wconf 87' lang='lat' dir='ltr'><strong>vicit.</strong></span> <span class='ocrx_word' id='word_1_156' title='bbox 301 1834 393 1895; x_wconf 90' lang='lat' dir='ltr'><strong>hodie</strong></span> <span class='ocrx_word' id='word_1_157' title='bbox 404 1842 503 1895; x_wconf 90' lang='lat' dir='ltr'><strong>autem</strong></span> <span class='ocrx_word' id='word_1_158' title='bbox 519 1836 630 1894; x_wconf 89' lang='lat' dir='ltr'><strong>lactum</strong></span> <span class='ocrx_word' id='word_1_159' title='bbox 644 1851 742 1894; x_wconf 89' lang='lat' dir='ltr'><strong>meum</strong></span> <span class='ocrx_word' id='word_1_160' title='bbox 759 1836 870 1895; x_wconf 89' lang='lat' dir='ltr'><strong>damno</strong></span> <span class='ocrx_word' id='word_1_161' title='bbox 885 1843 915 1897; x_wconf 89' lang='lat' dir='ltr'><strong>et</strong></span> <span class='ocrx_word' id='word_1_162' title='bbox 929 1837 1071 1911; x_wconf 81' lang='lat' dir='ltr'><strong>intellego</strong></span> 
     </span>
     <span class='ocr_line' id='line_1_20' title="bbox 93 1919 1076 1995; baseline 0.001 -16"><span class='ocrx_word' id='word_1_163' title='bbox 93 1921 258 1979; x_wconf 87' lang='lat' dir='ltr'><strong>maximam</strong></span> <span class='ocrx_word' id='word_1_164' title='bbox 286 1920 357 1979; x_wconf 89' lang='lat' dir='ltr'><strong>mihi</strong></span> <span class='ocrx_word' id='word_1_165' title='bbox 382 1934 507 1979; x_wconf 90' lang='lat' dir='ltr'><strong>causam</strong></span> <span class='ocrx_word' id='word_1_166' title='bbox 534 1919 580 1978; x_wconf 91' lang='lat' dir='ltr'><strong>sic</strong></span> <span class='ocrx_word' id='word_1_167' title='bbox 605 1919 728 1993; x_wconf 92' lang='lat' dir='ltr'><strong>lugendi</strong></span> <span class='ocrx_word' id='word_1_168' title='bbox 752 1919 865 1993; x_wconf 88' lang='lat' dir='ltr'><strong>iuisse,</strong></span> <span class='ocrx_word' id='word_1_169' title='bbox 889 1921 973 1995; x_wconf 90' lang='lat' dir='ltr'><strong>quod</strong></span> <span class='ocrx_word' id='word_1_170' title='bbox 987 1937 1076 1980; x_wconf 74' lang='lat' dir='ltr'><strong>num.</strong></span> 
     </span>
     <span class='ocr_line' id='line_1_21' title="bbox 94 2002 1072 2079; baseline 0 -15"><span class='ocrx_word' id='word_1_171' title='bbox 94 2021 189 2079; x_wconf 90' lang='lat' dir='ltr'><strong>quarn</strong></span> <span class='ocrx_word' id='word_1_172' title='bbox 203 2003 411 2078; x_wconf 81' lang='lat' dir='ltr'><strong>cogitaveram</strong></span> <span class='ocrx_word' id='word_1_173' title='bbox 431 2002 510 2064; x_wconf 87' lang='lat' dir='ltr'><strong>nrori</strong></span> <span class='ocrx_word' id='word_1_174' title='bbox 529 2019 598 2063; x_wconf 86' lang='lat' dir='ltr'><strong>eum</strong></span> <span class='ocrx_word' id='word_1_175' title='bbox 615 2011 684 2063; x_wconf 87' lang='lat' dir='ltr'><strong>ante</strong></span> <span class='ocrx_word' id='word_1_176' title='bbox 698 2019 747 2063; x_wconf 92' lang='lat' dir='ltr'><strong>me</strong></span> <span class='ocrx_word' id='word_1_177' title='bbox 761 2019 866 2079; x_wconf 87' lang='lat' dir='ltr'><strong>posse.</strong></span> <span class='ocrx_word' id='word_1_178' title='bbox 906 2003 965 2064; x_wconf 90' lang='lat' dir='ltr'><strong>hoc</strong></span> <span class='ocrx_word' id='word_1_179' title='bbox 979 2021 1072 2065; x_wconf 92' lang='lat' dir='ltr'><strong>unum</strong></span> 
     </span>
     <span class='ocr_line' id='line_1_22' title="bbox 94 2087 1072 2163; baseline -0.001 -15"><span class='ocrx_word' id='word_1_180' title='bbox 94 2088 167 2148; x_wconf 90' lang='lat' dir='ltr'><strong>mihi</strong></span> <span class='ocrx_word' id='word_1_181' title='bbox 184 2090 380 2161; x_wconf 88' lang='lat' dir='ltr'><strong>occurrebat,</strong></span> <span class='ocrx_word' id='word_1_182' title='bbox 404 2087 551 2149; x_wconf 90' lang='lat' dir='ltr'><strong>minorem</strong></span> <span class='ocrx_word' id='word_1_183' title='bbox 573 2103 645 2148; x_wconf 88' lang='lat' dir='ltr'><strong>esse</strong></span> <span class='ocrx_word' id='word_1_184' title='bbox 659 2097 689 2148; x_wconf 89' lang='lat' dir='ltr'><strong>et</strong></span> <span class='ocrx_word' id='word_1_185' title='bbox 705 2088 798 2149; x_wconf 91' lang='lat' dir='ltr'><strong>multo</strong></span> <span class='ocrx_word' id='word_1_186' title='bbox 813 2089 976 2163; x_wconf 89' lang='lat' dir='ltr'><strong>minorem,</strong></span> <span class='ocrx_word' id='word_1_187' title='bbox 997 2096 1072 2151; x_wconf 83' lang='lat' dir='ltr'><strong>tanr-</strong></span> 
     </span>
     <span class='ocr_line' id='line_1_23' title="bbox 94 2172 1114 2249; baseline -0.001 -16"><span class='ocrx_word' id='word_1_188' title='bbox 94 2189 188 2249; x_wconf 88' lang='lat' dir='ltr'><strong>quam</strong></span> <span class='ocrx_word' id='word_1_189' title='bbox 204 2173 344 2233; x_wconf 90' lang='lat' dir='ltr'><strong>ordinem</strong></span> <span class='ocrx_word' id='word_1_190' title='bbox 359 2172 420 2232; x_wconf 87' lang='lat' dir='ltr'><strong>lata</strong></span> <span class='ocrx_word' id='word_1_191' title='bbox 438 2180 605 2235; x_wconf 87' lang='lat' dir='ltr'><strong>servarent.</strong></span> <span class='ocrx_word' id='word_1_192' title='bbox 639 2172 745 2248; x_wconf 89' lang='lat' dir='ltr'><strong>ltaque</strong></span> <span class='ocrx_word' id='word_1_193' title='bbox 759 2173 889 2235; x_wconf 91' lang='lat' dir='ltr'><strong>adsidue</strong></span> <span class='ocrx_word' id='word_1_194' title='bbox 903 2175 1072 2248; x_wconf 86' lang='lat' dir='ltr'><strong>cogitemus</strong></span> <span class='ocrx_word' id='word_1_195' title='bbox 1081 2187 1114 2240; x_wconf 64' lang='grc' dir='ltr'><strong>ιε</strong></span> 
     </span>
     <span class='ocr_line' id='line_1_24' title="bbox 93 2257 1071 2333; baseline -0.003 -13"><span class='ocrx_word' id='word_1_196' title='bbox 93 2264 155 2320; x_wconf 75' lang='lat' dir='ltr'><strong>lam</strong></span> <span class='ocrx_word' id='word_1_197' title='bbox 179 2257 218 2318; x_wconf 93' lang='lat' dir='ltr'><strong>de</strong></span> <span class='ocrx_word' id='word_1_198' title='bbox 239 2264 346 2318; x_wconf 88' lang='lat' dir='ltr'><strong>nostra</strong></span> <span class='ocrx_word' id='word_1_199' title='bbox 366 2273 457 2332; x_wconf 85' lang='lat' dir='ltr'><strong>quam</strong></span> <span class='ocrx_word' id='word_1_200' title='bbox 479 2257 628 2330; x_wconf 90' lang='lat' dir='ltr'><strong>omnium,</strong></span> <span class='ocrx_word' id='word_1_201' title='bbox 653 2275 733 2332; x_wconf 88' lang='lat' dir='ltr'><strong>quos</strong></span> <span class='ocrx_word' id='word_1_202' title='bbox 754 2258 921 2333; x_wconf 83' lang='lat' dir='ltr'><strong>diligimus,</strong></span> <span class='ocrx_word' id='word_1_203' title='bbox 939 2258 1071 2319; x_wconf 89' lang='lat' dir='ltr'><strong>mortali·</strong></span> 
     </span>
     <span class='ocr_line' id='line_1_25' title="bbox 93 2339 1071 2417; baseline -0.001 -17"><span class='ocrx_word' id='word_1_204' title='bbox 93 2348 166 2400; x_wconf 90' lang='lat' dir='ltr'><strong>tate.</strong></span> <span class='ocrx_word' id='word_1_205' title='bbox 202 2342 287 2403; x_wconf 85' lang='lat' dir='ltr'><strong>Tunc</strong></span> <span class='ocrx_word' id='word_1_206' title='bbox 303 2357 360 2417; x_wconf 89' lang='lat' dir='ltr'><strong>ego</strong></span> <span class='ocrx_word' id='word_1_207' title='bbox 376 2339 479 2400; x_wconf 91' lang='lat' dir='ltr'><strong>dicere</strong></span> <span class='ocrx_word' id='word_1_208' title='bbox 495 2341 602 2401; x_wconf 67' lang='lat' dir='ltr'><strong>debuiz</strong></span> <span class='ocrx_word' id='word_1_209' title='bbox 624 2340 744 2414; x_wconf 89' lang='lat' dir='ltr'><strong>„minor</strong></span> <span class='ocrx_word' id='word_1_210' title='bbox 759 2351 804 2402; x_wconf 93' lang='lat' dir='ltr'><strong>est</strong></span> <span class='ocrx_word' id='word_1_211' title='bbox 817 2341 952 2403; x_wconf 88' lang='lat' dir='ltr'><strong>Serenus</strong></span> <span class='ocrx_word' id='word_1_212' title='bbox 968 2358 1071 2401; x_wconf 81' lang='lat' dir='ltr'><strong>meus:</strong></span> 
     </span>
     <span class='ocr_line' id='line_1_26' title="bbox 97 2424 1072 2501; baseline 0.001 -18"><span class='ocrx_word' id='word_1_213' title='bbox 97 2425 172 2501; x_wconf 88' lang='lat' dir='ltr'><strong>quid</strong></span> <span class='ocrx_word' id='word_1_214' title='bbox 186 2425 228 2486; x_wconf 90' lang='lat' dir='ltr'><strong>ad</strong></span> <span class='ocrx_word' id='word_1_215' title='bbox 242 2442 305 2486; x_wconf 91' lang='lat' dir='ltr'><strong>rem</strong></span> <span class='ocrx_word' id='word_1_216' title='bbox 324 2424 474 2501; x_wconf 66' lang='lat' dir='ltr'><strong>pertinet?</strong></span> <span class='ocrx_word' id='word_1_217' title='bbox 495 2432 567 2501; x_wconf 89' lang='lat' dir='ltr'><strong>post</strong></span> <span class='ocrx_word' id='word_1_218' title='bbox 586 2427 725 2485; x_wconf 90' lang='lat' dir='ltr'><strong>memori</strong></span> <span class='ocrx_word' id='word_1_219' title='bbox 741 2427 846 2500; x_wconf 88' lang='lat' dir='ltr'><strong>debet,</strong></span> <span class='ocrx_word' id='word_1_220' title='bbox 866 2426 1008 2486; x_wconf 88' lang='lat' dir='ltr'><strong>sedante</strong></span> <span class='ocrx_word' id='word_1_221' title='bbox 1023 2441 1072 2485; x_wconf 88' lang='lat' dir='ltr'><strong>me</strong></span> 
     </span>
     <span class='ocr_line' id='line_1_27' title="bbox 95 2508 1072 2585; baseline 0.002 -17"><span class='ocrx_word' id='word_1_222' title='bbox 95 2515 230 2584; x_wconf 91' lang='lat' dir='ltr'><strong>potest.“</strong></span> <span class='ocrx_word' id='word_1_223' title='bbox 254 2511 400 2585; x_wconf 86' lang='lat' dir='ltr'><strong>quianon</strong></span> <span class='ocrx_word' id='word_1_224' title='bbox 419 2508 491 2579; x_wconf 87' lang='lat' dir='ltr'><strong>leci,</strong></span> <span class='ocrx_word' id='word_1_225' title='bbox 507 2511 676 2585; x_wconf 86' lang='lat' dir='ltr'><strong>inparatum</strong></span> <span class='ocrx_word' id='word_1_226' title='bbox 691 2509 793 2571; x_wconf 86' lang='lat' dir='ltr'><strong>subito</strong></span> <span class='ocrx_word' id='word_1_227' title='bbox 808 2512 930 2571; x_wconf 90' lang='lat' dir='ltr'><strong>lortuna</strong></span> <span class='ocrx_word' id='word_1_228' title='bbox 945 2525 1072 2584; x_wconf 88' lang='lat' dir='ltr'><strong>percus-</strong></span> 
     </span>
     <span class='ocr_line' id='line_1_28' title="bbox 94 2593 1071 2670; baseline -0.001 -16"><span class='ocrx_word' id='word_1_229' title='bbox 94 2593 142 2654; x_wconf 92' lang='lat' dir='ltr'><strong>sit.</strong></span> <span class='ocrx_word' id='word_1_230' title='bbox 178 2594 266 2654; x_wconf 89' lang='lat' dir='ltr'><strong>Nunc</strong></span> <span class='ocrx_word' id='word_1_231' title='bbox 288 2595 388 2670; x_wconf 89' lang='lat' dir='ltr'><strong>cogito</strong></span> <span class='ocrx_word' id='word_1_232' title='bbox 411 2594 513 2652; x_wconf 89' lang='lat' dir='ltr'><strong>omnia</strong></span> <span class='ocrx_word' id='word_1_233' title='bbox 535 2601 565 2654; x_wconf 93' lang='lat' dir='ltr'><strong>et</strong></span> <span class='ocrx_word' id='word_1_234' title='bbox 584 2595 721 2655; x_wconf 87' lang='lat' dir='ltr'><strong>mortalia</strong></span> <span class='ocrx_word' id='word_1_235' title='bbox 743 2610 815 2654; x_wconf 88' lang='lat' dir='ltr'><strong>esse</strong></span> <span class='ocrx_word' id='word_1_236' title='bbox 831 2602 862 2654; x_wconf 89' lang='lat' dir='ltr'><strong>et</strong></span> <span class='ocrx_word' id='word_1_237' title='bbox 875 2595 1071 2668; x_wconf 80' lang='lat' dir='ltr'><strong>incerta-lege</strong></span> 
     </span>
     <span class='ocr_line' id='line_1_29' title="bbox 93 2676 1066 2754; baseline -0.001 -18"><span class='ocrx_word' id='word_1_238' title='bbox 93 2678 242 2738; x_wconf 85' lang='lat' dir='ltr'><strong>mortalia.</strong></span> <span class='ocrx_word' id='word_1_239' title='bbox 276 2678 368 2739; x_wconf 90' lang='lat' dir='ltr'><strong>hodie</strong></span> <span class='ocrx_word' id='word_1_240' title='bbox 392 2676 458 2736; x_wconf 86' lang='lat' dir='ltr'><strong>fieri</strong></span> <span class='ocrx_word' id='word_1_241' title='bbox 479 2684 593 2753; x_wconf 88' lang='lat' dir='ltr'><strong>potest,</strong></span> <span class='ocrx_word' id='word_1_242' title='bbox 616 2677 761 2753; x_wconf 86' lang='lat' dir='ltr'><strong>quicquid</strong></span> <span class='ocrx_word' id='word_1_243' title='bbox 787 2694 932 2754; x_wconf 87' lang='lat' dir='ltr'><strong>umquam</strong></span> <span class='ocrx_word' id='word_1_244' title='bbox 955 2685 1066 2753; x_wconf 86' lang='lat' dir='ltr'><strong>potest.</strong></span> 
     </span>
     <span class='ocr_line' id='line_1_30' title="bbox 94 2761 1115 2838; baseline -0.001 -17"><span class='ocrx_word' id='word_1_245' title='bbox 94 2761 269 2837; x_wconf 79' lang='lat' dir='ltr'><strong>Cogitemus</strong></span> <span class='ocrx_word' id='word_1_246' title='bbox 295 2778 385 2838; x_wconf 90' lang='lat' dir='ltr'><strong>ergo,</strong></span> <span class='ocrx_word' id='word_1_247' title='bbox 411 2761 505 2822; x_wconf 87' lang='lat' dir='ltr'><strong>Lucili</strong></span> <span class='ocrx_word' id='word_1_248' title='bbox 529 2762 699 2836; x_wconf 87' lang='lat' dir='ltr'><strong>carissime,</strong></span> <span class='ocrx_word' id='word_1_249' title='bbox 722 2762 781 2822; x_wconf 90' lang='lat' dir='ltr'><strong>cito</strong></span> <span class='ocrx_word' id='word_1_250' title='bbox 800 2779 858 2824; x_wconf 92' lang='lat' dir='ltr'><strong>nos</strong></span> <span class='ocrx_word' id='word_1_251' title='bbox 880 2779 918 2824; x_wconf 93' lang='lat' dir='ltr'><strong>eo</strong></span> <span class='ocrx_word' id='word_1_252' title='bbox 939 2778 1067 2838; x_wconf 88' lang='lat' dir='ltr'><strong>perven-</strong></span> <span class='ocrx_word' id='word_1_253' title='bbox 1082 2766 1115 2820; x_wconf 86' lang='lat'><strong>16</strong></span> 
     </span>
     <span class='ocr_line' id='line_1_31' title="bbox 95 2847 1073 2922; baseline 0.001 -16"><span class='ocrx_word' id='word_1_254' title='bbox 95 2852 197 2920; x_wconf 88' lang='lat' dir='ltr'><strong>turos,</strong></span> <span class='ocrx_word' id='word_1_255' title='bbox 221 2862 283 2922; x_wconf 91' lang='lat' dir='ltr'><strong>quo</strong></span> <span class='ocrx_word' id='word_1_256' title='bbox 304 2847 386 2906; x_wconf 92' lang='lat' dir='ltr'><strong>illum</strong></span> <span class='ocrx_word' id='word_1_257' title='bbox 409 2847 589 2921; x_wconf 90' lang='lat' dir='ltr'><strong>pervenisse</strong></span> <span class='ocrx_word' id='word_1_258' title='bbox 609 2862 791 2907; x_wconf 90' lang='lat' dir='ltr'><strong>moeremus.</strong></span> <span class='ocrx_word' id='word_1_259' title='bbox 829 2855 860 2908; x_wconf 91' lang='lat' dir='ltr'><strong>et</strong></span> <span class='ocrx_word' id='word_1_260' title='bbox 876 2849 1023 2922; x_wconf 81' lang='lat' dir='ltr'><strong>fortasse,</strong></span> <span class='ocrx_word' id='word_1_261' title='bbox 1047 2849 1073 2907; x_wconf 92' lang='lat' dir='ltr'><strong>si</strong></span> 
     </span>
     <span class='ocr_line' id='line_1_32' title="bbox 96 2929 1072 3007; baseline 0.005 -20"><span class='ocrx_word' id='word_1_262' title='bbox 96 2929 189 2990; x_wconf 89' lang='lat' dir='ltr'><strong>modo</strong></span> <span class='ocrx_word' id='word_1_263' title='bbox 204 2945 278 2990; x_wconf 88' lang='lat' dir='ltr'><strong>vera</strong></span> <span class='ocrx_word' id='word_1_264' title='bbox 293 2929 476 3007; x_wconf 81' lang='lat' dir='ltr'><strong>sapientium</strong></span> <span class='ocrx_word' id='word_1_265' title='bbox 492 2931 573 2990; x_wconf 83' lang='lat' dir='ltr'><strong>sarna</strong></span> <span class='ocrx_word' id='word_1_266' title='bbox 587 2937 635 2992; x_wconf 90' lang='lat' dir='ltr'><strong>est</strong></span> <span class='ocrx_word' id='word_1_267' title='bbox 653 2931 825 3006; x_wconf 85' lang='lat' dir='ltr'><strong>recipitque</strong></span> <span class='ocrx_word' id='word_1_268' title='bbox 843 2949 901 2993; x_wconf 91' lang='lat' dir='ltr'><strong>nos</strong></span> <span class='ocrx_word' id='word_1_269' title='bbox 916 2935 1004 2992; x_wconf 91' lang='lat' dir='ltr'><strong>locus</strong></span> <span class='ocrx_word' id='word_1_270' title='bbox 1019 2933 1072 2992; x_wconf 89' lang='lat' dir='ltr'><strong>ali-</strong></span> 
     </span>
     <span class='ocr_line' id='line_1_33' title="bbox 95 3014 1004 3090; baseline 0.001 -17"><span class='ocrx_word' id='word_1_271' title='bbox 95 3014 180 3088; x_wconf 91' lang='lat' dir='ltr'><strong>quis,</strong></span> <span class='ocrx_word' id='word_1_272' title='bbox 203 3030 293 3090; x_wconf 85' lang='lat' dir='ltr'><strong>quem</strong></span> <span class='ocrx_word' id='word_1_273' title='bbox 305 3024 452 3090; x_wconf 83' lang='lat' dir='ltr'><strong>putamus</strong></span> <span class='ocrx_word' id='word_1_274' title='bbox 468 3015 602 3089; x_wconf 89' lang='lat' dir='ltr'><strong>perisse,</strong></span> <span class='ocrx_word' id='word_1_275' title='bbox 618 3017 808 3090; x_wconf 90' lang='lat' dir='ltr'><strong>praemissus</strong></span> <span class='ocrx_word' id='word_1_276' title='bbox 822 3025 881 3077; x_wconf 86' lang='lat' dir='ltr'><strong>est.</strong></span> <span class='ocrx_word' id='word_1_277' title='bbox 916 3017 1004 3076; x_wconf 85' lang='lat' dir='ltr'><strong>Vale.</strong></span> 
     </span>
    </p>
   </div>
   <div class='ocr_carea' id='block_1_3' title="bbox 352 3149 820 3302">
    <p class='ocr_par' dir='ltr' id='par_1_3' title="bbox 352 3149 820 3302">
     <span class='ocr_line' id='line_1_34' title="bbox 396 3149 761 3224; baseline 0.016 -18"><span class='ocrx_word' id='word_1_278' title='bbox 396 3149 614 3209; x_wconf 83' lang='lat' dir='ltr'><strong>EPISTULA</strong></span> <span class='ocrx_word' id='word_1_279' title='bbox 635 3154 668 3209; x_wconf 90' lang='lat' dir='ltr'><strong>Il.</strong></span> <span class='ocrx_word' id='word_1_280' title='bbox 691 3154 761 3224; x_wconf 81' lang='lat'><strong>(64.)</strong></span> 
     </span>
     <span class='ocr_line' id='line_1_35' title="bbox 352 3245 820 3302; baseline 0.009 -6"><span class='ocrx_word' id='word_1_281' title='bbox 352 3245 463 3296; x_wconf 70' lang='lat' dir='ltr'><strong>Seneca</strong></span> <span class='ocrx_word' id='word_1_282' title='bbox 479 3246 590 3296; x_wconf 84' lang='lat' dir='ltr'><strong>Lucnro</strong></span> <span class='ocrx_word' id='word_1_283' title='bbox 609 3257 661 3296; x_wconf 86' lang='lat' dir='ltr'><strong>suo</strong></span> <span class='ocrx_word' id='word_1_284' title='bbox 680 3259 820 3302; x_wconf 75' lang='lat' dir='ltr'><strong>sanorem,</strong></span> 
     </span>
    </p>
   </div>
   <div class='ocr_carea' id='block_1_4' title="bbox 83 3362 1111 3620">
    <p class='ocr_par' dir='ltr' id='par_1_4' title="bbox 83 3362 1111 3620">
     <span class='ocr_line' id='line_1_36' title="bbox 157 3362 1103 3440; baseline 0.003 -17"><span class='ocrx_word' id='word_1_285' title='bbox 157 3362 254 3424; x_wconf 89' lang='lat' dir='ltr'><strong>Fuisti</strong></span> <span class='ocrx_word' id='word_1_286' title='bbox 269 3364 343 3427; x_wconf 84' lang='lat' dir='ltr'><strong>here</strong></span> <span class='ocrx_word' id='word_1_287' title='bbox 358 3362 529 3425; x_wconf 88' lang='lat' dir='ltr'><strong>nobiscum.</strong></span> <span class='ocrx_word' id='word_1_288' title='bbox 564 3364 656 3425; x_wconf 88' lang='lat' dir='ltr'><strong>Potes</strong></span> <span class='ocrx_word' id='word_1_289' title='bbox 679 3367 781 3440; x_wconf 88' lang='lat' dir='ltr'><strong>queri,</strong></span> <span class='ocrx_word' id='word_1_290' title='bbox 808 3366 836 3426; x_wconf 90' lang='lat' dir='ltr'><strong>si</strong></span> <span class='ocrx_word' id='word_1_291' title='bbox 856 3366 928 3425; x_wconf 88' lang='lat' dir='ltr'><strong>here</strong></span> <span class='ocrx_word' id='word_1_292' title='bbox 949 3373 1073 3427; x_wconf 87' lang='lat' dir='ltr'><strong>tanturn.</strong></span> <span class='ocrx_word' id='word_1_293' title='bbox 1090 3376 1103 3426; x_wconf 89' lang='lat'>1</span> 
     </span>
     <span class='ocr_line' id='line_1_37' title="bbox 95 3447 1086 3525; baseline 0 -19"><span class='ocrx_word' id='word_1_294' title='bbox 95 3447 192 3521; x_wconf 89' lang='lat' dir='ltr'><strong>[ideo]</strong></span> <span class='ocrx_word' id='word_1_295' title='bbox 208 3448 316 3509; x_wconf 84' lang='lat' dir='ltr'><strong>adieci</strong></span> <span class='ocrx_word' id='word_1_296' title='bbox 328 3449 543 3510; x_wconf 87' lang='lat' dir='ltr'><strong>nobiscum.</strong></span> <span class='ocrx_word' id='word_1_297' title='bbox 580 3465 701 3512; x_wconf 87' lang='lat' dir='ltr'><strong>mecum</strong></span> <span class='ocrx_word' id='word_1_298' title='bbox 716 3450 800 3512; x_wconf 89' lang='lat' dir='ltr'><strong>enim</strong></span> <span class='ocrx_word' id='word_1_299' title='bbox 813 3464 938 3525; x_wconf 81' lang='lat' dir='ltr'><strong>semper</strong></span> <span class='ocrx_word' id='word_1_300' title='bbox 961 3464 1018 3507; x_wconf 63' lang='lat' dir='ltr'><strong>es=⁸</strong></span> <span class='ocrx_word' id='word_1_301' title='bbox 1034 3451 1086 3506; x_wconf 73' lang='lat' dir='ltr'><strong>‘xn-</strong></span> 
     </span>
     <span class='ocr_line' id='line_1_38' title="bbox 83 3530 1111 3620; baseline -0.002 -33"><span class='ocrx_word' id='word_1_302' title='bbox 83 3536 285 3591; x_wconf 71' lang='lat' dir='ltr'><strong>¹tarvanerant</strong></span> <span class='ocrx_word' id='word_1_303' title='bbox 298 3533 422 3617; x_wconf 85' lang='lat' dir='ltr'><strong>quidam</strong></span> <span class='ocrx_word' id='word_1_304' title='bbox 437 3536 545 3612; x_wconf 74' lang='lat' dir='ltr'><strong>amici,</strong></span> <span class='ocrx_word' id='word_1_305' title='bbox 556 3545 687 3616; x_wconf 86' lang='lat' dir='ltr'><strong>propter</strong></span> <span class='ocrx_word' id='word_1_306' title='bbox 706 3555 793 3620; x_wconf 83' lang='lat' dir='ltr'><strong>quos</strong></span> <span class='ocrx_word' id='word_1_307' title='bbox 805 3538 909 3600; x_wconf 70' lang='lat' dir='ltr'><strong>maror</strong></span> <span class='ocrx_word' id='word_1_308' title='bbox 926 3533 1040 3592; x_wconf 75' lang='lat' dir='ltr'><strong>iurnus</strong></span> <span class='ocrx_word' id='word_1_309' title='bbox 1049 3530 1111 3587; x_wconf 70' lang='lat' dir='ltr'><strong>lxe-</strong></span> 
     </span>
    </p>
   </div>
   <div class='ocr_carea' id='block_1_5' title="bbox 0 0 1216 3862">
    <p class='ocr_par' dir='ltr' id='par_1_5' title="bbox 0 0 1216 3862">
     <span class='ocr_line' id='line_1_39' title="bbox 0 0 1216 3862; baseline 0 0"><span class='ocrx_word' id='word_1_310' title='bbox 0 0 1216 3862; x_wconf 95' lang='lat' dir='ltr'><strong> </strong></span> 
     </span>
    </p>
   </div>
  </div>
 </body>
</html>
