2422 3862
46 293 51 304 .
126 244 169 306 oo
412 237 813 319 n.nnunn1snnacnn

128 394 315 456 versiamde
331 398 545 456 senectute.
567 392 648 453 hunc
666 393 719 462 ait
733 408 823 453 esse
838 393 973 452 liorem
990 406 1106 454 suum.

97 487 115 540 3
130 479 292 540 credamus
307 477 364 537 illi:
380 477 461 538 bono
477 493 534 538 suo
549 483 658 539 utatur.
687 476 733 536 ire
748 477 778 536 in
795 478 1010 552 cogitationem
1025 477 1108 539 iubet

129 572 160 625 et
173 562 341 638 dispicere,
370 560 444 636 quid
465 578 505 621 ex
524 561 583 622 hac
597 561 811 636 tranquillitate
826 577 862 621 ac
877 560 1029 622 modestia
1044 578 1108 622 mo·

128 665 196 711 rum
211 646 381 722 sapientiae
396 646 541 719 debeam,
568 646 642 720 quid
663 645 767 717 aetati,
795 653 825 705 et
839 644 1000 718 diligenter
1015 661 1109 708 excu-

128 739 201 806 tere,
219 746 299 808 quae
313 747 374 791 non
390 730 508 804 possim
524 731 635 802 lacere,
653 745 735 804 quae
750 729 858 789 nolim:
873 730 991 808 [quidni
1003 729 1110 802 satem

127 821 250 878 multum
263 816 337 876 milti
348 822 522 876 smoeetutem
537 830 586 887 eo,
601 815 682 890 qaod
692 830 751 874 non
760 829 883 889 possam
896 813 1018 888 facere,
1033 831 1111 889 qaae

128 901 250 977 nolim]
272 899 439 976 prodesse,
465 898 624 959 habiturus
646 912 759 972 aeque,
783 897 811 958 si
831 898 924 958 nolim
945 898 1111 973 quicquam

129 1002 191 1046 non
214 1000 310 1060 posse
331 998 380 1044 me
401 983 557 1058 gauderet
589 997 668 1058 quae
690 981 769 1041 eninr
791 980 917 1057 querela
938 989 999 1055 est,
1024 982 1111 1058 quod

101 1069 366 1142 lineommodum,
382 1068 407 1126 si
423 1065 570 1143 quicquid
584 1067 695 1127 debeat
709 1065 860 1138 desinere,
877 1065 1010 1127 deleeitl
1042 1068 1109 1141 „In-

131 1154 326 1216 commodum
341 1168 490 1213 summum
508 1159 570 1223 est,
587 1151 705 1226 inquis,
720 1151 823 1224 minui,
839 1151 891 1229 [el]
907 1150 1060 1225 deperire,
1082 1157 1112 1212 et

130 1246 164 1300 ut
179 1237 304 1312 proprie
320 1237 427 1310 dicam,
450 1234 632 1310 liquescere.
654 1251 716 1295 non
731 1233 811 1294 enim
827 1235 928 1295 subito
944 1235 1059 1310 inpulsi
1074 1250 1111 1295 ne

133 1319 277 1397 prostrati
294 1336 415 1380 sumus:
445 1320 605 1395 carpimur.
634 1319 745 1394 singuli
763 1319 831 1380 dies
852 1318 968 1394 aliquid
992 1320 1109 1379 subtra
1133 1330 1137 1337 '

132 1405 207 1465 hunt
227 1404 372 1465 viribus.“
403 1404 442 1464 Et
462 1405 531 1479 quis
553 1404 654 1465 exitus
675 1410 723 1464 est
743 1403 850 1464 melior
865 1419 958 1479 quarn
973 1403 1004 1463 in
1019 1403 1110 1464 linem

133 1506 222 1551 suum
245 1495 352 1549 natura
372 1489 513 1549 solvente
534 1488 648 1548 dilabi?
672 1504 734 1549 non
750 1488 822 1563 quia
833 1488 950 1563 aliquid
966 1487 1038 1548 mali
1054 1487 1110 1564 [sit]

133 1575 210 1635 ictus
227 1582 256 1634 et
278 1588 295 1632 e
317 1573 377 1633 vita
390 1574 568 1648 repentinus
584 1587 750 1646 excessus,
775 1572 832 1633 sed
847 1572 919 1648 quia
939 1572 1019 1633 lenis
1034 1570 1111 1631 haee

133 1665 181 1719 est
194 1658 252 1730 via,
274 1655 414 1718 subduci.
448 1656 514 1731 Ego
531 1665 628 1731 certe,
650 1657 732 1717 velut
745 1656 974 1733 adpropinquet
990 1655 1111 1732 experi-

133 1751 269 1803 mentum
283 1750 313 1802 et
327 1738 378 1802 ille
393 1744 509 1802 laturus
522 1740 702 1802 sententiam
718 1743 758 1801 de
774 1740 915 1801 omnibus
931 1739 1020 1801 annis
1034 1738 1111 1800 meis

104 1826 198 1887 adies
213 1824 338 1899 venerit,
355 1824 396 1885 ita
410 1841 459 1885 me
473 1826 605 1886 observo
622 1831 651 1885 el
666 1825 835 1901 adloquor:
872 1825 972 1899 „Nihil
987 1832 1051 1898 est,
1067 1825 1111 1883 in-

135 1927 241 1986 quam,
268 1909 384 1983 adbuc,
414 1912 497 1986 quod
518 1918 570 1971 eut
590 1909 682 1970 rebus
703 1916 756 1970 aut
780 1910 882 1970 verbis
905 1907 1110 1970 exhibuimus.

134 1996 213 2055 levia
235 2000 306 2055 sunt
326 1995 385 2054 isla
405 2001 435 2055 et
456 1995 575 2055 fallacia
597 1995 725 2069 pignora
739 1994 832 2054 animi
845 1994 1012 2070 multisque
1026 1992 1110 2052 invo-

134 2080 196 2139 luta
213 2077 386 2138 lenociniis:
411 2080 511 2154 quod
535 2079 786 2154 profecerim,
808 2086 929 2141 morte
945 2077 1110 2138 ereditu-

134 2179 198 2223 rus
221 2178 309 2222 sum.
348 2161 415 2223 Non
436 2162 540 2223 timide
560 2161 665 2238 itaque
687 2177 849 2237 conponor
866 2163 906 2223 ad
921 2162 1005 2223 illum
1021 2162 1110 2232 diem,

135 2262 196 2323 quo
218 2247 343 2306 remotis
366 2245 501 2320 strophis
529 2262 565 2306 ac
587 2247 665 2307 lucis
687 2247 727 2306 de
749 2263 797 2307 me
819 2247 1009 2308 iudicaturus
1034 2261 1111 2319 sum,

134 2338 234 2392 utrum
256 2330 367 2405 loquar
383 2329 526 2391 fortisan
548 2331 690 2404 sentiam,
711 2331 859 2405 numquid
880 2329 1032 2393 simulatio
1048 2332 1111 2391 lue·

135 2415 172 2477 rit
189 2421 220 2475 et
233 2416 353 2486 mimus,
372 2415 518 2489 quicquid
534 2423 640 2476 contra
656 2414 808 2476 fortunam
823 2417 933 2476 iactavi
949 2416 1111 2477 verborum

106 2499 368 2560 tcontumacium.
407 2499 543 2561 Remove
556 2497 809 2561 existimationem
827 2500 997 2562 hominum:
1021 2499 1113 2561 dubia

135 2599 257 2661 semper
272 2590 320 2644 est
334 2589 364 2643 el
378 2583 407 2642 in
429 2590 544 2657 partem
557 2590 719 2658 utramque
734 2585 887 2646 dividitur.
910 2600 1036 2646 remove
1051 2592 1111 2645 stu·

134 2671 186 2729 dia
202 2674 266 2727 tota
282 2668 344 2727 vita
364 2673 506 2727 tractata:
532 2684 616 2728 mors
631 2667 671 2728 de
685 2677 715 2729 te
731 2671 961 2745 pronuntiatura
975 2678 1033 2730 est.
1069 2669 1113 2727 Ita
1139 2664 1144 2673 '

135 2754 220 2813 dico=
242 2751 465 2825 disputationes
481 2758 511 2811 et
525 2753 642 2813 literato
657 2754 822 2829 conloquia
836 2762 867 2815 et
880 2770 919 2813 ex
937 2753 1111 2829 praeceptis

135 2835 318 2910 sapientium
336 2836 429 2896 verba
450 2836 579 2897 collecta
599 2844 629 2897 et
649 2838 787 2899 eruditus
799 2844 910 2899 'sermo
925 2853 987 2898 non
1010 2845 1111 2898 osten·

135 2921 210 2981 dunt
226 2933 330 2979 verum
343 2920 437 2981 robur
451 2921 552 2981 animi.
574 2929 622 2982 est
641 2922 721 2981 enim
738 2923 834 2983 oratio
851 2923 942 2983 etiam
956 2920 1111 2982 timidissi-

134 3002 192 3064 mis
214 3003 330 3063 audax:
359 3004 433 3080 quid
454 3005 570 3080 egeris,
602 3011 674 3066 tunc
688 3007 864 3082 adparebit,
897 3022 968 3067 cum
981 3007 1112 3066 animam

135 3103 219 3164 ages.
257 3088 385 3163 Accipio
408 3089 628 3163 conditionem,
662 3106 723 3150 non
744 3091 910 3152 reformido
936 3090 1111 3152 iudicium.“

105 3181 120 3236 7
133 3173 218 3233 Haec
232 3188 350 3234 mecum
366 3174 485 3250 loquor,
502 3174 558 3236 sed
573 3181 672 3234 tecum
685 3191 809 3252 quoque
821 3191 870 3235 me
881 3176 1018 3237 locutum
1030 3181 1109 3251 puta.

134 3257 277 3317 Iuvenior
291 3273 340 3319 es·
365 3260 439 3336 quid
453 3260 566 3320 refert?
587 3274 648 3318 non
666 3257 894 3321 dinumerantur
910 3257 991 3320 anni.
1015 3258 1110 3321 incer·

135 3351 197 3403 tum
218 3350 279 3415 est,
309 3361 372 3420 quo
394 3345 463 3405 loeo
488 3351 518 3404 te
541 3359 624 3404 mors
644 3351 818 3421 exspectet:
847 3342 952 3420 itaque
977 3350 1011 3406 tu
1031 3342 1109 3404 illam

135 3427 217 3489 omni
231 3429 300 3489 loeo
316 3435 474 3503 exspecta.

87 3517 112 3569 θ
181 3511 363 3574 Desinere
352 3529 415 3574 ram
431 3511 577 3575 volebam
591 3520 623 3575 et
635 3529 747 3575 manus
762 3470 925 3589 spectabat
934 3513 980 3573 ad
989 3515 1105 3574 clausu·
