<?xml version="1.0" encoding="UTF-8"?>
<!DOCTYPE html PUBLIC "-//W3C//DTD XHTML 1.0 Transitional//EN"
    "http://www.w3.org/TR/xhtml1/DTD/xhtml1-transitional.dtd">
<html xmlns="http://www.w3.org/1999/xhtml" xml:lang="en" lang="en">
 <head>
  <title>
</title>
<meta http-equiv="Content-Type" content="text/html;charset=utf-8" />
  <meta name='ocr-system' content='tesseract 3.04.00' />
  <meta name='ocr-capabilities' content='ocr_page ocr_carea ocr_par ocr_line ocrx_word'/>
</head>
<body>
  <div class='ocr_page' id='page_1' title='image "./lannaeisenecaeo06senegoog_0139.png"; bbox 0 0 2422 3862; ppageno 0'>
   <div class='ocr_carea' id='block_1_1' title="bbox 177 191 863 298">
    <p class='ocr_par' dir='ltr' id='par_1_1' title="bbox 177 191 863 298">
     <span class='ocr_line' id='line_1_1' title="bbox 177 191 863 298; baseline -0.004 -2"><span class='ocrx_word' id='word_1_1' title='bbox 177 234 239 298; x_wconf 84' lang='lat'><strong>104</strong></span> <span class='ocrx_word' id='word_1_2' title='bbox 466 235 499 295; x_wconf 83' lang='lat' dir='ltr'><strong>t.</strong></span> <span class='ocrx_word' id='word_1_3' title='bbox 519 234 666 295; x_wconf 81' lang='lat' dir='ltr'><strong>annam</strong></span> <span class='ocrx_word' id='word_1_4' title='bbox 690 191 863 295; x_wconf 79' lang='lat' dir='ltr'><strong>sennenn</strong></span> 
     </span>
    </p>
   </div>
   <div class='ocr_carea' id='block_1_2' title="bbox 147 386 1157 1203">
    <p class='ocr_par' dir='ltr' id='par_1_2' title="bbox 175 386 1157 533">
     <span class='ocr_line' id='line_1_2' title="bbox 175 386 1156 464; baseline 0.001 -17"><span class='ocrx_word' id='word_1_5' title='bbox 175 387 246 463; x_wconf 90' lang='lat' dir='ltr'><strong>pelli</strong></span> <span class='ocrx_word' id='word_1_6' title='bbox 262 393 292 448; x_wconf 89' lang='lat' dir='ltr'><strong>et</strong></span> <span class='ocrx_word' id='word_1_7' title='bbox 305 388 460 449; x_wconf 89' lang='lat' dir='ltr'><strong>exturbari</strong></span> <span class='ocrx_word' id='word_1_8' title='bbox 471 395 618 462; x_wconf 83' lang='lat' dir='ltr'><strong>possunt:</strong></span> <span class='ocrx_word' id='word_1_9' title='bbox 641 386 771 447; x_wconf 91' lang='lat' dir='ltr'><strong>fideliter</strong></span> <span class='ocrx_word' id='word_1_10' title='bbox 782 388 907 462; x_wconf 90' lang='lat' dir='ltr'><strong>sedent,</strong></span> <span class='ocrx_word' id='word_1_11' title='bbox 923 401 1001 464; x_wconf 89' lang='lat' dir='ltr'><strong>quae</strong></span> <span class='ocrx_word' id='word_1_12' title='bbox 1012 388 1043 447; x_wconf 90' lang='lat' dir='ltr'><strong>in</strong></span> <span class='ocrx_word' id='word_1_13' title='bbox 1054 388 1156 450; x_wconf 90' lang='lat' dir='ltr'><strong>locum</strong></span> 
     </span>
     <span class='ocr_line' id='line_1_3' title="bbox 178 471 1157 533; baseline 0.002 -2"><span class='ocrx_word' id='word_1_14' title='bbox 178 488 267 533; x_wconf 91' lang='lat' dir='ltr'><strong>suum</strong></span> <span class='ocrx_word' id='word_1_15' title='bbox 278 471 413 531; x_wconf 89' lang='lat' dir='ltr'><strong>veniunt.</strong></span> <span class='ocrx_word' id='word_1_16' title='bbox 433 472 529 532; x_wconf 90' lang='lat' dir='ltr'><strong>virtus</strong></span> <span class='ocrx_word' id='word_1_17' title='bbox 542 471 713 532; x_wconf 90' lang='lat' dir='ltr'><strong>secundum</strong></span> <span class='ocrx_word' id='word_1_18' title='bbox 724 478 862 532; x_wconf 90' lang='lat' dir='ltr'><strong>naturam</strong></span> <span class='ocrx_word' id='word_1_19' title='bbox 874 481 934 533; x_wconf 84' lang='lat' dir='ltr'><strong>est:</strong></span> <span class='ocrx_word' id='word_1_20' title='bbox 950 471 1024 531; x_wconf 91' lang='lat' dir='ltr'><strong>vitia</strong></span> <span class='ocrx_word' id='word_1_21' title='bbox 1035 471 1157 533; x_wconf 92' lang='lat' dir='ltr'><strong>inimica</strong></span> 
     </span>
    </p>

    <p class='ocr_par' dir='ltr' id='par_1_3' title="bbox 147 554 1156 1203">
     <span class='ocr_line' id='line_1_4' title="bbox 147 554 1156 631; baseline 0.001 -16"><span class='ocrx_word' id='word_1_22' title='bbox 147 561 207 615; x_wconf 72' lang='lat' dir='ltr'><strong>bet</strong></span> <span class='ocrx_word' id='word_1_23' title='bbox 231 554 342 615; x_wconf 85' lang='lat' dir='ltr'><strong>infesta</strong></span> <span class='ocrx_word' id='word_1_24' title='bbox 367 561 464 615; x_wconf 86' lang='lat' dir='ltr'><strong>sunt·</strong></span> <span class='ocrx_word' id='word_1_25' title='bbox 491 555 553 615; x_wconf 85' lang='lat' dir='ltr'><strong>Sed</strong></span> <span class='ocrx_word' id='word_1_26' title='bbox 580 554 836 631; x_wconf 84' lang='lat' dir='ltr'>quemadmodum</span> <span class='ocrx_word' id='word_1_27' title='bbox 861 556 988 615; x_wconf 90' lang='lat' dir='ltr'><strong>virtutes</strong></span> <span class='ocrx_word' id='word_1_28' title='bbox 1011 563 1156 630; x_wconf 81' lang='lat' dir='ltr'>receptae</span> 
     </span>
     <span class='ocr_line' id='line_1_5' title="bbox 177 635 1156 714; baseline 0.001 -16"><span class='ocrx_word' id='word_1_29' title='bbox 177 639 262 698; x_wconf 89' lang='lat' dir='ltr'><strong>exire</strong></span> <span class='ocrx_word' id='word_1_30' title='bbox 277 655 338 698; x_wconf 94' lang='lat' dir='ltr'><strong>non</strong></span> <span class='ocrx_word' id='word_1_31' title='bbox 354 646 487 713; x_wconf 87' lang='lat' dir='ltr'><strong>possunt</strong></span> <span class='ocrx_word' id='word_1_32' title='bbox 502 639 663 714; x_wconf 80' lang='lat' dir='ltr'><strong>facilisque</strong></span> <span class='ocrx_word' id='word_1_33' title='bbox 678 655 782 699; x_wconf 89' lang='lat' dir='ltr'><strong>earum</strong></span> <span class='ocrx_word' id='word_1_34' title='bbox 797 641 889 700; x_wconf 88' lang='lat' dir='ltr'><strong>tutela</strong></span> <span class='ocrx_word' id='word_1_35' title='bbox 903 646 965 713; x_wconf 90' lang='lat' dir='ltr'><strong>est,</strong></span> <span class='ocrx_word' id='word_1_36' title='bbox 986 635 1028 698; x_wconf 91' lang='lat' dir='ltr'><strong>ita</strong></span> <span class='ocrx_word' id='word_1_37' title='bbox 1040 639 1156 701; x_wconf 90' lang='lat' dir='ltr'><strong>initium</strong></span> 
     </span>
     <span class='ocr_line' id='line_1_6' title="bbox 176 721 1156 798; baseline 0.003 -17"><span class='ocrx_word' id='word_1_38' title='bbox 176 723 216 782; x_wconf 89' lang='lat' dir='ltr'><strong>ad</strong></span> <span class='ocrx_word' id='word_1_39' title='bbox 231 722 407 782; x_wconf 86' lang='lat' dir='ltr'><strong>illaseundi</strong></span> <span class='ocrx_word' id='word_1_40' title='bbox 425 723 571 795; x_wconf 90' lang='lat' dir='ltr'><strong>arduum,</strong></span> <span class='ocrx_word' id='word_1_41' title='bbox 592 723 664 797; x_wconf 89' lang='lat' dir='ltr'><strong>quia</strong></span> <span class='ocrx_word' id='word_1_42' title='bbox 679 722 739 783; x_wconf 93' lang='lat' dir='ltr'><strong>hoc</strong></span> <span class='ocrx_word' id='word_1_43' title='bbox 754 721 882 798; x_wconf 91' lang='lat' dir='ltr'><strong>primum</strong></span> <span class='ocrx_word' id='word_1_44' title='bbox 896 721 1058 782; x_wconf 80' lang='lat' dir='ltr'><strong>inbecillae</strong></span> <span class='ocrx_word' id='word_1_45' title='bbox 1072 739 1156 784; x_wconf 88' lang='lat' dir='ltr'><strong>men·</strong></span> 
     </span>
     <span class='ocr_line' id='line_1_7' title="bbox 176 805 1155 882; baseline 0.001 -15"><span class='ocrx_word' id='word_1_46' title='bbox 176 808 214 867; x_wconf 89' lang='lat' dir='ltr'><strong>tis</strong></span> <span class='ocrx_word' id='word_1_47' title='bbox 229 814 321 881; x_wconf 89' lang='lat' dir='ltr'><strong>atque</strong></span> <span class='ocrx_word' id='word_1_48' title='bbox 333 822 444 882; x_wconf 81' lang='lat' dir='ltr'><strong>aegrae</strong></span> <span class='ocrx_word' id='word_1_49' title='bbox 456 813 518 879; x_wconf 89' lang='lat' dir='ltr'><strong>est,</strong></span> <span class='ocrx_word' id='word_1_50' title='bbox 535 805 698 866; x_wconf 84' lang='lat' dir='ltr'><strong>formidare</strong></span> <span class='ocrx_word' id='word_1_51' title='bbox 709 808 877 882; x_wconf 86' lang='lat' dir='ltr'><strong>inexperta.</strong></span> <span class='ocrx_word' id='word_1_52' title='bbox 899 806 1002 881; x_wconf 87' lang='lat' dir='ltr'><strong>itaque</strong></span> <span class='ocrx_word' id='word_1_53' title='bbox 1016 809 1155 881; x_wconf 89' lang='lat' dir='ltr'><strong>cogenda</strong></span> 
     </span>
     <span class='ocr_line' id='line_1_8' title="bbox 176 889 1155 965; baseline -0.002 -15"><span class='ocrx_word' id='word_1_54' title='bbox 176 898 223 950; x_wconf 90' lang='lat' dir='ltr'><strong>est</strong></span> <span class='ocrx_word' id='word_1_55' title='bbox 244 894 371 964; x_wconf 89' lang='lat' dir='ltr'><strong>[mens],</strong></span> <span class='ocrx_word' id='word_1_56' title='bbox 392 899 425 950; x_wconf 94' lang='lat' dir='ltr'><strong>ut</strong></span> <span class='ocrx_word' id='word_1_57' title='bbox 439 889 581 965; x_wconf 72' lang='lat' dir='ltr'><strong>incipiat:</strong></span> <span class='ocrx_word' id='word_1_58' title='bbox 606 891 717 950; x_wconf 88' lang='lat' dir='ltr'><strong>deinde</strong></span> <span class='ocrx_word' id='word_1_59' title='bbox 731 907 791 952; x_wconf 92' lang='lat' dir='ltr'><strong>non</strong></span> <span class='ocrx_word' id='word_1_60' title='bbox 808 897 856 950; x_wconf 89' lang='lat' dir='ltr'><strong>est</strong></span> <span class='ocrx_word' id='word_1_61' title='bbox 869 891 981 950; x_wconf 88' lang='lat' dir='ltr'><strong>acerba</strong></span> <span class='ocrx_word' id='word_1_62' title='bbox 995 891 1155 951; x_wconf 89' lang='lat' dir='ltr'><strong>medicina.</strong></span> 
     </span>
     <span class='ocr_line' id='line_1_9' title="bbox 177 974 1155 1050; baseline 0.001 -16"><span class='ocrx_word' id='word_1_63' title='bbox 177 976 316 1050; x_wconf 89' lang='lat' dir='ltr'><strong>protinus</strong></span> <span class='ocrx_word' id='word_1_64' title='bbox 332 974 413 1034; x_wconf 90' lang='lat' dir='ltr'><strong>enim</strong></span> <span class='ocrx_word' id='word_1_65' title='bbox 426 975 570 1048; x_wconf 87' lang='lat' dir='ltr'><strong>delectat,</strong></span> <span class='ocrx_word' id='word_1_66' title='bbox 587 974 659 1034; x_wconf 92' lang='lat' dir='ltr'><strong>dum</strong></span> <span class='ocrx_word' id='word_1_67' title='bbox 670 983 767 1035; x_wconf 90' lang='lat' dir='ltr'><strong>sanat.</strong></span> <span class='ocrx_word' id='word_1_68' title='bbox 802 975 940 1034; x_wconf 84' lang='lat' dir='ltr'><strong>Aliorum</strong></span> <span class='ocrx_word' id='word_1_69' title='bbox 951 975 1155 1035; x_wconf 85' lang='lat' dir='ltr'><strong>remediorum</strong></span> 
     </span>
     <span class='ocr_line' id='line_1_10' title="bbox 177 1057 1154 1133; baseline 0 -14"><span class='ocrx_word' id='word_1_70' title='bbox 177 1066 248 1133; x_wconf 91' lang='lat' dir='ltr'><strong>post</strong></span> <span class='ocrx_word' id='word_1_71' title='bbox 269 1059 429 1119; x_wconf 87' lang='lat' dir='ltr'><strong>sanitatem</strong></span> <span class='ocrx_word' id='word_1_72' title='bbox 447 1060 591 1132; x_wconf 89' lang='lat' dir='ltr'><strong>voluptas</strong></span> <span class='ocrx_word' id='word_1_73' title='bbox 607 1064 669 1118; x_wconf 83' lang='lat' dir='ltr'><strong>est:</strong></span> <span class='ocrx_word' id='word_1_74' title='bbox 692 1057 887 1133; x_wconf 85' lang='lat' dir='ltr'><strong>philosophia</strong></span> <span class='ocrx_word' id='word_1_75' title='bbox 902 1059 1016 1132; x_wconf 88' lang='lat' dir='ltr'><strong>pariter</strong></span> <span class='ocrx_word' id='word_1_76' title='bbox 1032 1060 1154 1119; x_wconf 88' lang='lat' dir='ltr'><strong>etsalu·</strong></span> 
     </span>
     <span class='ocr_line' id='line_1_11' title="bbox 174 1141 597 1203; baseline -0.005 -1"><span class='ocrx_word' id='word_1_77' title='bbox 174 1145 248 1203; x_wconf 86' lang='lat' dir='ltr'><strong>laris</strong></span> <span class='ocrx_word' id='word_1_78' title='bbox 264 1151 294 1203; x_wconf 89' lang='lat' dir='ltr'><strong>et</strong></span> <span class='ocrx_word' id='word_1_79' title='bbox 308 1142 406 1202; x_wconf 89' lang='lat' dir='ltr'><strong>dulcis</strong></span> <span class='ocrx_word' id='word_1_80' title='bbox 422 1150 478 1202; x_wconf 91' lang='lat' dir='ltr'><strong>est.</strong></span> <span class='ocrx_word' id='word_1_81' title='bbox 510 1141 597 1202; x_wconf 87' lang='lat' dir='ltr'><strong>Vale.</strong></span> 
     </span>
    </p>
   </div>
   <div class='ocr_carea' id='block_1_3' title="bbox 328 1277 897 1426">
    <p class='ocr_par' dir='ltr' id='par_1_4' title="bbox 328 1277 897 1426">
     <span class='ocr_line' id='line_1_12' title="bbox 328 1277 846 1352; baseline 0.01 -18"><span class='ocrx_word' id='word_1_82' title='bbox 328 1277 374 1352; x_wconf 43' lang='grc' dir='ltr'><strong>κζ</strong></span> <span class='ocrx_word' id='word_1_83' title='bbox 474 1277 689 1336; x_wconf 85' lang='lat' dir='ltr'><strong>EPISTULA</strong></span> <span class='ocrx_word' id='word_1_84' title='bbox 708 1279 755 1334; x_wconf 91' lang='lat' dir='ltr'><strong>Xl.</strong></span> <span class='ocrx_word' id='word_1_85' title='bbox 775 1279 846 1350; x_wconf 79' lang='lat' dir='ltr'><strong>(bl.)</strong></span> 
     </span>
     <span class='ocr_line' id='line_1_13' title="bbox 427 1372 897 1426; baseline 0 -2"><span class='ocrx_word' id='word_1_86' title='bbox 427 1372 538 1426; x_wconf 73' lang='lat' dir='ltr'><strong>Seneca</strong></span> <span class='ocrx_word' id='word_1_87' title='bbox 555 1375 666 1426; x_wconf 84' lang='lat' dir='ltr'><strong>Lucmro</strong></span> <span class='ocrx_word' id='word_1_88' title='bbox 686 1386 738 1425; x_wconf 88' lang='lat' dir='ltr'><strong>suo</strong></span> <span class='ocrx_word' id='word_1_89' title='bbox 758 1386 897 1426; x_wconf 70' lang='lat' dir='ltr'><strong>susurru.</strong></span> 
     </span>
    </p>
   </div>
   <div class='ocr_carea' id='block_1_4' title="bbox 93 1477 1154 3582">
    <p class='ocr_par' dir='ltr' id='par_1_5' title="bbox 148 1477 1154 2143">
     <span class='ocr_line' id='line_1_14' title="bbox 148 1477 1154 1554; baseline 0 -17"><span class='ocrx_word' id='word_1_90' title='bbox 148 1497 162 1546; x_wconf 94' lang='lat'>1</span> <span class='ocrx_word' id='word_1_91' title='bbox 239 1477 398 1552; x_wconf 81' lang='lat' dir='ltr'><strong>Quomodo</strong></span> <span class='ocrx_word' id='word_1_92' title='bbox 421 1477 553 1553; x_wconf 89' lang='lat' dir='ltr'><strong>quisque</strong></span> <span class='ocrx_word' id='word_1_93' title='bbox 576 1485 692 1554; x_wconf 89' lang='lat' dir='ltr'><strong>potest,</strong></span> <span class='ocrx_word' id='word_1_94' title='bbox 719 1478 761 1536; x_wconf 92' lang='lat' dir='ltr'><strong>mi</strong></span> <span class='ocrx_word' id='word_1_95' title='bbox 780 1477 890 1539; x_wconf 82' lang='lat' dir='ltr'><strong>Lucili:</strong></span> <span class='ocrx_word' id='word_1_96' title='bbox 920 1485 953 1538; x_wconf 92' lang='lat' dir='ltr'><strong>tu</strong></span> <span class='ocrx_word' id='word_1_97' title='bbox 974 1477 1043 1538; x_wconf 88' lang='lat' dir='ltr'><strong>istic</strong></span> <span class='ocrx_word' id='word_1_98' title='bbox 1059 1478 1154 1537; x_wconf 88' lang='lat' dir='ltr'><strong>habes</strong></span> 
     </span>
     <span class='ocr_line' id='line_1_15' title="bbox 176 1560 1154 1637; baseline -0.001 -15"><span class='ocrx_word' id='word_1_99' title='bbox 176 1566 305 1623; x_wconf 79' lang='lat' dir='ltr'><strong>Aetnam</strong></span> <span class='ocrx_word' id='word_1_100' title='bbox 318 1561 412 1636; x_wconf 92' lang='lat' dir='ltr'><strong>[illum</strong></span> <span class='ocrx_word' id='word_1_101' title='bbox 425 1560 647 1623; x_wconf 91' lang='lat' dir='ltr'><strong>nobilissimum</strong></span> <span class='ocrx_word' id='word_1_102' title='bbox 660 1561 779 1622; x_wconf 88' lang='lat' dir='ltr'><strong>Siciliae</strong></span> <span class='ocrx_word' id='word_1_103' title='bbox 790 1567 934 1634; x_wconf 90' lang='lat' dir='ltr'><strong>montem]</strong></span> <span class='ocrx_word' id='word_1_104' title='bbox 945 1566 1051 1637; x_wconf 92' lang='lat' dir='ltr'><strong>(quem</strong></span> <span class='ocrx_word' id='word_1_105' title='bbox 1060 1577 1154 1636; x_wconf 90' lang='lat' dir='ltr'><strong>quare</strong></span> 
     </span>
     <span class='ocr_line' id='line_1_16' title="bbox 177 1644 1153 1724; baseline 0.003 -19"><span class='ocrx_word' id='word_1_106' title='bbox 177 1647 287 1708; x_wconf 79' lang='lat' dir='ltr'><strong>dixerit</strong></span> <span class='ocrx_word' id='word_1_107' title='bbox 300 1646 446 1707; x_wconf 85' lang='lat' dir='ltr'><strong>Messalla</strong></span> <span class='ocrx_word' id='word_1_108' title='bbox 460 1647 628 1721; x_wconf 89' lang='lat' dir='ltr'><strong>unicum,</strong></span> <span class='ocrx_word' id='word_1_109' title='bbox 651 1646 717 1706; x_wconf 88' lang='lat' dir='ltr'><strong>sive</strong></span> <span class='ocrx_word' id='word_1_110' title='bbox 730 1644 874 1720; x_wconf 89' lang='lat' dir='ltr'><strong>Valgius,</strong></span> <span class='ocrx_word' id='word_1_111' title='bbox 895 1646 977 1720; x_wconf 92' lang='lat' dir='ltr'><strong>apud</strong></span> <span class='ocrx_word' id='word_1_112' title='bbox 993 1653 1153 1724; x_wconf 85' lang='lat' dir='ltr'><strong>utrumque</strong></span> 
     </span>
     <span class='ocr_line' id='line_1_17' title="bbox 176 1728 1153 1806; baseline 0.001 -16"><span class='ocrx_word' id='word_1_113' title='bbox 176 1730 255 1791; x_wconf 91' lang='lat' dir='ltr'><strong>enim</strong></span> <span class='ocrx_word' id='word_1_114' title='bbox 270 1733 345 1805; x_wconf 89' lang='lat' dir='ltr'><strong>legi,</strong></span> <span class='ocrx_word' id='word_1_115' title='bbox 360 1747 421 1792; x_wconf 92' lang='lat' dir='ltr'><strong>non</strong></span> <span class='ocrx_word' id='word_1_116' title='bbox 433 1731 570 1805; x_wconf 87' lang='lat' dir='ltr'><strong>reperio,</strong></span> <span class='ocrx_word' id='word_1_117' title='bbox 587 1746 655 1792; x_wconf 84' lang='lat' dir='ltr'><strong>eum</strong></span> <span class='ocrx_word' id='word_1_118' title='bbox 668 1728 797 1806; x_wconf 86' lang='lat' dir='ltr'><strong>plurima</strong></span> <span class='ocrx_word' id='word_1_119' title='bbox 808 1730 878 1792; x_wconf 89' lang='lat' dir='ltr'><strong>loca</strong></span> <span class='ocrx_word' id='word_1_120' title='bbox 889 1735 1032 1792; x_wconf 80' lang='lat' dir='ltr'><strong>evomant</strong></span> <span class='ocrx_word' id='word_1_121' title='bbox 1044 1732 1153 1806; x_wconf 88' lang='lat' dir='ltr'><strong>ignem,</strong></span> 
     </span>
     <span class='ocr_line' id='line_1_18' title="bbox 175 1815 1152 1891; baseline 0.001 -18"><span class='ocrx_word' id='word_1_122' title='bbox 175 1831 236 1875; x_wconf 94' lang='lat' dir='ltr'><strong>non</strong></span> <span class='ocrx_word' id='word_1_123' title='bbox 257 1822 371 1874; x_wconf 90' lang='lat' dir='ltr'><strong>tantum</strong></span> <span class='ocrx_word' id='word_1_124' title='bbox 394 1815 489 1888; x_wconf 88' lang='lat' dir='ltr'><strong>edita,</strong></span> <span class='ocrx_word' id='word_1_125' title='bbox 516 1815 600 1890; x_wconf 92' lang='lat' dir='ltr'><strong>quod</strong></span> <span class='ocrx_word' id='word_1_126' title='bbox 621 1815 758 1876; x_wconf 89' lang='lat' dir='ltr'><strong>crebrius</strong></span> <span class='ocrx_word' id='word_1_127' title='bbox 780 1817 895 1889; x_wconf 87' lang='lat' dir='ltr'><strong>evenit,</strong></span> <span class='ocrx_word' id='word_1_128' title='bbox 919 1815 1062 1876; x_wconf 87' lang='lat' dir='ltr'><strong>videlicet</strong></span> <span class='ocrx_word' id='word_1_129' title='bbox 1084 1816 1152 1891; x_wconf 91' lang='lat' dir='ltr'><strong>quia</strong></span> 
     </span>
     <span class='ocr_line' id='line_1_19' title="bbox 174 1898 1152 1974; baseline 0.003 -17"><span class='ocrx_word' id='word_1_130' title='bbox 174 1900 252 1973; x_wconf 89' lang='lat' dir='ltr'><strong>iguis</strong></span> <span class='ocrx_word' id='word_1_131' title='bbox 275 1900 305 1958; x_wconf 94' lang='lat' dir='ltr'><strong>in</strong></span> <span class='ocrx_word' id='word_1_132' title='bbox 330 1899 508 1960; x_wconf 88' lang='lat' dir='ltr'><strong>altissimum</strong></span> <span class='ocrx_word' id='word_1_133' title='bbox 524 1899 656 1974; x_wconf 84' lang='lat' dir='ltr'><strong>effertur,</strong></span> <span class='ocrx_word' id='word_1_134' title='bbox 679 1900 735 1960; x_wconf 92' lang='lat' dir='ltr'><strong>sed</strong></span> <span class='ocrx_word' id='word_1_135' title='bbox 752 1903 842 1961; x_wconf 89' lang='lat' dir='ltr'><strong>etlam</strong></span> <span class='ocrx_word' id='word_1_136' title='bbox 855 1898 1013 1972; x_wconf 85' lang='lat' dir='ltr'><strong>iacentia)=</strong></span> <span class='ocrx_word' id='word_1_137' title='bbox 1037 1915 1095 1961; x_wconf 93' lang='lat' dir='ltr'><strong>nos</strong></span> <span class='ocrx_word' id='word_1_138' title='bbox 1109 1907 1152 1960; x_wconf 91' lang='lat' dir='ltr'><strong>ut-</strong></span> 
     </span>
     <span class='ocr_line' id='line_1_20' title="bbox 176 1981 1151 2060; baseline 0.001 -19"><span class='ocrx_word' id='word_1_139' title='bbox 176 1998 307 2058; x_wconf 84' lang='lat' dir='ltr'><strong>cumque</strong></span> <span class='ocrx_word' id='word_1_140' title='bbox 329 1999 512 2058; x_wconf 90' lang='lat' dir='ltr'><strong>possumus‚</strong></span> <span class='ocrx_word' id='word_1_141' title='bbox 541 1984 673 2045; x_wconf 90' lang='lat' dir='ltr'><strong>contenti</strong></span> <span class='ocrx_word' id='word_1_142' title='bbox 691 2000 797 2044; x_wconf 92' lang='lat' dir='ltr'><strong>sumus</strong></span> <span class='ocrx_word' id='word_1_143' title='bbox 813 1981 911 2058; x_wconf 74' lang='lat' dir='ltr'><strong>Bane,</strong></span> <span class='ocrx_word' id='word_1_144' title='bbox 935 2000 1012 2060; x_wconf 89' lang='lat' dir='ltr'><strong>quas</strong></span> <span class='ocrx_word' id='word_1_145' title='bbox 1027 1992 1151 2059; x_wconf 90' lang='lat' dir='ltr'><strong>postero</strong></span> 
     </span>
     <span class='ocr_line' id='line_1_21' title="bbox 175 2064 1151 2143; baseline 0.002 -19"><span class='ocrx_word' id='word_1_146' title='bbox 175 2066 224 2125; x_wconf 90' lang='lat' dir='ltr'><strong>die</strong></span> <span class='ocrx_word' id='word_1_147' title='bbox 245 2082 336 2141; x_wconf 91' lang='lat' dir='ltr'><strong>quam</strong></span> <span class='ocrx_word' id='word_1_148' title='bbox 358 2064 524 2142; x_wconf 83' lang='lat' dir='ltr'><strong>adtigeram</strong></span> <span class='ocrx_word' id='word_1_149' title='bbox 544 2068 669 2143; x_wconf 89' lang='lat' dir='ltr'><strong>reliqui,</strong></span> <span class='ocrx_word' id='word_1_150' title='bbox 691 2069 791 2129; x_wconf 92' lang='lat' dir='ltr'><strong>locum</strong></span> <span class='ocrx_word' id='word_1_151' title='bbox 812 2068 850 2128; x_wconf 90' lang='lat' dir='ltr'><strong>ob</strong></span> <span class='ocrx_word' id='word_1_152' title='bbox 871 2068 931 2129; x_wconf 85' lang='lat' dir='ltr'><strong>hoe</strong></span> <span class='ocrx_word' id='word_1_153' title='bbox 946 2068 1151 2138; x_wconf 90' lang='lat' dir='ltr'><strong>devitandum,</strong></span> 
     </span>
    </p>

    <p class='ocr_par' dir='ltr' id='par_1_6' title="bbox 93 2140 1152 3582">
     <span class='ocr_line' id='line_1_22' title="bbox 93 2140 1151 2226; baseline 0.001 -18"><span class='ocrx_word' id='word_1_154' title='bbox 93 2140 164 2187; x_wconf 45' lang='grc' dir='ltr'><em>Μ</em></span> <span class='ocrx_word' id='word_1_155' title='bbox 176 2164 242 2209; x_wconf 92' lang='lat' dir='ltr'><strong>cum</strong></span> <span class='ocrx_word' id='word_1_156' title='bbox 261 2149 372 2212; x_wconf 91' lang='lat' dir='ltr'><strong>habeat</strong></span> <span class='ocrx_word' id='word_1_157' title='bbox 387 2152 536 2226; x_wconf 91' lang='lat' dir='ltr'><strong>quasdam</strong></span> <span class='ocrx_word' id='word_1_158' title='bbox 550 2154 703 2212; x_wconf 89' lang='lat' dir='ltr'><strong>naturales</strong></span> <span class='ocrx_word' id='word_1_159' title='bbox 719 2152 824 2226; x_wconf 89' lang='lat' dir='ltr'><strong>dotes,</strong></span> <span class='ocrx_word' id='word_1_160' title='bbox 845 2152 916 2226; x_wconf 90' lang='lat' dir='ltr'><strong>quia</strong></span> <span class='ocrx_word' id='word_1_161' title='bbox 932 2154 1014 2213; x_wconf 90' lang='lat' dir='ltr'><strong>illum</strong></span> <span class='ocrx_word' id='word_1_162' title='bbox 1030 2151 1089 2213; x_wconf 89' lang='lat' dir='ltr'><strong>sibi</strong></span> <span class='ocrx_word' id='word_1_163' title='bbox 1105 2166 1151 2212; x_wconf 89' lang='lat' dir='ltr'><strong>ce-</strong></span> 
     </span>
     <span class='ocr_line' id='line_1_23' title="bbox 147 2233 1152 2312; baseline 0.002 -20"><span class='ocrx_word' id='word_1_164' title='bbox 147 2233 353 2293; x_wconf 75' lang='lat' dir='ltr'><strong>alebrandum</strong></span> <span class='ocrx_word' id='word_1_165' title='bbox 374 2236 492 2296; x_wconf 86' lang='lat' dir='ltr'><strong>luxuria</strong></span> <span class='ocrx_word' id='word_1_166' title='bbox 512 2235 692 2312; x_wconf 86' lang='lat' dir='ltr'><strong>desumpsit.</strong></span> <span class='ocrx_word' id='word_1_167' title='bbox 728 2235 824 2311; x_wconf 81' lang='lat' dir='ltr'><strong>„Quid</strong></span> <span class='ocrx_word' id='word_1_168' title='bbox 842 2243 938 2312; x_wconf 69' lang='lat' dir='ltr'><strong>ergo?</strong></span> <span class='ocrx_word' id='word_1_169' title='bbox 957 2237 1010 2298; x_wconf 89' lang='lat' dir='ltr'><strong>ulli</strong></span> <span class='ocrx_word' id='word_1_170' title='bbox 1026 2239 1095 2298; x_wconf 86' lang='lat' dir='ltr'><strong>loco</strong></span> <span class='ocrx_word' id='word_1_171' title='bbox 1110 2237 1152 2296; x_wconf 91' lang='lat' dir='ltr'><strong>iu·</strong></span> 
     </span>
     <span class='ocr_line' id='line_1_24' title="bbox 175 2317 1151 2395; baseline 0.003 -19"><span class='ocrx_word' id='word_1_172' title='bbox 175 2317 337 2378; x_wconf 89' lang='lat' dir='ltr'><strong>dicendum</strong></span> <span class='ocrx_word' id='word_1_173' title='bbox 359 2325 406 2380; x_wconf 87' lang='lat' dir='ltr'><strong>est</strong></span> <span class='ocrx_word' id='word_1_174' title='bbox 421 2319 564 2381; x_wconf 76' lang='lat' dir='ltr'><strong>odiuml“</strong></span> <span class='ocrx_word' id='word_1_175' title='bbox 593 2321 731 2381; x_wconf 80' lang='lat' dir='ltr'><strong>minime:</strong></span> <span class='ocrx_word' id='word_1_176' title='bbox 755 2320 811 2380; x_wconf 90' lang='lat' dir='ltr'><strong>sed</strong></span> <span class='ocrx_word' id='word_1_177' title='bbox 828 2320 1085 2395; x_wconf 89' lang='lat' dir='ltr'><strong>quemadmodum</strong></span> <span class='ocrx_word' id='word_1_178' title='bbox 1101 2320 1151 2380; x_wconf 91' lang='lat' dir='ltr'><strong>ali·</strong></span> 
     </span>
     <span class='ocr_line' id='line_1_25' title="bbox 175 2403 1151 2480; baseline 0.001 -19"><span class='ocrx_word' id='word_1_179' title='bbox 175 2418 235 2476; x_wconf 92' lang='lat' dir='ltr'><strong>qua</strong></span> <span class='ocrx_word' id='word_1_180' title='bbox 257 2404 351 2464; x_wconf 89' lang='lat' dir='ltr'><strong>vestis</strong></span> <span class='ocrx_word' id='word_1_181' title='bbox 373 2404 502 2480; x_wconf 90' lang='lat' dir='ltr'><strong>sapienti</strong></span> <span class='ocrx_word' id='word_1_182' title='bbox 524 2421 561 2465; x_wconf 93' lang='lat' dir='ltr'><strong>ac</strong></span> <span class='ocrx_word' id='word_1_183' title='bbox 581 2405 680 2480; x_wconf 90' lang='lat' dir='ltr'><strong>probo</strong></span> <span class='ocrx_word' id='word_1_184' title='bbox 701 2403 769 2464; x_wconf 91' lang='lat' dir='ltr'><strong>viro</strong></span> <span class='ocrx_word' id='word_1_185' title='bbox 791 2405 886 2480; x_wconf 88' lang='lat' dir='ltr'><strong>magis</strong></span> <span class='ocrx_word' id='word_1_186' title='bbox 903 2405 1046 2466; x_wconf 92' lang='lat' dir='ltr'><strong>convenit</strong></span> <span class='ocrx_word' id='word_1_187' title='bbox 1061 2421 1151 2479; x_wconf 89' lang='lat' dir='ltr'><strong>quam</strong></span> 
     </span>
     <span class='ocr_line' id='line_1_26' title="bbox 174 2486 1151 2564; baseline 0.002 -19"><span class='ocrx_word' id='word_1_188' title='bbox 174 2486 290 2562; x_wconf 88' lang='lat' dir='ltr'><strong>aliqua,</strong></span> <span class='ocrx_word' id='word_1_189' title='bbox 312 2505 370 2550; x_wconf 91' lang='lat' dir='ltr'><strong>nec</strong></span> <span class='ocrx_word' id='word_1_190' title='bbox 391 2490 484 2549; x_wconf 94' lang='lat' dir='ltr'><strong>ullum</strong></span> <span class='ocrx_word' id='word_1_191' title='bbox 505 2491 640 2550; x_wconf 92' lang='lat' dir='ltr'><strong>colorem</strong></span> <span class='ocrx_word' id='word_1_192' title='bbox 655 2490 705 2549; x_wconf 92' lang='lat' dir='ltr'><strong>ille</strong></span> <span class='ocrx_word' id='word_1_193' title='bbox 723 2489 801 2560; x_wconf 89' lang='lat' dir='ltr'><strong>odit,</strong></span> <span class='ocrx_word' id='word_1_194' title='bbox 825 2489 881 2548; x_wconf 88' lang='lat' dir='ltr'><strong>sed</strong></span> <span class='ocrx_word' id='word_1_195' title='bbox 898 2488 1029 2564; x_wconf 88' lang='lat' dir='ltr'><strong>aliquem</strong></span> <span class='ocrx_word' id='word_1_196' title='bbox 1046 2505 1151 2564; x_wconf 89' lang='lat' dir='ltr'><strong>parum</strong></span> 
     </span>
     <span class='ocr_line' id='line_1_27' title="bbox 172 2573 1150 2649; baseline 0.002 -18"><span class='ocrx_word' id='word_1_197' title='bbox 172 2580 258 2645; x_wconf 85' lang='lat' dir='ltr'><strong>putat</strong></span> <span class='ocrx_word' id='word_1_198' title='bbox 271 2579 375 2648; x_wconf 87' lang='lat' dir='ltr'><strong>aptum</strong></span> <span class='ocrx_word' id='word_1_199' title='bbox 393 2589 465 2634; x_wconf 89' lang='lat' dir='ltr'><strong>esse</strong></span> <span class='ocrx_word' id='word_1_200' title='bbox 480 2574 682 2649; x_wconf 83' lang='lat' dir='ltr'><strong>frugalitatem</strong></span> <span class='ocrx_word' id='word_1_201' title='bbox 697 2574 855 2649; x_wconf 81' lang='lat' dir='ltr'><strong>professo:</strong></span> <span class='ocrx_word' id='word_1_202' title='bbox 879 2573 924 2633; x_wconf 91' lang='lat' dir='ltr'><strong>sic</strong></span> <span class='ocrx_word' id='word_1_203' title='bbox 939 2574 1047 2647; x_wconf 86' lang='lat' dir='ltr'><strong>regio</strong></span> <span class='ocrx_word' id='word_1_204' title='bbox 1064 2590 1150 2649; x_wconf 90' lang='lat' dir='ltr'><strong>quo·</strong></span> 
     </span>
     <span class='ocr_line' id='line_1_28' title="bbox 174 2657 1151 2733; baseline 0 -18"><span class='ocrx_word' id='word_1_205' title='bbox 174 2672 245 2729; x_wconf 89' lang='lat' dir='ltr'><strong>que</strong></span> <span class='ocrx_word' id='word_1_206' title='bbox 272 2665 345 2732; x_wconf 92' lang='lat' dir='ltr'><strong>est,</strong></span> <span class='ocrx_word' id='word_1_207' title='bbox 375 2674 485 2733; x_wconf 90' lang='lat' dir='ltr'><strong>quam</strong></span> <span class='ocrx_word' id='word_1_208' title='bbox 509 2658 667 2732; x_wconf 90' lang='lat' dir='ltr'><strong>sapiens</strong></span> <span class='ocrx_word' id='word_1_209' title='bbox 688 2658 746 2717; x_wconf 86' lang='lat' dir='ltr'><strong>vir</strong></span> <span class='ocrx_word' id='word_1_210' title='bbox 767 2657 896 2716; x_wconf 87' lang='lat' dir='ltr'><strong>autad</strong></span> <span class='ocrx_word' id='word_1_211' title='bbox 918 2657 1151 2731; x_wconf 87' lang='lat' dir='ltr'><strong>sapientiam</strong></span> 
     </span>
     <span class='ocr_line' id='line_1_29' title="bbox 172 2740 1150 2817; baseline 0.005 -20"><span class='ocrx_word' id='word_1_212' title='bbox 172 2741 336 2802; x_wconf 88' lang='lat' dir='ltr'><strong>tendens</strong></span> <span class='ocrx_word' id='word_1_213' title='bbox 358 2741 531 2801; x_wconf 88' lang='lat' dir='ltr'><strong>declinet</strong></span> <span class='ocrx_word' id='word_1_214' title='bbox 552 2749 743 2817; x_wconf 88' lang='lat' dir='ltr'><strong>tamquam</strong></span> <span class='ocrx_word' id='word_1_215' title='bbox 763 2740 927 2800; x_wconf 88' lang='lat' dir='ltr'><strong>alienam</strong></span> <span class='ocrx_word' id='word_1_216' title='bbox 944 2741 1059 2802; x_wconf 88' lang='lat' dir='ltr'><strong>bonis</strong></span> <span class='ocrx_word' id='word_1_217' title='bbox 1082 2756 1150 2802; x_wconf 91' lang='lat' dir='ltr'><strong>mo-</strong></span> 
     </span>
     <span class='ocr_line' id='line_1_30' title="bbox 143 2824 1152 2901; baseline 0.003 -20"><span class='ocrx_word' id='word_1_218' title='bbox 143 2824 290 2885; x_wconf 75' lang='lat' dir='ltr'><strong>sribus.</strong></span> <span class='ocrx_word' id='word_1_219' title='bbox 324 2825 438 2899; x_wconf 83' lang='lat' dir='ltr'><strong>ltaque</strong></span> <span class='ocrx_word' id='word_1_220' title='bbox 458 2824 497 2883; x_wconf 91' lang='lat' dir='ltr'><strong>de</strong></span> <span class='ocrx_word' id='word_1_221' title='bbox 516 2839 644 2886; x_wconf 88' lang='lat' dir='ltr'><strong>secessu</strong></span> <span class='ocrx_word' id='word_1_222' title='bbox 661 2826 798 2900; x_wconf 88' lang='lat' dir='ltr'><strong>cogitans</strong></span> <span class='ocrx_word' id='word_1_223' title='bbox 814 2841 978 2900; x_wconf 91' lang='lat' dir='ltr'><strong>numquam</strong></span> <span class='ocrx_word' id='word_1_224' title='bbox 995 2825 1152 2901; x_wconf 84' lang='lat' dir='ltr'><strong>Canopum</strong></span> 
     </span>
     <span class='ocr_line' id='line_1_31' title="bbox 172 2907 1151 2985; baseline 0.001 -18"><span class='ocrx_word' id='word_1_225' title='bbox 172 2908 276 2983; x_wconf 88' lang='lat' dir='ltr'><strong>eliget,</strong></span> <span class='ocrx_word' id='word_1_226' title='bbox 300 2907 441 2984; x_wconf 88' lang='lat' dir='ltr'><strong>quamvis</strong></span> <span class='ocrx_word' id='word_1_227' title='bbox 463 2908 611 2968; x_wconf 90' lang='lat' dir='ltr'><strong>neminem</strong></span> <span class='ocrx_word' id='word_1_228' title='bbox 634 2909 777 2984; x_wconf 83' lang='lat' dir='ltr'><strong>Canopus</strong></span> <span class='ocrx_word' id='word_1_229' title='bbox 799 2925 871 2970; x_wconf 90' lang='lat' dir='ltr'><strong>esse</strong></span> <span class='ocrx_word' id='word_1_230' title='bbox 891 2910 970 2985; x_wconf 83' lang='lat' dir='ltr'><strong>frugi</strong></span> <span class='ocrx_word' id='word_1_231' title='bbox 992 2916 1088 2984; x_wconf 88' lang='lat' dir='ltr'><strong>vetet,</strong></span> <span class='ocrx_word' id='word_1_232' title='bbox 1113 2925 1151 2968; x_wconf 93' lang='lat' dir='ltr'><strong>ne</strong></span> 
     </span>
     <span class='ocr_line' id='line_1_32' title="bbox 170 2990 1151 3070; baseline 0.001 -18"><span class='ocrx_word' id='word_1_233' title='bbox 170 2991 262 3052; x_wconf 91' lang='lat' dir='ltr'><strong>Baias</strong></span> <span class='ocrx_word' id='word_1_234' title='bbox 279 2992 417 3067; x_wconf 81' lang='lat' dir='ltr'><strong>quidem:</strong></span> <span class='ocrx_word' id='word_1_235' title='bbox 438 2990 640 3053; x_wconf 88' lang='lat' dir='ltr'><strong>diversorium</strong></span> <span class='ocrx_word' id='word_1_236' title='bbox 653 2993 793 3055; x_wconf 89' lang='lat' dir='ltr'><strong>vitiorum</strong></span> <span class='ocrx_word' id='word_1_237' title='bbox 806 3009 878 3054; x_wconf 89' lang='lat' dir='ltr'><strong>esse</strong></span> <span class='ocrx_word' id='word_1_238' title='bbox 890 3002 1068 3070; x_wconf 89' lang='lat' dir='ltr'><strong>coeperunt.</strong></span> <span class='ocrx_word' id='word_1_239' title='bbox 1091 2994 1151 3053; x_wconf 90' lang='lat' dir='ltr'><strong>illic</strong></span> 
     </span>
     <span class='ocr_line' id='line_1_33' title="bbox 173 3075 1152 3154; baseline 0.001 -18"><span class='ocrx_word' id='word_1_240' title='bbox 173 3076 230 3136; x_wconf 90' lang='lat' dir='ltr'><strong>sibi</strong></span> <span class='ocrx_word' id='word_1_241' title='bbox 251 3075 412 3152; x_wconf 92' lang='lat' dir='ltr'><strong>plurimum</strong></span> <span class='ocrx_word' id='word_1_242' title='bbox 432 3075 552 3137; x_wconf 88' lang='lat' dir='ltr'><strong>luxuria</strong></span> <span class='ocrx_word' id='word_1_243' title='bbox 576 3078 735 3154; x_wconf 88' lang='lat' dir='ltr'><strong>permittit,</strong></span> <span class='ocrx_word' id='word_1_244' title='bbox 763 3079 838 3153; x_wconf 89' lang='lat' dir='ltr'><strong>illic,</strong></span> <span class='ocrx_word' id='word_1_245' title='bbox 866 3086 1022 3154; x_wconf 89' lang='lat' dir='ltr'><strong>tamquam</strong></span> <span class='ocrx_word' id='word_1_246' title='bbox 1049 3078 1152 3152; x_wconf 90' lang='lat' dir='ltr'><strong>aliqua</strong></span> 
     </span>
     <span class='ocr_line' id='line_1_34' title="bbox 143 3157 1151 3237; baseline 0.002 -19"><span class='ocrx_word' id='word_1_247' title='bbox 143 3160 291 3220; x_wconf 79' lang='lat' dir='ltr'><strong>tlicentia</strong></span> <span class='ocrx_word' id='word_1_248' title='bbox 308 3157 455 3221; x_wconf 85' lang='lat' dir='ltr'><strong>debeatur</strong></span> <span class='ocrx_word' id='word_1_249' title='bbox 475 3162 560 3235; x_wconf 88' lang='lat' dir='ltr'><strong>loco,</strong></span> <span class='ocrx_word' id='word_1_250' title='bbox 583 3163 680 3237; x_wconf 91' lang='lat' dir='ltr'><strong>magis</strong></span> <span class='ocrx_word' id='word_1_251' title='bbox 697 3161 834 3224; x_wconf 88' lang='lat' dir='ltr'><strong>solvitur.</strong></span> <span class='ocrx_word' id='word_1_252' title='bbox 870 3161 937 3224; x_wconf 89' lang='lat' dir='ltr'><strong>Non</strong></span> <span class='ocrx_word' id='word_1_253' title='bbox 951 3169 1067 3223; x_wconf 76' lang='lat' dir='ltr'><strong>mutum</strong></span> <span class='ocrx_word' id='word_1_254' title='bbox 1083 3177 1151 3222; x_wconf 92' lang='lat' dir='ltr'><strong>cor·</strong></span> 
     </span>
     <span class='ocr_line' id='line_1_35' title="bbox 171 3244 1151 3322; baseline 0.002 -18"><span class='ocrx_word' id='word_1_255' title='bbox 171 3245 253 3318; x_wconf 88' lang='lat' dir='ltr'><strong>pori,</strong></span> <span class='ocrx_word' id='word_1_256' title='bbox 283 3244 339 3304; x_wconf 89' lang='lat' dir='ltr'><strong>sed</strong></span> <span class='ocrx_word' id='word_1_257' title='bbox 362 3245 449 3304; x_wconf 87' lang='lat' dir='ltr'><strong>etiam</strong></span> <span class='ocrx_word' id='word_1_258' title='bbox 470 3246 605 3308; x_wconf 91' lang='lat' dir='ltr'><strong>moribus</strong></span> <span class='ocrx_word' id='word_1_259' title='bbox 628 3247 781 3307; x_wconf 88' lang='lat' dir='ltr'><strong>salubrem</strong></span> <span class='ocrx_word' id='word_1_260' title='bbox 802 3248 901 3308; x_wconf 90' lang='lat' dir='ltr'><strong>locum</strong></span> <span class='ocrx_word' id='word_1_261' title='bbox 923 3247 1036 3322; x_wconf 84' lang='lat' dir='ltr'><strong>eligere</strong></span> <span class='ocrx_word' id='word_1_262' title='bbox 1057 3245 1151 3307; x_wconf 88' lang='lat' dir='ltr'><strong>debe·</strong></span> 
     </span>
     <span class='ocr_line' id='line_1_36' title="bbox 170 3329 1151 3412; baseline 0.003 -26"><span class='ocrx_word' id='word_1_263' title='bbox 170 3345 249 3389; x_wconf 89' lang='lat' dir='ltr'><strong>mus.</strong></span> <span class='ocrx_word' id='word_1_264' title='bbox 288 3329 543 3404; x_wconf 89' lang='lat' dir='ltr'><strong>quemadmodum</strong></span> <span class='ocrx_word' id='word_1_265' title='bbox 564 3329 642 3390; x_wconf 92' lang='lat' dir='ltr'><strong>inter</strong></span> <span class='ocrx_word' id='word_1_266' title='bbox 659 3339 792 3412; x_wconf 87' lang='lat' dir='ltr'><strong>tortores</strong></span> <span class='ocrx_word' id='word_1_267' title='bbox 813 3331 949 3392; x_wconf 83' lang='lat' dir='ltr'><strong>habitare</strong></span> <span class='ocrx_word' id='word_1_268' title='bbox 969 3331 1080 3404; x_wconf 88' lang='lat' dir='ltr'><strong>nolim,</strong></span> <span class='ocrx_word' id='word_1_269' title='bbox 1106 3329 1151 3391; x_wconf 87' lang='lat' dir='ltr'><strong>sic</strong></span> 
     </span>
     <span class='ocr_line' id='line_1_37' title="bbox 171 3413 1150 3491; baseline 0.005 -22"><span class='ocrx_word' id='word_1_270' title='bbox 171 3427 210 3470; x_wconf 89' lang='lat' dir='ltr'><strong>ne</strong></span> <span class='ocrx_word' id='word_1_271' title='bbox 229 3413 307 3472; x_wconf 91' lang='lat' dir='ltr'><strong>inter</strong></span> <span class='ocrx_word' id='word_1_272' title='bbox 321 3414 452 3489; x_wconf 91' lang='lat' dir='ltr'><strong>popinas</strong></span> <span class='ocrx_word' id='word_1_273' title='bbox 469 3414 603 3490; x_wconf 88' lang='lat' dir='ltr'><strong>quidem.</strong></span> <span class='ocrx_word' id='word_1_274' title='bbox 631 3416 737 3476; x_wconf 84' lang='lat' dir='ltr'><strong>uidere</strong></span> <span class='ocrx_word' id='word_1_275' title='bbox 753 3415 856 3484; x_wconf 89' lang='lat' dir='ltr'><strong>ebrios</strong></span> <span class='ocrx_word' id='word_1_276' title='bbox 873 3431 928 3491; x_wconf 88' lang='lat' dir='ltr'><strong>per</strong></span> <span class='ocrx_word' id='word_1_277' title='bbox 942 3415 1032 3477; x_wconf 91' lang='lat' dir='ltr'><strong>litora</strong></span> <span class='ocrx_word' id='word_1_278' title='bbox 1047 3430 1150 3475; x_wconf 88' lang='lat' dir='ltr'><strong>erran-</strong></span> 
     </span>
     <span class='ocr_line' id='line_1_38' title="bbox 162 3499 1150 3582; baseline 0.009 -33"><span class='ocrx_word' id='word_1_279' title='bbox 162 3503 212 3551; x_wconf 81' lang='lat' dir='ltr'><strong>tes</strong></span> <span class='ocrx_word' id='word_1_280' title='bbox 226 3506 257 3556; x_wconf 83' lang='lat' dir='ltr'><strong>et</strong></span> <span class='ocrx_word' id='word_1_281' title='bbox 267 3499 516 3582; x_wconf 79' lang='lat' dir='ltr'><strong>comessationes</strong></span> <span class='ocrx_word' id='word_1_282' title='bbox 539 3499 750 3576; x_wconf 87' lang='lat' dir='ltr'><strong>navigantium</strong></span> <span class='ocrx_word' id='word_1_283' title='bbox 765 3508 797 3560; x_wconf 91' lang='lat' dir='ltr'><strong>et</strong></span> <span class='ocrx_word' id='word_1_284' title='bbox 810 3499 1064 3578; x_wconf 72' lang='lat' dir='ltr'><strong>sqmplmuiamm</strong></span> <span class='ocrx_word' id='word_1_285' title='bbox 1080 3514 1150 3560; x_wconf 89' lang='lat' dir='ltr'><strong>can·</strong></span> 
     </span>
    </p>
   </div>
   <div class='ocr_carea' id='block_1_5' title="bbox 0 0 1216 3862">
    <p class='ocr_par' dir='ltr' id='par_1_7' title="bbox 0 0 1216 3862">
     <span class='ocr_line' id='line_1_39' title="bbox 0 0 1216 3862; baseline 0 1"><span class='ocrx_word' id='word_1_286' title='bbox 0 0 1216 3862; x_wconf 95' lang='lat' dir='ltr'><strong> </strong></span> 
     </span>
    </p>
   </div>
  </div>
 </body>
</html>
