2392 3870
148 230 213 294 262
439 235 471 296 L.
491 236 641 296 ANNAEI
663 236 839 298 SENECAE

115 394 203 451 etate
230 389 367 449 naturale
389 385 525 447 invenire
547 388 605 448 sibi
626 388 752 465 aliquod
772 391 1022 466 receptaculum
1054 386 1132 447 Mihi

146 472 252 544 crede,
280 473 353 532 lelix
375 470 450 531 illud
471 474 610 533 seculum
630 481 700 534 aute
720 467 950 554 ἀρχιτέκτονας
974 472 1044 533 luit:
1070 473 1132 532 ista

144 564 215 616 nata
229 561 299 617 suut
313 557 372 616 iam
387 563 533 616 nascente
549 557 683 630 luxuria,
706 559 735 617 in
751 560 931 634 quadratum
949 557 1030 632 tigna
1046 556 1131 616 deci-

143 642 217 701 dere
238 649 267 701 et
288 656 374 700 serra
394 655 450 715 per
470 640 630 715 designata
650 650 791 703 currente
807 649 889 702 certa
903 658 996 701 nrann
1010 641 1130 700 trabem

142 726 293 785 scindere.

277 824 349 868 nom
359 811 454 884 prtmt
465 812 567 870 cuncis
580 811 755 871 scindebant
765 812 857 884 fissile
871 813 992 885 lienum.

142 909 204 952 non
222 893 301 952 enim
316 899 394 952 tecta
409 892 582 954 coenatioui
598 896 718 968 epulum
733 902 913 968 recepturae
930 891 1128 967 parabantur,

141 991 199 1036 neo
219 975 250 1035 in
272 975 353 1036 hunc
374 992 463 1036 usum
482 977 572 1049 pinus
588 984 640 1037 aut
654 977 740 1038 abies
758 977 952 1038 deferebatur
965 977 1059 1051 longo
1075 991 1129 1034 ve-

141 1060 311 1120 hiculorum
328 1060 436 1120 ordine
449 1061 525 1120 vicis
540 1062 787 1135 intrementibus,
802 1069 835 1121 ut
850 1076 889 1119 ex
903 1062 954 1120 illa
968 1057 1128 1119 lacunaria

100 1155 214 1207 loauro
234 1143 339 1226 gravia
360 1145 544 1218 penderent:
568 1148 672 1206 lurcae
695 1147 848 1220 utrimque
871 1158 1046 1219 suspensae
1070 1144 1129 1202 lul-

141 1228 262 1289 ciebont
276 1244 390 1288 casam.
413 1229 557 1303 spissatis
572 1231 737 1291 ramalibus
753 1246 789 1289 ac
805 1230 914 1289 lronde
929 1233 1081 1303 congesta
1098 1234 1129 1285 et

140 1311 172 1371 in
188 1313 324 1386 proclive
339 1312 492 1388 disposita
508 1314 658 1374 decursus
679 1314 828 1374 imbribus
847 1314 987 1387 quamvis
1004 1310 1126 1384 magnis

140 1403 215 1456 erat.
246 1395 309 1457 Sub
324 1396 373 1456 his
388 1397 475 1458 tectis
491 1395 681 1472 habitavere,
700 1398 756 1457 sed
772 1397 881 1458 securi.
915 1396 1034 1455 culmus
1049 1393 1126 1453 libe·

98 1489 190 1542 llros
212 1481 300 1541 texit·
327 1481 385 1542 sub
408 1496 559 1541 marmore
580 1489 672 1557 atque
692 1497 767 1542 auro
783 1482 915 1541 servitus
936 1481 1062 1540 habitat.
1093 1477 1127 1536 ln

138 1565 189 1626 illo
212 1581 338 1641 quoque
360 1565 509 1627 dissentio
530 1581 549 1624 a
571 1565 752 1638 Posidonio,
782 1566 865 1661 quod
886 1566 1128 1623 ferramenta

138 1649 298 1709 fabrilia
313 1650 518 1725 excogitatae
532 1650 722 1724 sapientibus
737 1648 810 1709 viris
822 1647 945 1708 iudicat
967 1647 1028 1708 isto
1043 1645 1126 1706 enim

107 1733 230 1794 modo
246 1733 328 1793 dicat
316 1733 414 1794 tlicel
430 1733 585 1808 sapientes
601 1734 713 1805 luisse,
733 1747 788 1806 per
806 1748 885 1831 quos

222 1822 319 1878 tunel
318 1821 421 1893 equeb
433 1824 557 1894 captore
568 1817 658 1891 seros
671 1823 700 1877 et
710 1817 823 1889 saltere
837 1818 914 1876 visco

222 1905 370 1962 inuentum
384 1908 414 1961 et
428 1917 551 1976 maanus
564 1903 687 1962 cunibus
700 1901 890 1961 circumdare
904 1901 1007 1959 saltus.

138 1985 240 2045 omnia
254 1984 334 2044 enirn
351 1986 410 2044 ista
425 1984 577 2059 sagacitas
592 1984 764 2056 hominum,
786 1999 847 2043 non
868 1979 1019 2057 sapientia
1038 1977 1126 2037 inve-

98 2078 130 2130 12
138 2068 190 2126 nit.
215 2067 248 2125 ln
263 2067 324 2127 hoc
341 2083 466 2143 quoque
480 2067 638 2139 dissentio,
655 2068 811 2141 sapientes
824 2068 928 2138 luisse,
945 2065 1010 2139 qui
1027 2062 1127 2122 lerri

137 2150 294 2209 metalla
320 2158 356 2209 et
382 2150 486 2209 aeris
510 2149 695 2224 invenerint,
721 2166 790 2210 cum
813 2149 954 2209 incendio
976 2147 1126 2206 silvarum

138 2233 248 2292 adusta
262 2233 352 2292 tellus
368 2234 398 2291 in
409 2249 528 2292 summo
542 2234 636 2292 venas
650 2233 786 2293 iacentes
798 2234 962 2308 liquefacta
973 2230 1125 2290 fudisset:

98 2316 191 2383 13ista
212 2316 290 2376 tales
311 2316 483 2389 inveniunt,
506 2317 613 2390 quales
636 2319 748 2376 colunt.
784 2316 828 2375 Ne
849 2318 900 2375 illa
921 2315 1046 2390 quidem
1062 2321 1125 2373 tarn

138 2399 258 2461 subtilis
278 2399 350 2458 mihi
372 2400 511 2474 quaestio
532 2400 654 2460 videtur
680 2416 770 2475 quam
790 2399 974 2461 Posidonio:
998 2404 1126 2470 „utrum

136 2485 300 2555 malleus
313 2484 342 2542 iu
355 2500 415 2544 usu
429 2499 500 2544 esse
511 2482 597 2558 prius
609 2500 648 2543 an
661 2483 826 2544 lorlices
840 2483 1028 2559 coeperint.“
1040 2487 1125 2541 utra-

138 2585 198 2642 que
214 2565 330 2628 invenit
344 2568 455 2643 aliquis
472 2569 595 2628 excitati
608 2567 736 2643 ingenii,
752 2566 851 2638 acuti,
867 2584 929 2627 non
945 2565 1049 2638 magni
1065 2579 1126 2624 neo

137 2651 221 2725 elati,
244 2661 274 2712 et
295 2652 443 2728 quicquid
464 2652 546 2712 aliud
567 2668 698 2728 corpore
718 2652 876 2711 incurvato
898 2658 928 2710 et
947 2650 1050 2708 animo
1066 2647 1126 2708 luu-

136 2750 218 2793 mum
234 2744 392 2808 spectante
408 2737 617 2811 quaerendum
633 2742 693 2795 est:
709 2734 834 2809 sapiens
849 2733 947 2794 facilis
959 2733 1044 2792 victu
1056 2730 1126 2792 luit.

138 2816 264 2890 quidun
284 2832 352 2876 cum
375 2816 435 2877 hoc
457 2835 581 2893 quoque
602 2819 708 2880 seculo
731 2833 908 2893 essequam
923 2815 1126 2890 expeditissi-

95 2909 204 2963 14mus
219 2900 331 2974 cupiat.
360 2900 535 2973 Quomodo,
551 2917 606 2962 oro
622 2910 668 2975 te,
684 2903 840 2975 convenit,
856 2908 889 2961 ut
903 2907 933 2960 et
947 2900 1125 2973 Diogenem

137 2982 254 3041 mireris
276 2988 305 3040 et
319 2983 509 3042 Daedalum?
535 2991 603 3045 uter
623 3001 663 3043 ex
683 2986 732 3046 his
756 2985 882 3059 sapiens
902 2984 956 3043 tibi
976 2982 1128 3042 videtur?

137 3066 188 3139 qui
204 3081 319 3123 serram
335 3074 524 3126 commentus
540 3075 596 3141 est,
611 3083 650 3126 an
665 3071 729 3143 ille,
746 3069 797 3143 qui
814 3083 882 3127 cum
897 3067 1029 3126 vidisset
1045 3081 1127 3139 pue·

135 3163 201 3206 rum
223 3163 299 3207 cava
318 3165 410 3208 manu
430 3149 583 3211 bibentem
600 3168 726 3228 equum,
750 3151 838 3225 tregit
859 3151 1000 3225 protinus
1015 3165 1128 3209 exem·

136 3238 252 3305 ptume
275 3235 382 3305 perula
406 3235 530 3294 calicem
556 3236 614 3295 hac
634 3235 844 3310 obiurgatione
866 3233 929 3293 sui=
951 3233 1129 3307 „quamdiu

136 3314 227 3374 horno
249 3317 359 3376 stultus
381 3333 591 3391 supervacuas
612 3319 749 3379 sarcinas
771 3317 903 3376 habuit“
926 3316 1030 3390 quise
1047 3332 1128 3376 con·

95 3397 239 3472 Inplicuit
252 3398 282 3457 in
306 3400 387 3460 dolio
410 3408 439 3460 el
459 3403 487 3461 in
511 3419 548 3464 eo
569 3403 733 3463 cubitavit?
754 3401 854 3461 Hodie
873 3406 972 3459 uuum
993 3400 1129 3459 tandem

136 3481 352 3556 sapientiorem
368 3491 467 3560 putas,
483 3488 535 3560 qui
550 3486 673 3560 invenit,
688 3483 944 3561 quemadmodum
959 3482 990 3540 in
1003 3483 1130 3542 inruen-
