2422 3862
126 214 168 278 26
395 213 429 273 L.
451 213 598 272 ANNAEl
621 211 796 272 SENECAE

93 370 110 422 ὁ
126 374 209 426 tasse
224 380 388 438 numquam
400 370 526 424 ventura
538 363 612 436 sint,
629 368 710 422 certe
721 379 782 423 non
798 362 959 436 venerint)
982 364 1101 437 Quae·

126 452 208 511 dam
237 465 310 524 ergo
339 464 407 508 nos
443 448 565 522 magis
602 454 786 522 torquent
816 463 922 520 quam
950 447 1101 508 debent.

127 534 316 610 quaedam
338 523 425 592 an‘te
451 538 639 605 torquent
665 546 773 606 quam
801 531 950 591 debent.
985 547 1101 605 quae-

126 619 208 680 dam
229 623 428 692 torquent,
454 631 535 675 cum
562 613 715 675 omnino
737 630 810 673 non
838 615 1013 676 debeant.
1052 622 1104 676 aut

126 717 272 777 augemus
291 701 428 761 dolorem
454 706 507 759 aut
530 699 673 774 fingimus
696 706 748 758 aut
768 699 983 775 praecipimus.
1021 699 1101 759 Pri-

124 802 220 846 mum
238 784 349 855 illud,
373 784 509 858 quiares
525 784 553 842 in
571 781 782 865 controversia
796 791 844 843 est
859 790 888 844 et
903 784 984 844 litem
999 793 1101 844 conte-

125 877 234 930 statam
252 868 415 940 habemus,
446 867 479 925 in
507 866 734 942 praesentia
757 867 976 928 disseratur.
1014 868 1100 941 Quod

125 970 182 1028 ego
204 955 273 1012 leve
294 952 416 1024 dixero,
444 959 476 1011 tu
497 952 711 1025 gravissimum
732 967 804 1011 esse
823 953 1008 1013 contendes:
1036 953 1101 1012 scio

124 1039 203 1097 allos
227 1040 305 1096 inter
329 1033 450 1110 flagella
475 1035 592 1108 ridere,
618 1035 696 1094 alios
722 1050 846 1109 gemere
869 1037 934 1097 sub
961 1037 1101 1112 colapho.

123 1121 235 1181 Postea
261 1119 446 1191 videbimus,
475 1126 574 1179 utrum
600 1120 658 1178 ista
684 1117 749 1178 suis
776 1119 891 1179 viribus
918 1123 1040 1181 valeant
1064 1138 1100 1181 an

124 1205 318 1264 inbecillitate
335 1209 448 1263 nostra.

96 1298 112 1352 6
185 1289 261 1348 Illud
274 1293 396 1362 praesta
406 1287 488 1360 milri,
501 1295 542 1360 ut,
557 1287 698 1362 quotiens
709 1287 972 1361 circumsteterint,
986 1289 1038 1363 qui
1050 1289 1102 1349 tibi

123 1382 153 1433 te
167 1374 312 1432 miserum
327 1387 399 1430 esse
414 1371 635 1446 persuadeant,
657 1388 718 1433 non
733 1372 810 1446 quid.
818 1372 941 1446 audias,
960 1373 1016 1433 sed
1029 1373 1103 1447 quid

124 1457 248 1530 sentias,
262 1455 378 1529 cogites
388 1463 418 1515 et
429 1471 497 1515 cum
509 1454 653 1531 patientia
666 1463 718 1516 tua
727 1455 879 1516 deliberes
890 1463 965 1517 acte
976 1456 1043 1531 ipse
1058 1455 1100 1516 in·

123 1550 270 1615 terrogas,
286 1540 336 1613 qul
349 1545 400 1599 tua
410 1538 524 1614 optime
534 1541 630 1600 nosti:
646 1540 786 1616 quidest,
801 1555 896 1614 quare
908 1540 958 1600 isti
970 1555 1102 1601 mecon·

123 1626 263 1701 plorent?
278 1623 416 1698 quidest,
427 1623 510 1698 quod
523 1624 683 1698 trepident,
696 1624 780 1699 quod
792 1624 965 1698 contagium
976 1641 1103 1699 quoque

122 1709 183 1769 mei
193 1709 324 1780 timeant,
338 1709 427 1782 quasi
437 1706 608 1767 transsilire
619 1706 776 1768 calamitas
788 1708 906 1783 possiti
927 1714 975 1767 est
987 1708 1103 1785 aliquid

123 1794 191 1854 istic
206 1791 285 1865 mali,
302 1807 340 1851 an
354 1806 406 1852 res
420 1791 479 1851 ista
494 1791 590 1865 magis
602 1791 723 1851 iulamis
735 1798 783 1851 est
795 1808 886 1867 quam
898 1794 998 1851 malas
1029 1793 1103 1867 lpse

9 1932 14 1948 ,
122 1884 152 1937 te
173 1878 345 1950 interroga:
376 1876 520 1952 numquid
543 1875 609 1935 sine
633 1891 726 1934 causa
745 1876 866 1935 crucior
883 1882 913 1935 et
931 1891 1054 1937 moereo
1073 1883 1103 1936 et

91 1973 107 2028 7
123 1963 206 2036 quod
221 1977 282 2020 non
298 1967 346 2019 est
360 1962 486 2034 malurn,
508 1959 608 2019 laciot
639 1959 835 2033 „Quomodo,
850 1960 968 2035 inquis,
984 1961 1102 2020 intelle-

122 2061 206 2120 gam,
227 2060 307 2104 vana
322 2044 383 2104 sint
398 2061 436 2103 an
453 2060 542 2117 vera,
571 2043 681 2117 quibus
697 2049 839 2118 ιιιιςοιιιι
873 2043 1101 2119 Accipehuius

121 2130 166 2189 rei
185 2128 337 2203 regulam=
364 2134 416 2187 aut
431 2127 645 2201 praesentibus
661 2135 838 2202 torquemur
853 2136 905 2189 aut
924 2128 1032 2188 iuturis
1050 2135 1103 2188 aut

121 2212 270 2286 utrisque.
303 2211 342 2270 de
361 2210 575 2286 praesentibus
598 2211 685 2270 laclle
699 2211 843 2271 iudicium
859 2218 919 2271 est:
942 2212 969 2272 si
985 2228 1101 2286 corpus

121 2305 203 2358 tuum
226 2295 353 2354 liberum
368 2301 430 2366 est,
457 2309 564 2354 sanum
580 2302 641 2365 est,
664 2311 720 2355 nec
736 2297 815 2356 ullus
834 2311 873 2355 ex
887 2296 996 2357 iniuria
1012 2297 1102 2366 dolor

122 2388 184 2441 est:
204 2379 374 2440 videbimus
386 2377 458 2453 quid
472 2378 603 2437 iuturum
617 2379 664 2438 sit.
686 2379 778 2440 hodie
790 2379 862 2439 nihil
874 2381 985 2455 negotii
997 2380 1101 2440 habet.

89 2466 182 2539 8,,Αι
201 2461 280 2538 cuim
297 2463 430 2522 futurum
445 2466 523 2521 est.“
549 2460 680 2522 Primum
701 2463 834 2537 dispice,
857 2480 894 2523 an
912 2474 994 2526 certa
1009 2480 1094 2540 argu

122 2557 223 2609 menta
242 2546 303 2608 sint
322 2546 441 2606 venturi
462 2545 541 2604 mali.
575 2548 756 2622 plerumque
771 2547 850 2607 enim
869 2548 1100 2623 suspicionibus

121 2632 311 2702 laboramus,
335 2637 366 2689 et
384 2628 491 2689 inludit
513 2629 602 2690 nobis
624 2631 689 2701 illa,
713 2647 793 2706 quae
818 2631 971 2692 conficere
985 2634 1101 2693 bellurn

122 2719 216 2788 solet,
243 2717 337 2786 lama,
368 2715 461 2790 mullo
483 2720 583 2774 autem
605 2715 702 2790 magis
722 2715 860 2790 singulos
887 2717 1019 2777 conficit.
1056 2717 1101 2777 lta

91 2871 94 2879 ¹
122 2808 183 2873 est,
199 2798 238 2858 mi
252 2797 365 2858 Lucili:
391 2796 450 2858 cito
465 2798 641 2859 accedimus
658 2798 804 2875 opinioni.
827 2816 888 2860 non
904 2802 1100 2876 coarguimus

104 2884 186 2957 illa,
209 2897 287 2957 quae
307 2897 364 2943 nos
388 2882 417 2940 in
434 2890 544 2943 metum
565 2883 735 2957 adducunt,
757 2895 814 2944 nec
834 2886 1022 2960 excutimus,
1043 2885 1102 2945 sed

120 2965 309 3042 trepidamus
333 2973 363 3026 et
387 2964 431 3026 sic
458 2968 601 3027 vertimus
627 2976 727 3042 terga,
758 2969 1018 3044 quemadmodum
1048 2969 1101 3042 illl,

123 3066 202 3126 quos
217 3050 317 3124 pulvis
333 3057 433 3110 motus
451 3051 522 3126 iuga
537 3067 682 3126 pecorum
701 3053 785 3112 exuit
800 3053 924 3126 castris,
952 3062 1003 3114 aut
1020 3069 1101 3130 quos

88 3149 106 3204 9
121 3134 223 3210 aliqua
239 3134 341 3195 fabula
356 3135 422 3194 sine
436 3145 561 3197 auclore
576 3151 686 3211 sparsa
702 3138 875 3196 conterruit.
898 3137 1009 3198 Nescio
1024 3154 1102 3213 quo-

122 3219 215 3286 modo
236 3217 333 3293 magis
354 3235 434 3278 vana
455 3219 642 3294 perturbant.
679 3236 751 3280 vera
771 3221 851 3280 enim
871 3223 996 3283 modum
1012 3238 1099 3283 suum

121 3302 244 3363 habent.
273 3302 418 3379 quicquid
435 3319 474 3363 ex
488 3303 604 3364 incerto
620 3306 715 3379 venit,
732 3303 925 3366 coniecturae
941 3314 971 3366 et
985 3322 1100 3382 paven-

123 3386 161 3448 tis
184 3387 274 3448 animi
294 3388 434 3448 licentiae
453 3388 591 3449 traditur.
624 3389 697 3449 nulli
717 3389 821 3465 itaque
843 3397 902 3450 tam
923 3390 1098 3466 perniciosi,

122 3479 184 3530 tam
202 3472 430 3534 inrevocabiles
452 3488 544 3548 quam
564 3472 742 3551 lymphatici
768 3482 867 3535 metus
890 3481 973 3551 sunt.¹
1007 3474 1097 3535 ceteri
