2422 3862
262 241 433 302 EPISTUL.
447 241 543 303 MOR.
564 242 637 303 LlB.
651 243 731 304 XIV.
752 243 874 320 EP.l.(
910 249 932 318 .)
1027 243 1091 312 267

100 402 224 456 rotam
241 391 368 468 siguli,
385 393 473 453 ouius
496 392 624 453 circuitu
643 409 722 453 vasa
742 394 941 456 formantur.“
977 397 1091 459 deinde

99 480 174 555 quia
195 478 280 555 apud
294 477 459 538 Homerum
480 477 630 538 iuvenitur
649 475 735 551 liguli
754 485 838 550 rota,
859 481 974 540 malunt
993 478 1091 543 videri

99 579 212 623 versus
232 562 331 622 falsos
351 577 530 637 essequam
548 560 696 621 labalam=
724 578 782 636 ego
798 578 856 622 neo
869 563 1090 625 Anarcharsim

98 656 260 709 auctorem
281 646 371 707 huius
392 647 435 704 rei
459 645 555 706 luisse
574 645 728 706 contendo
749 653 794 717 et,
819 647 935 721 siluit,
963 649 1089 723 sapiens

99 731 229 808 quidem
254 730 314 790 hoo
340 730 471 803 invenit,
496 730 554 790 sed
580 746 641 791 non
665 737 822 805 tamquam
847 730 988 806 sapiens,
1011 732 1091 795 sicut

98 818 195 877 naulta
213 814 370 890 sapientes
385 813 515 886 iaciunt,
538 829 600 888 qua
615 811 756 875 homines
777 822 862 888 sunt,
883 831 945 877 non
963 833 1025 891 qua
1039 833 1089 878 sa·

98 902 240 976 pientes:
254 906 329 974 puta
345 897 574 959 velocissimum
589 913 661 958 esse
673 899 858 973 sapientem:
875 915 970 961 cursu
980 915 1088 962 omnes

96 984 242 1057 anteibit,
264 998 323 1057 qua
346 983 438 1042 velox
453 988 514 1054 est,
541 998 604 1042 non
620 997 682 1057 qua
697 982 833 1057 sapiens.
866 983 1015 1059 cuperem
1031 984 1088 1046 Po·

96 1068 224 1129 sidonio
241 1067 372 1141 aliquem
386 1066 558 1127 vitrearium
574 1067 752 1138 ostendere,
775 1067 829 1141 qui
849 1068 957 1141 spiritu
982 1069 1089 1129 vitrum

98 1154 129 1212 in
154 1152 277 1211 habitus
298 1151 446 1226 plurimos
462 1151 586 1222 lormat,
608 1150 660 1225 qui
675 1151 728 1210 vix
743 1149 880 1226 diligenti
893 1168 985 1213 manu
1001 1153 1088 1214 ellin-

97 1241 260 1311 gerentum
282 1234 360 1293 haec
381 1235 504 1294 inventa
524 1241 609 1305 sunt,
633 1242 797 1310 postquam
818 1236 988 1309 sapientem
1003 1239 1086 1297 inve·

98 1321 166 1379 nire
193 1319 340 1378 desimus.
386 1318 619 1391 ‚,Democritus,
649 1318 761 1393 inquit,
795 1317 952 1380 invenisse
980 1321 1128 1388 dicituraa

98 1404 306 1475 fornicem,
327 1409 360 1461 ut
382 1401 517 1477 lapidum
539 1411 702 1464 curvatura
716 1403 859 1477 paulatim
875 1405 1086 1465 inclinatorum

98 1485 203 1547 medio
228 1502 306 1546 saxo
333 1486 547 1560 adligaretur.“
577 1487 644 1546 Hoc
666 1487 766 1546 dicam
786 1486 897 1547 falsum
919 1503 1000 1548 esse.
1034 1503 1086 1546 ne-

98 1587 190 1632 cesse
206 1577 255 1630 est
269 1568 349 1630 enim
361 1579 431 1631 ante
441 1571 647 1631 Democritum
659 1579 689 1632 et
700 1578 811 1645 pontes
821 1578 851 1630 et
862 1578 966 1646 portas
979 1571 1085 1645 luisse,

98 1671 230 1731 quarum
246 1657 310 1714 lere
325 1671 444 1715 summa
459 1664 632 1716 curvantur,
659 1654 781 1714 Excidit
795 1670 888 1728 porro
900 1653 990 1717 vobis
1002 1671 1084 1715 eum·
1094 1667 1129 1724 aa

97 1741 168 1799 dem
183 1738 388 1800 Democritum
403 1739 575 1814 invenisse,
592 1739 849 1814 quemadmodum
863 1737 940 1800 ebur
954 1740 1085 1801 mollire·

96 1830 161 1897 tur,
180 1823 437 1898 quemadmodum
450 1824 596 1884 decoctus
611 1824 747 1882 calculus
761 1823 792 1882 in
804 1823 1000 1897 zmaragdum
1012 1838 1084 1883 con-

96 1914 284 1981 verteretur,
303 1923 364 1982 qua
377 1907 533 1982 hodieque
552 1914 676 1969 coctura
691 1905 805 1967 inventi
820 1907 942 1983 lapides
958 1909 1084 1968 coctiles

96 1993 283 2052 colorantur.
315 1993 377 2051 Ista
393 1992 518 2065 sapiens
533 1990 603 2052 lieet
616 1990 780 2065 invenerit,
802 2007 864 2052 non
880 2007 942 2067 qua
959 1991 1084 2065 sapiens

95 2084 178 2149 erat,
194 2073 317 2136 invenit.
350 2076 443 2136 multa
457 2078 537 2136 enim
552 2074 638 2150 lacit,
656 2091 735 2150 quae
750 2075 788 2134 ab
803 2074 1084 2151 inprudentissimis

97 2167 151 2220 aut
171 2175 271 2233 aeque
292 2159 359 2219 lieri
380 2160 511 2221 vidimus
532 2166 585 2222 aut
605 2159 733 2234 peritius
762 2169 856 2234 atque
879 2159 1084 2221 exercitatius.

95 2243 194 2318 Quid
217 2245 378 2320 sapiens
401 2244 724 2319 investigaverit,
747 2244 822 2319 quid
842 2244 872 2302 in
894 2247 992 2304 lacem
1012 2260 1128 2319 pro-34

94 2328 237 2401 traxerit,
254 2327 400 2402 quaeris?
421 2327 553 2387 Primum
568 2344 675 2389 verum
690 2338 899 2404 naturamque,
916 2345 1008 2403 quam
1021 2345 1084 2390 non

96 2419 130 2472 ut
155 2420 256 2472 cetera
281 2412 423 2471 animalia
449 2413 546 2472 oculis
572 2420 697 2473 secutus
724 2421 772 2473 est
792 2413 887 2472 tardis
909 2412 948 2472 ad
970 2412 1083 2472 divina

96 2495 211 2555 deinde
226 2497 306 2556 vitae
321 2498 435 2571 legem,
454 2513 544 2570 quam
560 2497 599 2556 ad
614 2495 760 2556 universa
775 2496 900 2569 direxit,
916 2511 974 2556 nee
989 2511 1084 2556 nosse

95 2586 228 2652 tantum,
256 2580 311 2640 sed
334 2579 422 2654 sequi
444 2581 521 2640 deos
543 2580 648 2639 docuit
668 2586 699 2637 et
721 2577 892 2637 accidentia
912 2594 973 2639 non
998 2577 1085 2639 aliter

94 2664 244 2738 excipere
259 2681 350 2739 quam
365 2665 524 2738 imperata.
547 2663 642 2722 vetuit
656 2677 766 2736 parere
781 2661 978 2735 opinionibus
996 2662 1084 2724 falsis

95 2756 128 2808 et
155 2747 261 2823 quanti
288 2749 425 2825 quidque
451 2754 550 2819 esset,
576 2762 650 2806 vera
675 2744 886 2806 aestimatione
913 2747 1083 2822 perpendit.

94 2832 252 2892 damnavit
272 2835 382 2893 mixtas
404 2829 592 2907 poenitentia
611 2830 784 2904 voluptates
810 2838 841 2890 et
858 2829 941 2890 bona
962 2847 1086 2907 semper

94 2916 245 2991 placitura
265 2918 401 2977 laudavit
422 2925 452 2976 et
473 2916 574 2991 palam
598 2915 670 2974 lecit
689 2914 898 2975 felicissimum
919 2930 1006 2988 esse,
1035 2915 1085 2976 cui

94 2998 239 3061 felicitate
254 3018 316 3061 non
332 3017 413 3076 opus
429 3007 493 3073 est,
509 2996 756 3074 potentissimum
771 3015 859 3072 esse,
877 2999 930 3075 qui
944 2999 1086 3061 sehabet

93 3085 125 3144 in
141 3093 304 3159 potestate.
337 3087 403 3145 Non
418 3086 457 3145 de
472 3100 510 3143 ea
524 3081 723 3158 philosophia
737 3084 865 3159 loquor,
890 3100 971 3159 quae
985 3083 1083 3146 civem
1091 3100 1128 3155 35

92 3177 182 3228 extra
197 3170 327 3243 patriam
342 3169 460 3245 posuit,
480 3175 567 3226 extra
581 3167 726 3227 mundum
741 3168 834 3242 deos,
852 3184 932 3243 quae
943 3169 1084 3229 virtutem

91 3253 222 3313 donavit
235 3256 399 3329 voluptati,
416 3253 473 3313 sed
490 3251 529 3310 de
543 3250 610 3326 illa,
632 3267 713 3326 quae
728 3252 844 3313 nullum
858 3251 974 3312 bonum
988 3258 1083 3329 putat,

92 3335 154 3397 nisi
175 3337 260 3412 quod
282 3338 445 3398 honestum
465 3343 528 3407 est,
551 3351 631 3410 quae
647 3351 704 3395 neo
726 3335 858 3396 hominis
873 3353 930 3397 nec
945 3338 1085 3398 fortunae

92 3419 274 3482 muneribus
302 3422 429 3483 deleniri
455 3425 571 3495 potest,
601 3421 689 3481 cuius
714 3420 774 3480 hoc
799 3421 929 3493 pretium
952 3428 1083 3480 estnon

94 3520 191 3567 eosse
214 3507 314 3580 pretio
337 3505 422 3583 capia
448 3504 528 3565 hane
549 3501 845 3579 philosophiam
865 3504 992 3564 luisse
1013 3501 1085 3561 illo
