2422 3862
10 146 14 187 l

156 109 328 170 EPISTUL.
343 108 436 170 MOR.
457 109 594 170 LIB.1V.
616 109 675 169 ΕΡ.
687 116 774 172 5-7.
796 117 944 186 (et-³6.)
1001 110 1040 178 77

65 280 120 324 nos
135 263 240 323 animo
255 262 373 323 futuros
389 270 418 323 et
430 262 577 338 quiequid
591 263 681 323 aetati
692 277 778 321 meae
790 263 904 338 vigoris
917 265 1041 326 absees-

65 350 115 422 sit,
138 345 171 407 id
193 347 235 406 ad
248 361 296 405 me
311 362 350 406 ex
364 352 431 418 tua,
455 362 640 420 quamquam
654 361 714 406 non
732 347 856 407 multum
872 348 973 420 obest,
996 367 1041 410 re-

65 433 205 494 diturum.
249 430 305 491 sed
331 438 430 490 tamen
456 446 491 489 re
512 444 637 505 quoque
660 429 730 505 ipsu
749 445 821 491 esse
841 434 939 493 laetus
960 436 1040 495 volo

10 517 155 578 ‘Venit
168 515 211 574 ud
226 531 283 575 nos
295 514 398 586 exiis,
418 531 497 589 quos
509 529 662 587 amamuS,
678 515 767 574 etiam
781 514 990 576 absentibus
970 534 1043 593 gau·
1054 524 1072 578 3

10 590 162 675 'dium,
179 598 237 659 sed
252 599 282 658 id
298 599 366 657 leve
378 605 408 657 et
422 597 601 658 evanidam:
624 605 809 673 conspectus
825 607 855 661 et
868 604 1043 675 praesentia

64 695 91 746 et
111 682 308 747 conversatio
328 672 422 742 hab'et
440 682 556 757 aliquid
577 682 665 741 vivae
686 684 866 758 voluptatis,
890 686 994 760 utique
1015 688 1042 746 si

65 786 122 830 non
143 775 262 829 tuntum
284 781 374 842 quem
396 767 487 838 velis,
512 766 569 826 sed
583 767 703 841 qualem
718 766 795 828 velis
812 768 928 828 videas
957 770 1043 831 adfer

64 854 166 929 itaque
182 857 213 911 te
228 849 323 910 mihi
316 864 424 925 ingens
439 866 550 929 munus
566 858 609 922 et,
629 865 690 924 quo
707 851 804 926 magis
816 854 926 926 instes,
942 855 1043 929 cogita

63 946 91 998 te
104 937 268 998 mortalem
282 950 368 1008 esse,
391 950 440 995 me
455 950 570 995 senem.
599 933 735 1010 Propera
749 936 789 996 ad
801 951 866 1009 me,
887 937 944 997 sed
959 940 997 998 ad
1014 946 1070 1000 tet

63 1024 159 1098 prius.
201 1019 322 1079 Prollee
342 1027 373 1080 et
392 1024 462 1079 ante
484 1018 586 1080 omnia
604 1019 664 1079 hoo
680 1035 768 1093 curu,
794 1027 827 1080 ut
841 1028 965 1082 constes
980 1022 1042 1082 tibi.

64 1105 212 1182 Quotiens
234 1103 367 1179 experiri
387 1103 492 1177 voles,
515 1119 553 1162 an
575 1102 690 1178 aliquid
706 1110 806 1164 aetum
822 1107 875 1177 sit,
901 1106 1042 1180 observa,

63 1208 100 1251 un
121 1190 233 1252 eadem
252 1187 346 1248 hodie
361 1186 453 1260 velis,
480 1202 559 1263 quae
575 1185 654 1247 lteri:
681 1189 804 1249 mutatio
820 1189 984 1251 voluntatis
1000 1191 1042 1250 in·

63 1275 146 1335 dieat
159 1273 296 1334 animum
310 1278 430 1346 natare,
452 1271 543 1333 aliubi
558 1278 650 1347 atque
664 1272 757 1333 aliubi
773 1273 938 1348 adparere,
954 1282 1044 1349 orout
1142 1314 1146 1321 -

63 1360 129 1422 tulit
150 1364 272 1419 ventus.
305 1373 366 1417 non
389 1364 531 1432 vagatur,
555 1357 638 1429 quod
651 1351 753 1417 fixum
769 1364 799 1417 et
815 1357 971 1417 lundatum
987 1367 1043 1419 est.

64 1444 145 1505 istud
162 1441 295 1518 sapienti
311 1442 447 1518 perlecto
463 1441 602 1515 contigit,
625 1441 817 1516 aliquatenus
833 1447 863 1500 et
876 1441 1044 1515 proficienti

64 1535 287 1604 provectuque.
327 1526 402 1600 Quid
425 1542 499 1601 ergo
514 1525 660 1604 interest?
687 1524 736 1584 hio
754 1532 963 1585 commovetur
979 1525 1043 1599 qui·

64 1613 150 1686 dem,
171 1627 234 1672 non
250 1618 348 1671 tamen
364 1611 485 1684 transit,
508 1609 564 1669 sed
580 1625 637 1670 suo
654 1610 721 1670 loeo
734 1615 827 1669 nutat.
851 1608 949 1669 illene
961 1624 1041 1669 oom-

64 1704 206 1758 movetur
223 1696 356 1771 quidem.
394 1695 482 1755 Vale.

319 1867 323 1878 ·
352 1830 567 1888 EPISTULA
591 1831 651 1886 Vll.
681 1831 752 1902 (36.)

318 1928 429 1979 Seneca
447 1929 558 1979 Lucrrro
578 1938 630 1978 suo
652 1937 789 1977 susurru.

128 2032 298 2093 Amicum
319 2039 422 2093 tuum
444 2031 613 2105 hortare,
635 2037 674 2090 ut
694 2030 793 2092 istos
813 2045 946 2105 magno
964 2029 1072 2091 ani-1

65 2135 121 2179 mo
146 2124 384 2190 contemnat,
406 2114 828 2192 quiillumobiurgant,
854 2116 1044 2189 quodum-

65 2204 171 2263 brum
193 2208 230 2261 et
250 2201 367 2261 otium
391 2197 564 2275 petierit,
588 2200 672 2275 quod
693 2198 868 2274 dignitatem
889 2216 975 2259 suam
993 2199 1045 2259 de-

66 2286 212 2356 stituerit,
236 2292 267 2345 et
287 2301 355 2345 oum
374 2286 442 2360 plus
459 2287 608 2358 consequi
626 2291 748 2359 posset,
771 2282 947 2358 praetulerit
962 2285 1045 2359 quie·

66 2380 128 2432 tem
143 2368 299 2432 omnibus:
323 2385 414 2444 quam
427 2368 538 2429 utiliter
557 2369 710 2444 negotium
725 2384 814 2428 suum
829 2367 973 2441 gesserit,
995 2382 1046 2426 eo·

68 2456 142 2516 tidie
164 2454 224 2515 illis
246 2454 396 2515 ostendet.
436 2452 489 2525 Hi,
510 2450 621 2528 quibus
641 2452 806 2524 invidetur,
828 2467 889 2511 uon
907 2451 1048 2510 desinent

68 2540 214 2601 transiret
237 2538 287 2599 alii
297 2537 456 2611 elidentur,
471 2535 521 2596 alii
533 2537 653 2598 cadent.
681 2553 732 2595 res
744 2543 792 2596 est
805 2532 941 2609 inquieta
953 2534 1046 2595 lelioi·

68 2633 132 2686 tas:
160 2622 230 2699 ipsa
245 2638 280 2683 se
295 2621 437 2698 exagitat.
474 2629 576 2682 movet
591 2621 748 2681 cerebrum
764 2636 825 2680 non
840 2636 903 2680 uno
920 2635 1048 2695 genere:

68 2708 147 2768 alios
161 2708 193 2767 in
208 2706 291 2767 aliud
305 2707 420 2777 inritat,
438 2706 497 2766 hos
512 2707 542 2764 in
559 2704 740 2780 potentiam,
759 2704 828 2766 illos
842 2704 872 2764 in
888 2703 1048 2765 luxuriam.

69 2791 129 2852 hos
143 2789 245 2864 inflat,
267 2790 334 2853 illos
350 2789 446 2850 mollit
459 2796 490 2850 et
503 2798 585 2851 totos
601 2788 738 2851 resolvit.
773 2790 834 2863 „At
846 2787 925 2861 bene
937 2787 1078 2864 aliquisa

70 2876 149 2936 illam
166 2876 256 2935 lert.“
284 2874 343 2949 sio,
368 2874 524 2951 quomodo
536 2875 648 2934 vinum.
682 2873 786 2949 itaque
801 2890 864 2939 non
880 2880 942 2946 est,
966 2871 1051 2949 quod

69 2958 122 3021 tibi
136 2958 188 3020 isti
205 2960 411 3035 persuadeant
425 2975 494 3019 eum
509 2974 581 3019 esse
595 2957 729 3030 felicem,
753 2960 804 3033 qui
819 2975 837 3018 a
851 2959 952 3019 multis
968 2954 1050 3018 obsi-

70 3044 172 3105 detur:
206 3043 252 3103 sio
276 3043 317 3104 ad
339 3044 435 3117 illum,
466 3043 725 3119 quemadmodum
746 3043 786 3103 ad
807 3044 906 3103 lacum
924 3056 1050 3103 coneur-

69 3129 153 3203 ritur,
172 3143 264 3204 quern
279 3128 354 3203 [qui]
371 3125 567 3199 exhauriunt,
587 3134 615 3187 et
630 3127 760 3187 turbant.
793 3127 1010 3202 „Nugatorium
1023 3131 1053 3184 et

13 3218 21 3234 ‘
69 3210 198 3275 inertem
218 3216 361 3273 voeont.“
397 3213 465 3272 Sois
481 3211 633 3287 quosdam
656 3226 801 3286 perverse
815 3211 900 3287 loqui
915 3216 944 3270 et
959 3209 1050 3284 signi·

71 3296 165 3358 doure
179 3295 341 3358 contraria.
363 3296 482 3356 felicem
498 3296 665 3356 vocabant:
689 3292 764 3374 quid
778 3301 877 3373 ergo‘l
899 3299 987 3356 erat‘t
1008 3292 1094 3350 ties

70 3381 143 3442 illud
167 3380 288 3455 quidem
309 3395 394 3455 euro,
419 3381 505 3458 quod
521 3382 713 3459 quibusdam
730 3383 828 3447 nimis
838 3381 970 3445 horridi
982 3374 1087 3438 adunit
