2422 3862
190 220 360 289 eristun.
377 223 470 288 MOR.
491 224 564 284 LlB.
581 226 631 284 vl.
653 224 710 285 ΕΡ.
722 234 782 288 do.
797 234 921 302 (56.57.)
983 229 1044 292 119

70 383 120 445 sed
135 383 178 443 de
192 381 262 456 illo,
285 380 316 439 in
338 395 428 456 quem
443 379 563 440 fortuna
578 379 624 439 ius
638 379 785 454 perdidit:
809 379 900 440 huius
919 397 1042 457 quoque

69 465 188 529 lenietur
204 466 342 541 animus,
356 463 520 528 mutabitur
535 465 628 529 color.
658 463 849 541 Quaedam
866 466 985 544 [enim],
1003 467 1071 534 mia

67 551 174 627 Lucili,
202 552 312 612 nulle
337 553 516 626 effugere
535 553 660 612 virtus
685 561 832 629 potest:
861 550 1043 616 admonet

28 694 32 705 ,
67 637 164 698 illam
189 644 327 698 natura
348 637 604 697 mortaiitatis
627 654 735 698 suae:
760 640 862 715 itaque
884 641 1041 700 etvoltum

67 723 195 783 adducet
211 720 253 781 ad
266 721 364 781 tristia
379 729 408 782 et
422 720 613 781 inhorrescet
626 723 666 781 ad
682 723 783 783 subita
798 732 829 783 et
843 723 999 799 caligabit,
1015 726 1040 785 si

66 814 181 868 vastam
192 805 383 866 altitudinem
398 805 428 864 in
444 805 601 880 crepidine
613 807 679 866 eius
692 808 874 869 constitutus
889 809 1040 884 despexe·

65 892 111 951 rit:
125 907 191 952 non
209 898 258 951 est
271 890 332 951 hoc
346 888 449 964 timor,
467 889 523 949 scd
538 890 686 950 naturalis
704 890 836 953 adlectio
851 893 1039 968 inexpugna-

66 974 128 1035 bilis
144 975 268 1036 rationi.
296 975 403 1048 ltaque
418 974 653 1050 tortesquidam
669 982 699 1035 et
712 975 897 1050 paratissimi
912 978 1068 1043 funderet

52 1074 148 1120 suum
165 1059 349 1134 sanguinem
363 1058 495 1119 ebenum
507 1059 611 1118 videre
626 1074 686 1119 non
700 1068 839 1134 possunt.
863 1062 985 1135 quidam
1001 1063 1039 1122 ad

63 1144 196 1205 volneris
209 1143 298 1216 novi,
314 1142 437 1218 quidam
451 1144 491 1202 ad
503 1143 614 1213 veteris
626 1150 656 1203 et
667 1145 818 1218 pumlenti
829 1147 1039 1206 tractationem

63 1228 348 1304 inspectionemque
363 1227 526 1311 succidunt
540 1242 576 1286 ac
591 1226 766 1302 linquuntur
778 1229 888 1289 animo.
915 1231 964 1290 alii
976 1231 1037 1305 gla-

63 1313 141 1374 dium
162 1311 287 1387 lacilius
308 1311 460 1386 recipiunt
477 1328 567 1386 quarn
585 1311 697 1372 vident.
727 1311 817 1373 Sensi
834 1330 922 1388 ergo,
945 1323 977 1375 ut
996 1315 1068 1381 di-6

60 1398 183 1473 ocham,
208 1396 372 1471 quamdam
388 1411 449 1454 non
465 1396 586 1470 quidem
602 1396 873 1470 perturbationem,
897 1398 953 1457 sed
973 1415 1038 1459 mu-

62 1483 216 1543 tationem.
244 1496 353 1560 rursus
375 1479 415 1539 ad
438 1480 567 1554 primum
589 1486 788 1555 conspectum
810 1481 948 1541 redditae
962 1482 1038 1541 lucis

62 1565 204 1627 alacritas
219 1562 310 1624 rediit
326 1563 489 1638 incogitata
510 1572 541 1625 et
561 1564 693 1624 iniussa=
714 1564 811 1624 illud
832 1565 944 1624 deinde
964 1582 1037 1625 me-

63 1667 141 1710 cum
161 1649 272 1725 loqui
294 1649 421 1724 coepi,
444 1665 552 1724 quam
569 1648 703 1723 inepte
719 1650 904 1723 quaedam
920 1650 1038 1723 magis

62 1734 271 1795 autminus
292 1732 527 1805 timeremus,
550 1731 1038 1792 cumomniumidemlinis

62 1827 179 1879 esset.
210 1817 284 1893 quid
310 1822 389 1877 enim
411 1817 550 1888 interest,
572 1824 671 1877 utrum
693 1833 788 1892 supra
809 1818 941 1891 aliquem
962 1815 1036 1891 vigi-

61 1903 177 1963 liarium
199 1910 269 1962 ruat
288 1917 326 1961 an
349 1907 459 1961 mons?
479 1901 553 1960 nihil
568 1901 715 1960 invenies.
746 1910 834 1961 erunt
848 1908 962 1970 tamen,
985 1902 1037 1976 qui

61 1986 138 2047 hanc
158 1987 280 2046 ruinam
300 1986 397 2060 magis
419 1985 556 2059 timeant,
580 1984 719 2059 quamvis
734 1992 864 2061 utraque
884 1985 1038 2045 mortifera

62 2087 159 2148 aeque
172 2072 226 2130 sit=
242 2070 320 2130 adeo
332 2087 393 2132 non
406 2069 550 2143 effectus,
567 2069 622 2129 sed
636 2069 797 2129 efficientia
809 2071 899 2130 timor
910 2078 1037 2144 spectat.

61 2154 145 2216 Nunc
172 2170 222 2213 me
248 2163 338 2230 putas
364 2155 404 2214 de
429 2153 541 2214 Stoicis
567 2153 684 2226 dicere,
718 2154 781 2227 qui
814 2154 1064 2217 existimanti

61 2240 223 2299 animam
246 2238 409 2298 hominis
436 2253 571 2313 magno
601 2239 772 2313 pondere
795 2238 929 2315 extriti
952 2255 1037 2313 per-

62 2338 214 2383 manere
235 2338 309 2383 non
336 2338 456 2396 posse
484 2329 520 2381 et
547 2322 676 2382 statim
704 2321 854 2397 spargi,
883 2323 1038 2396 quianon

61 2408 150 2467 luerit
170 2405 215 2466 illi
235 2407 336 2467 exitus
356 2407 454 2466 libert
475 2422 533 2480 ego
547 2421 621 2466 vero
646 2422 706 2466 non
728 2407 823 2467 tacio=
848 2407 898 2481 qui
918 2406 978 2466 hoe
994 2407 1038 2465 di·

61 2494 150 2567 cunt,
174 2490 358 2550 videntur
371 2490 462 2550 mihi
478 2506 618 2550 errare.
639 2489 901 2563 Quemadmodum
916 2489 1067 2551 [lammae

61 2591 122 2635 non
140 2581 246 2651 potest
262 2575 406 2650 opprimi,
431 2591 499 2634 nam
522 2575 603 2634 circa
626 2574 654 2633 id
674 2573 794 2649 effugit,
820 2590 881 2649 quo
897 2580 1037 2647 urgetur:

62 2659 320 2733 quemadmodum
342 2673 395 2718 aer
412 2659 539 2718 verbere
560 2665 652 2732 atque
673 2659 734 2719 ictu
754 2674 814 2717 non
836 2657 978 2729 laeditur,
999 2673 1038 2716 ne

60 2744 212 2804 scinditur
233 2742 373 2818 quidem,
398 2743 454 2802 sed
476 2745 558 2802 circa
578 2741 623 2814 id,
652 2742 700 2802 cui
721 2741 829 2814 cessit,
854 2741 1037 2802 refunditur:

61 2826 105 2886 sio
121 2827 260 2901 animus,
283 2827 388 2901 quiex
409 2826 589 2886 tenuissimo
612 2832 746 2898 constat,
769 2825 958 2901 deprehendi
975 2842 1038 2886 non

62 2917 165 2984 potest
179 2925 238 2970 nec
256 2911 333 2970 intra
348 2915 461 2985 corpus
483 2908 603 2984 adfligi,
626 2911 682 2970 sed
698 2909 848 2970 beneficio
866 2908 1038 2970 subtilitatis

13 3031 15 3037 ·
62 2994 136 3055 sude
152 2991 210 3071 per
224 2994 307 3069 ipsa,
332 2993 443 3069 quibus
459 2994 618 3069 premitur,
634 2995 771 3070 emmpit.
805 2993 965 3068 Quomodo
983 2994 1038 3052 lul-

62 3078 149 3152 mini,
163 3079 254 3138 etiam
268 3093 336 3136 cum
348 3077 495 3138 latissime
507 3076 660 3152 percussit
671 3093 707 3136 ac
719 3079 814 3151 lulsit,
828 3077 1039 3153 perexiguum

62 3164 199 3224 foramen
222 3169 270 3222 est
288 3161 421 3222 reditus:
452 3163 497 3221 sic
518 3161 633 3235 animo,
658 3162 710 3237 qui
732 3162 833 3222 adhuc
853 3161 973 3221 tenuior
993 3167 1040 3220 est

61 3246 146 3321 igne,
166 3260 224 3321 per
239 3260 329 3306 omne
344 3260 456 3321 eorpus
472 3247 543 3320 luga
555 3253 611 3305 est.
633 3245 740 3321 ltaque
754 3245 805 3318 [de
815 3246 878 3322 illo]
892 3255 1068 3320 quaercn-9

62 3330 134 3391 dum
149 3335 215 3409 est,
231 3344 269 3388 an
284 3329 385 3404 possit
399 3329 576 3390 immortalis
592 3345 674 3391 esse.
704 3329 770 3388 Hoc
786 3328 908 3404 quidem
925 3336 1038 3388 eertum

59 3413 200 3495 habeusi
216 3420 377 3488 superstes
393 3420 441 3475 est
456 3414 592 3489 corpori,
608 3410 753 3488 *praeter
766 3414 843 3473 illud
857 3413 941 3472 illum
954 3412 1038 3470 nullo

59 3499 410 3573 gencropm'reposse,
428 3506 560 3575 propter
575 3497 663 3578 quod
676 3515 741 3562 non
762 3484 884 3576 perid&
907 3496 1064 3573 quoniam
