2422 3862
177 227 240 292 194
466 225 500 284 n.
520 182 667 283 anunm
688 222 863 283 sennenn
950 302 952 306 ¹

176 379 298 439 molium
316 378 376 437 hoc
390 374 461 452 ipso
477 382 640 448 momento,
658 383 766 450 quotu
781 375 859 436 mori
874 375 1006 451 dubitas,
1023 377 1156 440 animam

98 505 105 517 c
176 462 270 523 variis
290 460 456 536 generibus
478 460 624 519 emittunt.
654 465 685 519 tu
708 467 807 520 autern
828 476 890 520 non
913 461 1043 535 putabas
1058 470 1088 523 te
1104 465 1156 524 oli·

178 547 302 624 quando
318 545 357 604 ad
375 544 406 604 id
421 551 656 620 perventurum,
677 543 716 603 ad
732 545 814 620 quod
830 559 954 620 semper
967 545 1058 606 ibas?
1085 547 1155 607 Nul-

137 634 237 696 iilum
259 631 326 692 sine
346 630 430 689 exitu
450 629 507 687 iler
521 636 576 688 est.
619 627 770 704 Exempla
785 644 866 688 nunc
880 644 1059 704 magnorum
1077 631 1157 692 viro·

176 732 243 777 rum
259 711 368 774 metibi
379 712 497 773 iudicas
509 713 694 773 relaturuml
712 727 876 787 puerorum
889 714 1029 773 referam.
1053 716 1157 776 Lacon

176 802 227 860 ille
238 797 404 858 memoriae
414 795 542 857 traditur
553 795 686 871 impubis
699 796 808 870 adhuc,
823 799 873 872 qui
886 803 995 872 captus
1008 800 1159 860 clamabat

177 901 255 961 „non
267 885 415 944 serviam“
432 897 489 941 sua
508 880 560 940 illa
574 881 685 941 Dorica
699 881 819 954 lingua,
842 889 872 941 et
883 881 990 942 verbis
1005 882 1097 943 tidem
1114 885 1157 942 in-

178 968 296 1045 posuit:
318 973 352 1027 ut
366 965 496 1040 primum
506 964 611 1025 iussus
624 970 672 1024 cst
683 964 785 1024 servili
796 965 880 1039 iungi
893 974 923 1025 et
934 967 1157 1028 contumelioso

177 1051 353 1125 ministerio,
366 1049 487 1109 adlerre
500 1049 581 1109 enim
593 1065 648 1109 vas
656 1049 845 1109 obscoenum
855 1049 1024 1125 iubebatur,
1036 1052 1159 1114 inlisum

138 1137 285 1214 reported
313 1140 406 1209 caput
429 1134 519 1209 rupit.
563 1134 634 1193 Tam
657 1148 755 1209 prope
770 1133 901 1194 libertas
922 1142 983 1194 est:
1013 1142 1042 1194 et
1063 1137 1160 1195 serait

179 1220 312 1297 aliquis?
339 1217 381 1278 ita
402 1235 464 1280 non
485 1218 531 1279 sic
550 1220 650 1293 perire
665 1218 759 1279 filiurn
775 1224 858 1278 tuum
873 1219 981 1279 malles
997 1234 1086 1292 quarn
1101 1235 1158 1293 per

178 1304 315 1365 inertiam
337 1317 443 1362 senem
465 1301 551 1362 fieri?
579 1303 653 1380 quid
673 1317 747 1377 ergo
766 1311 827 1378 εει,
850 1319 905 1362 cur
918 1301 1114 1378 perturberis,
1131 1304 1158 1363 si

179 1389 257 1449 mori
272 1387 388 1447 fortiter
403 1387 493 1446 etiam
508 1388 625 1462 puerile
648 1393 716 1447 esti
743 1395 817 1462 puta
835 1389 914 1448 nolle
929 1394 959 1447 ιε
974 1386 1078 1462 sequiz
1102 1388 1157 1447 du·

180 1474 269 1534 ceris.
313 1471 375 1531 Fac
395 1472 438 1531 tui
460 1471 549 1543 inris,
573 1472 655 1546 quod
678 1473 766 1531 alieni
789 1479 844 1531 est.
872 1487 934 1531 non
950 1487 1055 1532 sumes
1072 1472 1158 1546 pueri

179 1558 334 1634 spiritum,
357 1562 390 1615 ιιι
410 1555 497 1615 dicas
512 1572 594 1630 „non
610 1556 755 1616 servio“?
797 1556 921 1630 infelix,
942 1554 1042 1616 servis
1063 1555 1157 1616 horni-

178 1641 285 1715 nibus,
307 1641 407 1704 servis
422 1640 530 1714 rebus,
551 1640 651 1701 servis
668 1641 756 1700 vitae.
784 1657 854 1700 nam
869 1640 947 1715 vita,
966 1640 993 1700 si
1008 1640 1158 1700 moriendi

140 1724 275 1793 ldvirtus
290 1725 393 1797 abest,
415 1725 546 1784 servitus
561 1731 618 1786 est.
661 1724 782 1800 Ecquid
797 1724 909 1798 habes,
933 1731 1059 1800 propter
1075 1725 1157 1799 quod

179 1816 363 1886 exspectest
378 1810 551 1883 voluptates
562 1808 659 1885 ipsas,
672 1818 792 1885 quaele
804 1817 960 1869 morantur
971 1823 1008 1868 ae
1019 1809 1160 1882 retinent,

179 1893 408 1971 consumpsisti.
436 1894 518 1954 nulla
539 1893 592 1953 tibi
610 1909 690 1955 nova
711 1901 772 1968 est,
796 1894 878 1954 nulla
897 1893 1034 1954 uoniam
1050 1895 1160 1954 odiosa

178 1980 248 2056 ipso
264 1980 418 2040 sotielate=
441 1978 510 2053 quis
529 1977 654 2052 silvini,
670 1979 739 2054 quis
756 1978 845 2039 mulsi
861 1994 964 2053 sapor,
983 1979 1056 2039 scis.
1087 1977 1160 2036 nihil

178 2063 320 2137 interest,
351 2070 471 2123 centurn
494 2078 549 2137 per
569 2062 704 2124 vesicam
726 2070 808 2123 tuam
828 2079 866 2122 an
889 2061 970 2122 mille
992 2061 1160 2137 amphorae

178 2155 351 2207 transeant=
373 2162 484 2207 saccus
499 2163 545 2208 es.
573 2147 646 2222 quid
662 2148 762 2222 sapiat
776 2153 925 2221 ostreum,
948 2147 1023 2222 quid
1037 2147 1158 2218 mullus,

181 2231 294 2306 optime
314 2232 410 2293 nosti:
437 2230 510 2290 nihil
531 2231 584 2290 tibi
601 2232 722 2292 luxuria
740 2237 791 2291 tua
811 2232 840 2290 in
863 2232 981 2292 futuros
997 2247 1097 2291 annos
1113 2244 1159 2290 re·

182 2315 316 2374 servavit
335 2315 494 2374 intactum:
522 2315 607 2389 atqui
628 2315 705 2375 haec
721 2324 805 2390 sunt,
827 2315 971 2391 aquibus
987 2314 1100 2377 invitus
1116 2315 1159 2373 di·

142 2399 312 2467 llvelleris.
357 2397 434 2473 Quid
451 2407 499 2459 est
514 2399 604 2471 aliud,
628 2400 711 2474 quod
728 2400 780 2460 libi
795 2398 871 2474 eripi
886 2398 1015 2459 doleas?
1043 2399 1159 2458 amicus

179 2491 224 2544 εει
236 2493 265 2545 ει
280 2483 399 2560 patriar
421 2483 494 2543 tanti
515 2484 594 2542 enim
617 2484 699 2543 illam
715 2493 821 2558 putas,
843 2491 876 2544 ut
892 2484 1008 2544 tardius
1025 2489 1160 2544 coenes?

181 2569 277 2629 solem
295 2585 436 2644 quoque,
459 2568 485 2627 si
499 2583 628 2643 posses,
651 2569 873 2643 exstingueres.
901 2567 974 2643 quid
997 2568 1077 2627 enim
1096 2584 1159 2628 um-

182 2669 273 2727 quam
295 2652 393 2713 iecisll
414 2653 483 2711 luce
503 2651 650 2725 dignum?
672 2653 818 2713 confitere
836 2668 897 2712 non
913 2653 1015 2712 curiae
1031 2660 1075 2725 ιε,
1098 2667 1159 2711 non

181 2736 253 2809 iori,
279 2753 341 2797 non
361 2737 461 2811 ipsius
482 2751 584 2796 rerum
604 2742 731 2797 naturae
752 2736 908 2797 desiderio
931 2736 1097 2796 tardiorem
1120 2734 1160 2794 ad

182 2820 370 2880 moriendum
386 2820 466 2879 lieri=
489 2820 600 2881 invitus
615 2821 762 2897 relinquis
777 2820 945 2895 macellum,
964 2821 993 2880 in
1013 2836 1074 2896 quo
1087 2819 1160 2878 nihil

143 2904 339 2978 rgreliquisti.
365 2903 493 2964 Mortem
507 2905 611 2965 times:
634 2912 664 2966 at
680 2905 835 2980 quomodo
860 2905 941 2964 iliani
959 2904 1059 2963 media
1077 2903 1159 2963 oble-

182 2988 314 3048 ctatione
335 2988 525 3048 contemnis?
549 2988 654 3049 vivere
674 2989 737 3048 vis:
761 2989 823 3050 scis
839 2989 940 3048 enimi
961 2987 1038 3048 mori
1057 2987 1159 3047 times:

184 3071 257 3147 quid
272 3077 388 3147 porrot
409 3072 467 3132 ista
483 3071 543 3132 vita
558 3090 618 3133 non
635 3089 719 3134 mors
735 3079 801 3134 esti
846 3072 974 3146 Caesar,
994 3088 1062 3132 cum
1078 3072 1160 3130 illum

181 3162 388 3216 transeuntem
417 3171 473 3232 per
500 3156 636 3217 Latinam
665 3159 744 3218 triam
774 3173 854 3218 unus
883 3172 923 3216 ex
952 3156 1159 3218 custodiarum

182 3240 302 3315 agmine
327 3241 462 3301 demissa
490 3257 590 3316 usquc
613 3242 643 3300 in
667 3249 775 3316 pectus
795 3250 900 3302 vetere
921 3239 1018 3306 barba
1039 3247 1162 3314 rogaret

122 3356 135 3375 ι
183 3332 324 3384 mortem:
347 3342 446 3399 ,nunc
459 3327 552 3398 enim,
572 3325 684 3401 inquit,
705 3322 822 3386 ειιιιεῖιι
865 3326 934 3385 Ηοε
949 3324 1015 3386 ἱειίε
1030 3339 1159 3398 respon·

183 3407 316 3469 dendum
335 3415 397 3484 est,
424 3409 535 3483 quibus
557 3426 748 3473 succursura
764 3425 847 3469 mors
868 3416 931 3472 est=
961 3408 1038 3469 mori
1056 3408 1160 3468 times:

125 3497 255 3553 senune
275 3493 359 3554 enim
384 3493 488 3556 vivis?
530 3491 617 3572 „Sed
638 3510 715 3572 ego,
737 3492 853 3570 lnquit,
873 3492 978 3553 vivere
999 3492 1086 3565 volo,
1110 3491 1160 3565 qui
