2422 3862
211 180 214 186 ¹
259 223 537 285 unsrunuon.
558 224 631 285 nra.
642 224 709 286 xv.
730 224 827 288 naa.
847 233 919 300 (aa.)
1016 227 1082 293 aot

94 388 184 440 tam=
207 376 267 437 hoe
282 383 338 449 est,
357 376 442 451 quod
457 377 655 438 decretum
669 392 759 437 voco.
804 377 907 452 Qualis
921 377 999 440 haee
1012 396 1081 457 per·

95 461 202 524 suasio
215 460 314 533 fuerit,
330 460 402 520 talia
413 467 509 534 erunt,
522 476 602 535 quae
614 467 751 535 agentur,
763 477 843 536 quae
855 460 1081 537 eogiabuntur=

96 545 200 622 qualia
219 550 321 604 autem
341 542 420 604 baec
440 541 566 618 suerint,
592 546 660 605 talis
682 544 744 605 vita
765 545 830 606 erit.
863 544 894 605 in
915 547 1081 620 particulas

95 629 237 690 suasisse
261 634 355 688 totum
384 627 536 688 ordinanti
560 643 667 703 parum
693 635 749 688 est.
793 629 834 688 M.
856 629 968 690 Brutus
989 631 1019 690 in
1045 632 1123 693 eo45

93 712 192 786 libro,
213 727 304 786 quem
319 704 394 788 περὶ
410 704 620 790 καθήκοντος
634 711 805 788 inscripsit,
822 712 874 773 dat
886 715 978 773 muita
993 731 1081 790 prae-

47 813 49 817 ·
95 803 188 870 capta
201 803 232 854 et
245 793 425 871 parentibus
440 803 471 856 et
489 794 593 855 tiberis
609 802 640 855 ει
656 796 817 857 fratribus=
840 795 918 857 haec
933 813 1023 860 nemo
1039 801 1082 859 ia-

94 880 171 952 ciet‚
194 878 453 954 quemadmodum
473 877 578 951 debet,
600 880 660 940 nisi
682 879 837 952 habuerit,
861 897 923 956 quo
939 883 1082 957 perierat.

94 978 309 1039 proponamus
325 969 446 1038 oportet
461 963 553 1024 finem
568 965 677 1024 summi
688 963 771 1038 boni,
787 964 827 1023 ad
842 980 932 1039 quem
944 964 1083 1040 nitamur,

94 1047 240 1122 adquam
253 1061 342 1105 omne
357 1048 470 1107 iactum
482 1052 621 1109 nostrum
633 1049 810 1122 dictumque
820 1049 975 1125 respiciat,
991 1051 1083 1111 veluti

93 1130 311 1205 navigantibus
323 1131 364 1191 ad
376 1131 501 1205 aliquod
514 1129 602 1191 sidus
614 1131 794 1207 dirigendus
809 1138 858 1191 est
872 1147 991 1193 cursus.
1012 1132 1125 1194 vitato

94 1214 164 1275 sine
178 1214 341 1290 proposito
354 1229 432 1289 vaga
447 1222 503 1275 est.
525 1215 611 1292 quod
623 1216 650 1276 si
662 1217 766 1290 utique
777 1216 1013 1291 proponendum
1026 1224 1081 1293 est,

94 1299 246 1374 incipiunt
256 1299 433 1358 necessaria
444 1314 517 1359 esse
528 1301 659 1362 decreta.
677 1299 766 1375 Illud,
778 1306 811 1360 ut
823 1301 1080 1375 puto‚coneedcs,

94 1382 250 1443 nihiiesse
258 1383 379 1458 turpius
391 1382 484 1444 dubio
498 1391 528 1444 et
538 1387 655 1445 incerto
663 1391 743 1458 actu,
751 1384 844 1444 modo
853 1386 1082 1461 [proprcdienta

94 1469 193 1538 modo]
202 1467 312 1541 pedem
320 1467 480 1527 referente.
493 1467 590 1530 hocin
599 1468 740 1528 omnibus
752 1468 845 1527 rebus
857 1467 1082 1541 accidetnobis,

94 1550 156 1610 nisi
168 1552 349 1623 eximuntur,
366 1566 446 1626 quae
456 1552 647 1627 reprendunt
657 1552 776 1611 animos
788 1557 818 1610 ει
829 1551 964 1611 detinent
974 1565 1082 1625 perco-

94 1632 226 1709 narique
241 1641 322 1696 totos
338 1641 451 1695 vetant.
475 1633 819 1708 Quomodosintdi
836 1633 1008 1705 colendi,
1026 1640 1124 1696 so-47

94 1720 151 1778 let
165 1719 358 1794 praecipi:
382 1720 552 1781 accendere
566 1719 698 1793 atiquem
709 1719 851 1778 lucernas
863 1716 1000 1779 sabbatis
1011 1733 1081 1793 pro·

94 1799 266 1876 hibeamus,
276 1803 421 1877 quoniam
434 1819 491 1864 neo
503 1804 616 1864 lumine
628 1802 659 1862 di
670 1808 761 1876 egent
772 1808 802 1862 et
813 1817 852 1860 ne
863 1800 1003 1861 homines
1016 1803 1083 1876 qui-

96 1885 168 1944 dem
180 1886 368 1946 delectantur
380 1887 513 1961 iuligine.
532 1894 668 1947 vetemus
681 1882 916 1946 salutationibus
928 1885 1081 1945 matutinis

96 1969 182 2043 iungi
208 1977 238 2030 et
262 1970 381 2031 foribus
408 1971 551 2031 adsidere
571 1969 771 2045 templorum:
798 1969 933 2030 humano
949 1966 1081 2051 ambitio

96 2052 164 2112 istis
180 2053 290 2115 oiiiciis
306 2055 439 2130 capitum
461 2056 551 2116 deum
563 2055 643 2125 colit,
660 2052 817 2128 quinovit.
839 2060 979 2114 vetemus
991 2052 1083 2113 lintea

96 2142 128 2195 et
154 2137 285 2213 strigiles
311 2138 377 2199 Iovi
403 2140 482 2200 ieme
507 2147 538 2201 ει
559 2139 722 2215 speculum
742 2146 847 2199 tenere
870 2135 993 2198 lunoni:
1020 2153 1082 2198 non

97 2212 217 2296 quaerit
236 2221 392 2284 ministros
408 2223 502 2284 deus:
526 2223 652 2298 quidnit
674 2223 743 2298 ipse
756 2222 890 2284 humano
906 2219 1011 2295 generi
1027 2221 1081 2280 mi-

95 2305 213 2378 nistrat,
229 2304 344 2381 ubique
360 2315 389 2367 et
402 2308 542 2368 omnibus
556 2314 678 2382 praesto
692 2314 748 2368 est.
774 2307 888 2368 Audiat
897 2305 978 2379 iicet,
992 2319 1082 2379 quem
1092 2309 1128 2364 48

95 2388 220 2448 modum
237 2404 361 2448 servare
376 2391 406 2450 in
421 2390 582 2451 sacrificiis
597 2391 717 2465 debeat,
734 2407 825 2467 quam
840 2390 948 2466 procul
962 2387 1082 2448 resitire

95 2489 115 2531 a
140 2471 289 2530 molestiis
312 2486 349 2530 ac
375 2472 658 2547 superstitionibus:
688 2490 854 2548 numquam
881 2471 956 2532 satis
980 2470 1082 2544 proie-

96 2561 180 2614 ctum
207 2552 276 2625 erit,
298 2553 363 2633 nisi
392 2556 513 2630 qualem
539 2555 631 2615 debet
655 2556 745 2617 deum
770 2561 871 2614 mente
896 2551 1082 2626 conceperit,

97 2635 200 2700 omnia
212 2636 381 2712 habentem,
398 2638 500 2698 omnia
514 2637 695 2698 tribuentem
711 2641 753 2710 [in
768 2633 961 2708 beneficium]
978 2634 1082 2709 gratis.

97 2722 182 2797 Quae
199 2714 294 2781 causa
308 2730 356 2783 est
370 2722 418 2783 dis
440 2719 673 2781 benefaciendi?
699 2728 817 2781 natura.
846 2726 942 2793 errat,
963 2719 991 2778 si
1013 2718 1124 2792 quista

96 2807 167 2867 iilos
184 2812 269 2880 putat
288 2821 401 2868 nocere
416 2806 511 2867 nolle:
534 2821 596 2865 non
613 2810 752 2880 possunt.
776 2819 833 2863 nec
848 2802 990 2878 accipere
1005 2802 1082 2863 iniu-

96 2890 173 2950 riam
189 2896 304 2965 queunt
318 2907 375 2950 nec
390 2891 502 2950 iacere.
528 2888 651 2949 laedere
671 2887 781 2950 etenim
796 2885 940 2962 laedique
955 2885 1082 2947 coniun-

97 2982 178 3034 ctum
194 2983 250 3035 est.
273 2991 392 3036 summa
407 2975 458 3034 itta
469 2991 505 3034 ao
518 2971 722 3050 pulcherrima
734 2969 869 3033 omnium
880 2975 989 3031 nattua
1002 2987 1082 3046 quos

96 3059 235 3134 periculo
252 3058 372 3131 exemit,
390 3075 429 3118 ne
446 3058 640 3134 periculosos
657 3056 781 3133 quidem
795 3056 875 3118 iecit.
904 3053 1023 3115 Primus
1037 3055 1125 3116 osteo

98 3143 224 3202 deorum
242 3143 340 3202 cultus
356 3143 432 3204 deos
448 3143 585 3202 credere.
607 3139 718 3201 deinde
729 3140 860 3202 reddere
871 3138 930 3199 itlis
940 3138 1081 3199 maiesta-

96 3232 157 3285 tem
174 3242 269 3300 suam,
284 3227 415 3287 reddere
430 3226 604 3298 bonitatem,
621 3221 689 3284 sine
701 3241 763 3299 qua
773 3225 856 3288 nulla
868 3223 1012 3285 maiestas
1025 3230 1082 3282 est.

97 3309 178 3370 scire
192 3310 260 3370 iilos
277 3326 358 3383 esse,
375 3310 427 3385 qui
439 3308 616 3385 praesident
625 3308 749 3383 mundo,
763 3309 814 3384 qui
824 3308 970 3369 universa
981 3308 1012 3366 vi
1025 3320 1083 3365 sua

95 3401 281 3468 temperant,
305 3395 357 3470 qui
379 3392 503 3454 humani
521 3391 643 3468 generis
666 3395 788 3454 tutelam
803 3399 913 3469 gerunt
931 3389 1082 3450 interdum

97 3476 211 3537 curiosi
227 3477 425 3553 singulorum.
447 3477 478 3537 hi
494 3492 550 3538 nec
566 3476 640 3537 dant
653 3477 765 3538 maium
782 3492 839 3538 nec
853 3475 980 3535 habent:
1002 3476 1081 3530 ceta-

861 3559 918 3619 20*
