2422 3862
169 238 232 303 aue
446 241 479 299 r..
502 239 649 299 nunaut
669 237 844 331 suunctu

130 393 313 468 139uaeris,
331 392 413 467 quali
427 407 549 463 mensa,
565 389 648 465 quali
662 397 804 465 urgento,
820 405 911 466 quam
924 392 1049 466 paribus
1066 391 1152 451 mini-

171 476 270 538 steriis
292 484 322 536 et
342 474 479 536 laevibus
501 474 655 535 adferatur
675 474 782 534 cibust
810 473 883 534 nihil
908 481 1029 549 praeter
1051 476 1151 536 cibum

169 570 278 623 natura
292 559 456 620 desiderat.

270 661 341 704 uum
352 644 416 718 titt,
430 659 497 704 cum
509 642 619 715 fauces
631 644 694 702 crit
704 645 782 715 sitis,
797 659 893 702 aurea
903 645 1024 717 quaeris

271 724 402 803 pocula?
426 725 879 797 numerurmmfastt'drsomuia
889 733 1014 802 practer
1062 778 1064 782 .

269 805 662 886 pavonemrlomtumquel.

128 895 330 958 inambitiosa
342 909 403 952 non
419 899 467 952 est
481 893 592 962 fames,
615 899 758 953 contenta
772 893 916 952 desinere
928 899 990 952 esu
1020 909 1083 968 quo
1099 895 1151 954 de·

169 980 262 1051 sinat,
284 994 345 1038 non
366 975 456 1036 nimis
480 982 574 1036 curat.
611 975 740 1037 infelicis
761 976 901 1037 luxuriae
925 975 985 1035 ista
1002 982 1152 1041 tormenta

169 1069 254 1122 sunt:
286 1061 419 1136 quaerit,
442 1060 700 1135 quemadmodum
723 1067 795 1135 post
815 1059 1003 1120 saturitatem
1025 1077 1152 1137 quoque

168 1146 297 1218 esuriat,
315 1144 572 1220 quemadmodum
587 1159 648 1204 non
665 1144 780 1219 inpleat
794 1150 945 1216 ventrem,
961 1144 1019 1204 sed
1036 1145 1152 1219 sarciat,

169 1229 429 1304 quemadmodum
464 1228 542 1288 sitim
571 1227 669 1302 prima
698 1228 824 1303 potione
853 1228 992 1287 sedatam
1016 1237 1151 1290 revocet.

168 1312 291 1388 egregie
304 1314 408 1388 itaque
422 1310 566 1372 Horatius
581 1318 672 1386 negat
686 1313 727 1372 ad
742 1312 822 1371 sitim
838 1312 1004 1386 pertinere,
1020 1329 1081 1387 quo
1099 1330 1152 1388 po·

169 1398 237 1459 culo
257 1414 338 1471 aqua
359 1404 411 1457 aut
430 1412 522 1471 quam
543 1395 674 1469 eleganti
695 1412 789 1456 manu
808 1395 1003 1456 ministretur.
1033 1412 1104 1456 nam
1126 1397 1152 1455 si

168 1481 321 1556 pertinere
335 1482 375 1541 ad
389 1486 419 1540 te
434 1479 569 1554 iudicas,
591 1495 682 1554 quarn
696 1479 822 1540 crinitus
838 1494 915 1555 puer
929 1486 959 1538 et
975 1494 1066 1554 quam
1083 1497 1148 1556 per·

127 1580 159 1633 1⁵
167 1565 301 1625 lucidum
323 1564 377 1624 tibi
397 1565 541 1639 poculum
564 1564 715 1638 porrigat,
737 1579 800 1623 non
820 1562 898 1625 sitis.
933 1564 1013 1622 lnter
1031 1564 1153 1639 reliqua

166 1648 227 1709 hoc
239 1648 330 1712 nobis
347 1649 494 1723 praestitit
508 1654 617 1707 natura
633 1647 847 1722 praecipuum,
873 1648 958 1723 quod
974 1649 1153 1708 necessitati

168 1732 322 1792 fastidium
342 1733 488 1793 excussit.
516 1731 668 1806 recipiunt
691 1747 886 1806 supervacua
905 1732 1060 1791 dilectum:
1090 1731 1154 1791 hoc

167 1833 275 1891 parum
292 1817 417 1877 decens.
445 1816 520 1876 illud
541 1832 648 1891 parum
669 1816 834 1876 laudatum.
865 1816 973 1876 oculos
988 1815 1047 1874 hoc
1062 1831 1153 1876 meos

167 1900 274 1962 laedit:
297 1899 329 1959 id
349 1908 449 1960 actum
470 1908 519 1960 est
538 1900 577 1960 ab
598 1900 650 1959 illo
671 1901 776 1960 mundi
798 1900 970 1973 conditore,
993 1900 1046 1974 qui
1061 1899 1153 1960 nobis

168 1985 290 2044 vivendi
305 1986 372 2045 iura
386 1984 565 2059 descripsit,
581 1991 615 2044 ut
630 1983 708 2042 salvi
723 2000 880 2058 essemus,
896 1999 958 2043 non
970 1990 1003 2042 ut
1021 1983 1153 2044 delicati.

167 2068 207 2126 ud
233 2069 361 2128 salutem
388 2067 490 2128 omnia
516 2074 623 2142 parata
648 2063 721 2128 sunt'
739 2075 770 2128 et
788 2066 820 2127 in
843 2073 1002 2142 promptu:
1032 2067 1152 2128 deliciis

126 2155 159 2210 16
168 2150 269 2210 omnia
284 2153 395 2212 misere
410 2167 447 2211 ac
462 2151 592 2211 sollicite
607 2158 824 2227 conparantur.
859 2152 986 2212 Utamur
1001 2165 1076 2225 ergo
1092 2151 1154 2211 hoc

168 2239 293 2293 naturae
310 2235 461 2295 beneficio
481 2235 558 2295 inter
578 2251 689 2310 magna
713 2235 903 2296 numerando
928 2242 958 2294 et
981 2235 1153 2309 cogitemus

167 2318 250 2377 nullo
268 2319 390 2378 nomine
403 2319 511 2378 melius
526 2318 607 2378 illam
621 2320 771 2380 meruisse
787 2321 826 2379 de
840 2319 945 2392 nobiS,
963 2334 1054 2392 quam
1071 2320 1153 2393 quia,

168 2400 316 2478 quicquid
335 2418 375 2463 ex
395 2401 580 2462 necessitate
601 2402 810 2475 desideratur,
833 2404 901 2463 sine
919 2402 1043 2462 fastidio
1059 2403 1153 2463 sumi-

167 2492 224 2546 tur.
253 2487 341 2547 Vale.

462 2623 681 2680 EPISTULA
702 2623 746 2677 lll.
767 2622 856 2693 (lto.)

420 2718 532 2770 Sunuci.
547 2720 659 2769 Lucruro
679 2730 731 2768 suo
752 2729 893 2769 snuurau.

139 2828 153 2880 1
248 2819 389 2893 Epistula
411 2826 463 2881 tua
483 2835 541 2895 per
562 2821 667 2894 plures
689 2818 940 2895 quaestiunculas
962 2824 1074 2892 vagata
1096 2825 1152 2891 est,

166 2900 223 2961 sed
250 2902 281 2959 in
304 2917 367 2960 uua
390 2902 525 2963 constitit
544 2911 575 2962 et
594 2902 674 2962 hanc
694 2901 834 2977 expediri
855 2900 1027 2961 desiderat:
1057 2917 1153 2976 quo-

166 2983 338 3043 modoad
354 2986 531 3046 nosboni
547 2986 941 3061 honestiquenotitia
962 2999 1153 3059 pervene-

166 3067 237 3125 rit?
262 3067 345 3126 Haec
367 3068 428 3126 duo
449 3070 534 3144 apud
556 3070 633 3129 alios
653 3071 778 3130 diversa
799 3077 884 3140 suut,
908 3067 993 3142 apud
1012 3084 1072 3128 nos
1088 3076 1152 3127 tan·

137 3156 228 3214 utum
243 3148 352 3210 divisa.
379 3152 453 3226 quid
467 3151 579 3212 sithoc
594 3153 703 3212 dicam.
728 3154 870 3212 Bonum
885 3158 994 3226 putant
1009 3167 1082 3212 esse
1100 3151 1153 3210 ali-

168 3232 234 3309 qui,
258 3234 342 3309 quod
358 3234 432 3294 utile
447 3244 502 3296 est.
527 3237 630 3311 itaque
643 3237 704 3296 hoc
719 3244 749 3296 et
763 3235 876 3295 divitiis
892 3242 922 3294 ct
936 3250 1019 3309 equo
1035 3241 1066 3295 et
1080 3235 1152 3293 vino

167 3325 197 3377 et
212 3318 317 3388 calceo
340 3333 450 3378 nomen
467 3319 632 3393 inponunt:
660 3326 743 3380 tanta
763 3319 797 3380 lit
816 3319 900 3394 apud
914 3317 984 3378 illos
999 3319 1074 3378 boui
1089 3318 1150 3377 vili·

165 3408 213 3462 tas
229 3409 261 3461 et
275 3400 354 3460 adeo
369 3402 400 3460 in
417 3402 544 3463 sordida
557 3418 659 3478 usque
674 3403 842 3464 descendit.
866 3404 1080 3463 Honestum
1097 3418 1149 3476 pu-

151 3492 232 3558 tant,
257 3485 312 3546 eui
321 3485 404 3551 ratio
420 3488 499 3551 recti
516 3486 613 3551 officii
630 3495 766 3563 constat,
784 3496 938 3562 tamquam
945 3484 1000 3560 pie
1016 3493 1150 3546 curatam
