2422 3862
456 415 489 496 t.
510 413 651 497 rrum
673 389 845 530 sitnon

519 568 570 618 AD
587 567 778 620 LUCILIUM

277 685 684 785 nrtsrtmnun
713 685 1023 785 nonrmtm
1094 662 1102 673 ’

528 855 663 918 LIBER
689 854 770 919 XIII.

471 1127 690 1186 EPISTULA
711 1130 732 1185 I.
753 1129 824 1200 (86.)

416 1224 526 1275 Sannoi
541 1226 653 1277 Lucrum
673 1238 725 1278 suo
745 1237 885 1279 susurru.

131 1365 146 1419 1
220 1344 258 1403 ln
294 1345 380 1419 ipsa
416 1344 621 1421 Scipionis
661 1346 840 1407 Africani
878 1346 975 1406 villa
1006 1345 1141 1404 iacens

156 1429 251 1488 haec
268 1428 338 1488 tibi
360 1428 492 1490 scribo
508 1431 643 1491 adoratis
658 1429 799 1491 manibus
815 1431 882 1491 eius
897 1437 927 1489 et
941 1445 1028 1504 arca,
1051 1444 1142 1503 quam

156 1513 354 1588 sepulchrum
378 1529 450 1573 esse
474 1513 549 1573 tanti
574 1515 629 1575 viri
658 1515 810 1590 suspicor.
859 1511 1141 1586 culmum-quidem

156 1596 224 1659 eius
238 1597 268 1657 ln
285 1599 412 1671 coelum,
428 1613 465 1656 ex
485 1607 635 1673 quaerat,
651 1600 773 1660 redIsse
788 1596 961 1674 persuadeo
975 1594 1064 1668 milri,
1079 1611 1142 1656 non

158 1681 230 1756 quia
249 1696 378 1756 magnos
399 1682 553 1743 exercitus
575 1683 676 1756 duxit,
697 1683 755 1744 hos
771 1683 850 1741 enirn
865 1689 895 1742 et
909 1678 1079 1757 Cambyses
1096 1681 1143 1739 lu·

155 1765 257 1826 riosus
279 1781 316 1824 ac
339 1766 441 1825 lurore
463 1766 589 1827 feliciter
610 1783 687 1828 usus
709 1765 829 1839 habuit,
849 1765 905 1826 sed
927 1760 967 1824 cb
987 1763 1142 1837 egregiam

97 1872 100 1877 ·
155 1845 396 1909 moderationem
413 1851 632 1925 pietatemque,
656 1855 772 1926 [quam]
788 1851 885 1924 magis
901 1849 931 1908 in
945 1848 997 1907 illo
1012 1846 1142 1907 admira-

51 1936 56 1945 '
156 1932 257 2003 bilem,
274 1949 344 1992 curn
360 1933 480 2007 reliquit
493 1933 631 2009 patriam,
648 1951 739 2010 quam
755 1950 823 1995 curn
839 1930 989 1993 defendit:
1011 1938 1064 1991 aut
1079 1932 1144 1992 Sci·

127 2017 207 2091 apio
227 2017 344 2076 Romae
359 2018 472 2077 deesse
487 2018 617 2080 debebat
638 2027 688 2080 aut
702 2020 800 2080 Roma
814 2019 878 2078 sine
891 2016 1038 2076 libertate.
1073 2016 1144 2089 „Ni-

155 2099 207 2174 hil,
223 2099 328 2175 inquit,
343 2103 415 2162 volo
430 2101 580 2177 derogare
593 2103 722 2178 legibus,
738 2102 813 2162 nihil
828 2099 982 2162 institutis.
1011 2115 1143 2175 aequum

155 2183 234 2243 inter
248 2199 356 2244 omnes
371 2187 455 2246 cives
476 2185 591 2247 iussit.
630 2195 714 2248 utere
734 2187 801 2248 sine
821 2201 870 2245 me
889 2183 1041 2245 beneflcio
1065 2199 1143 2257 meo,

156 2267 264 2341 patria.
288 2283 383 2328 causa
399 2269 453 2329 tibi
467 2269 614 2332 libertatIs
629 2271 681 2345 lui,
697 2287 750 2332 ero
766 2278 796 2331 et
811 2274 1039 2344 argumentum:
1053 2283 1142 2338 exeo,

129 2349 184 2412 tlsi
207 2352 275 2426 plus
295 2350 349 2413 tibi
373 2370 463 2429 quam
484 2355 625 2430 expedit,
648 2356 761 2415 crevi.“
802 2354 913 2428 Quidni
931 2367 989 2427 ego
1011 2351 1144 2410 admirer

155 2436 236 2496 hanc
250 2435 487 2510 magnitudmem
504 2440 603 2511 animi,
619 2456 680 2514 qua
694 2440 724 2499 in
736 2439 860 2499 ouillum
874 2435 1079 2504 voluntarium
1094 2451 1142 2495 se-

156 2521 252 2582 cessit
266 2529 297 2581 ct
313 2522 463 2582 civitatem
484 2524 683 2583 exoneravit?
718 2539 756 2583 eo
779 2522 927 2597 perducta
947 2536 999 2580 res
1014 2528 1095 2590 erat,
1111 2526 1144 2578 ut

156 2611 209 2664 aut
229 2606 352 2665 libertas
374 2605 511 2681 Scipioni
532 2615 584 2667 aut
599 2605 702 2681 Scipio
717 2606 847 2667 libertati
863 2607 978 2664 laceret
992 2601 1142 2663 iniuriam.

155 2695 295 2748 neutrum
317 2690 363 2748 las
385 2697 464 2749 erat:
483 2691 586 2765 itaque
607 2692 707 2751 locum
722 2690 806 2750 dedit
820 2689 939 2764 legibus
954 2695 984 2747 et
998 2703 1034 2747 se
1048 2686 1144 2745 Liter-

156 2786 227 2830 num
251 2773 367 2845 recepit
387 2781 449 2832 tam
474 2789 563 2833 suum
591 2775 713 2836 exilium
738 2774 925 2850 reipubIIcae
949 2772 1143 2846 inputaturus

127 2863 248 2930 dquam
262 2855 451 2914 Hannibalis.
482 2856 553 2917 Vidi
567 2859 669 2918 villam
690 2866 834 2920 stntctam
857 2857 961 2931 lapide
982 2854 1143 2931 quadrato,

155 2954 273 2996 murum
287 2938 505 2999 circumdatum
527 2939 638 3017 silvae,
656 2950 756 3001 turres
780 2956 904 3018 quoque
919 2941 949 2999 in
966 2954 1143 3013 propugna-

156 3021 258 3081 culum
273 3021 363 3082 villae
378 3023 530 3099 utrimque
553 3016 727 3106 subrectas,
756 3027 918 3086 cisternam
935 3022 1086 3084 aediliciis
1106 3036 1143 3080 ac

155 3103 305 3165 viridibus
327 3106 491 3181 subditam,
514 3125 594 3183 quae
614 3109 758 3169 sulficere
772 3109 801 3168 ln
817 3125 907 3169 usum
923 3107 971 3166 vel
987 3106 1142 3165 exercitus

156 3194 278 3263 posset,
295 3189 467 3252 balneolum
483 3201 660 3267 angustum,
682 3193 906 3254 tenebricosum
922 3207 961 3251 ex
977 3197 1140 3251 consuetu-

156 3272 228 3332 dine
251 3273 391 3350 antiqua=
423 3291 483 3335 non
510 3277 670 3336 videbatur
692 3275 859 3336 maioribus
881 3272 995 3336 nostris
1019 3272 1141 3332 caldum

131 3356 214 3416 anisi
241 3358 415 3419 obscurum.
461 3359 597 3433 Magna
622 3376 713 3434 ergo
735 3377 790 3419 me
810 3361 994 3433 voluptas
1018 3355 1142 3416 subiit

155 3444 483 3518 contemplantem
511 3459 635 3503 mores
661 3443 864 3519 Scipionis
893 3457 936 3502 ac
963 3446 1140 3501 nostrosz
