2422 3862
292 176 461 272 nrrsrut.
477 210 571 272 non.
592 211 664 271 nm.
679 211 701 271 1.
723 212 779 271 nc.
795 220 820 275 r.
835 220 863 274 a.
1036 213 1076 278 ra

96 364 251 437 homines,
275 363 348 424 dum
363 362 490 433 docent,
510 361 642 422 discunt.
683 363 749 423 Non
771 363 916 438 estquod
937 371 965 424 te
979 363 1105 440 gloriae

98 447 273 524 publicandi
296 447 409 522 ingenii
431 446 581 522 producat
600 446 630 505 in
652 446 797 520 medium,
819 455 852 507 ut
866 449 994 507 recitare
1008 448 1075 511 istis

97 533 169 593 velis
192 539 245 592 aut
265 530 441 606 disputare,
470 531 551 605 quod
575 531 677 591 lacere
696 537 726 590 te
748 531 871 603 vellem,
901 531 927 591 si
945 531 1075 594 haberes

97 616 143 677 isti
165 617 284 692 populo
308 615 451 675 idoneam
465 629 614 674 mercem:
636 629 726 674 nemo
741 624 803 687 est,
827 615 879 690 qui
900 616 1074 690 intellegere

98 708 124 761 te
137 700 247 776 possit.
277 698 390 773 aliquis
406 700 554 770 fortasse,
578 715 658 759 unus
673 706 725 759 aut
742 701 817 759 alter
833 699 960 773 incidet,
984 700 1075 761 ethic

97 783 162 859 ipse
188 783 370 844 tenuandus
395 781 447 842 tibi
468 781 525 842 erit
546 780 812 858 instituendusque
833 784 874 844 ad
891 784 1075 845 intellectum

99 867 146 927 tui.
178 867 255 941 „Cui
281 883 357 941 ergo
382 867 440 926 ista
465 865 600 927 didicir‘
631 881 693 926 non
718 869 868 943 estquod
890 868 1014 942 timeas,
1036 885 1074 928 ne

97 967 222 1027 operam
238 950 427 1027 perdideris,
448 951 475 1009 si
490 949 542 1010 tibi
558 949 700 1010 didicisti.

157 1035 220 1095 Sed
242 1052 282 1095 ne
302 1036 363 1097 soli
384 1034 455 1094 mihi
475 1033 567 1094 hodie
587 1034 757 1106 didicerim,
780 1033 1010 1097 communicabo
1032 1045 1116 1097 telo

96 1134 180 1193 cum,
203 1135 284 1196 quae
301 1124 500 1180 occurrerunt
515 1117 587 1176 mihi
605 1119 727 1194 egregie
743 1118 824 1179 dicta
837 1119 919 1178 circa
933 1121 1073 1181 eumdem

95 1204 160 1264 lere
180 1219 308 1264 sensum
330 1204 402 1264 tria:
432 1218 471 1262 ex
493 1202 605 1277 quibus
626 1219 718 1262 unum
734 1203 811 1263 haec
827 1202 1002 1279 epistulam
1021 1205 1073 1264 de·

95 1288 189 1349 bitum
204 1289 319 1360 solvet,
337 1287 398 1347 duo
414 1287 443 1345 in
459 1295 651 1346 antecessum
663 1288 779 1362 accipe.
814 1287 1005 1349 Democritus
1017 1289 1072 1349 ait:

93 1372 222 1446 „Unus
250 1369 339 1430 mihi
368 1385 437 1445 pro
465 1370 612 1445 populo
642 1379 715 1443 cst,
748 1378 784 1431 et
810 1374 977 1447 populus
1005 1388 1073 1447 pro

93 1460 200 1517 uno.“
240 1455 324 1515 Bene
346 1463 376 1514 et
395 1455 459 1528 ille,
490 1453 631 1529 quisquis
657 1456 726 1529 luit,
752 1455 913 1530 ambigitur
934 1457 1014 1516 enim
1035 1455 1113 1516 dett

92 1547 236 1613 auctore,
266 1555 334 1600 cum
355 1546 553 1614 quaereretur
573 1538 611 1599 ab
632 1539 698 1610 illo,
727 1555 789 1615 quo
813 1545 896 1598 tanta
919 1538 1074 1615 diligentia

92 1625 168 1684 artis
200 1630 355 1700 spectaret
385 1624 424 1682 ad
457 1620 662 1698 paucissimos
694 1629 912 1698 perventurae:
949 1623 1073 1697 „Satis

93 1716 200 1780 sunt,
227 1707 338 1782 inquit,
367 1707 456 1766 mihi
478 1706 610 1782 pauci,
634 1709 734 1768 satis
756 1714 816 1766 est
833 1722 949 1780 unus,
972 1706 1073 1766 satis

93 1801 153 1854 est
173 1792 339 1853 nullus.“
373 1791 503 1865 Egregie
524 1789 583 1851 hoc
605 1791 724 1852 tertium
741 1789 909 1866 Epicurus,
938 1806 1007 1850 cum
1022 1790 1072 1850 uni

93 1891 132 1936 ex
149 1876 346 1939 consortibus
359 1873 530 1935 studiorum
545 1891 669 1935 snorum
685 1875 847 1935 scriberet:
870 1873 1007 1946 „Haec,
1029 1874 1073 1933 in-

95 1961 175 2035 quit,
198 1976 268 2035 ego
291 1976 364 2020 non
387 1960 532 2030 multis,
556 1957 625 2017 sed
647 1958 732 2018 tibi:
759 1958 857 2018 satis
879 1958 976 2017 enim
1000 1974 1073 2017 ma·

93 2059 206 2118 gnum
233 2046 334 2104 alter
360 2043 476 2102 alteri
502 2042 693 2103 theatrum
723 2047 884 2103 suiuus.“
927 2041 1003 2115 Ista,
1034 2041 1114 2116 mipp

93 2129 204 2203 Lucili,
226 2127 388 2188 condenda
403 2127 431 2186 in
447 2126 579 2186 animum
595 2133 679 2199 sunt,
695 2133 728 2187 ut
743 2135 921 2188 contemnas
934 2129 1072 2203 volupta-

94 2218 153 2271 tem
173 2227 213 2272 ex
233 2210 364 2286 plurium
380 2209 566 2271 adsensione
581 2209 759 2271 venientem.
797 2211 881 2273 Multl
895 2217 925 2270 te
939 2211 1072 2272 laudant.

94 2295 210 2372 etquid
224 2295 336 2369 habes,
356 2310 410 2354 cur
423 2295 548 2369 placeas
563 2294 631 2367 tibi,
650 2294 676 2354 si
688 2295 715 2356 is
727 2311 776 2366 es,
794 2311 884 2371 quem
896 2293 1075 2370 intellegant

93 2381 199 2441 multi?
221 2379 372 2440 introrsus
388 2378 470 2438 bona
485 2386 536 2439 tua
552 2385 701 2455 spectent.
737 2380 824 2439 Vale.

425 2514 641 2572 EPISTULA
668 2518 741 2572 Vlll.

346 2611 457 2663 Sennea
476 2612 587 2663 Lucrino
608 2625 659 2663 suo
679 2624 820 2663 sucurram.

154 2717 217 2789 „Tu
240 2730 303 2789 me,
334 2714 452 2789 inquis,
475 2714 571 2775 vitare
593 2716 708 2777 turbam
731 2715 834 2789 iubes,
857 2714 1019 2790 secedere,
1044 2724 1101 2781 etl

94 2798 283 2861 conscientia
303 2814 377 2859 esse
397 2805 594 2860 contentumt
619 2800 670 2860 ubi
696 2799 748 2859 illa
775 2807 940 2873 praecepta
964 2809 1073 2873 vestra,

95 2899 174 2959 quae
195 2883 348 2958 imperant
368 2883 397 2941 in
419 2891 487 2943 actu
510 2884 627 2944 ιιιοιίιιι
664 2883 752 2957 Quod
767 2898 825 2958 ego
840 2881 893 2942 tibi
908 2882 1015 2943 videor
1031 2887 1074 2945 ln·

95 2967 178 3027 terim
193 2967 342 3039 suadere,
366 2967 401 3025 in
424 2966 495 3027 hoe
518 2983 572 3027 me
591 2965 796 3027 recondidi
819 2975 854 3028 et
872 2967 1075 3030 inresolu-

94 3051 140 3125 si,
168 3060 206 3113 ut
233 3051 427 3127 prodesse
455 3050 633 3127 pluribus
664 3066 830 3127 possem.
872 3051 978 3112 Nullus
1005 3053 1076 3113 mihi

94 3136 255 3210 parotium
272 3136 341 3195 dies
355 3134 427 3195 exit.
451 3142 567 3211 partem
583 3135 716 3197 noctium
732 3135 840 3196 studiis
857 3135 989 3196 vindico.
1014 3154 1075 3197 non

96 3235 170 3281 vaco
193 3236 323 3294 somno,
356 3220 413 3279 sed
439 3220 608 3281 succumbo
629 3229 660 3281 et
679 3222 788 3281 oculos
806 3218 909 3294 vigilia
931 3219 1074 3296 fatigatos

95 3304 305 3381 cadentesque
328 3303 357 3362 in
379 3319 473 3379 opere
495 3303 627 3366 detineo.
670 3301 795 3364 Secessi
815 3319 877 3363 non
899 3310 1016 3365 tantum
1038 3305 1097 3366 aba

94 3386 281 3462 hominibus,
299 3388 356 3449 sed
371 3403 388 3448 a
402 3388 511 3463 rebus,
526 3396 556 3449 et
570 3386 842 3465 inprimisarebns
854 3389 947 3448 meis:
972 3396 1075 3464 poste-

95 3488 194 3537 rorum
209 3473 367 3550 negotium
382 3487 450 3548 ago.
471 3473 532 3535 illis
544 3473 665 3553 aliquo,
685 3489 768 3554 qnae
783 3473 911 3555 possint
920 3473 1088 3552 prodesse
