2422 3862
216 239 386 301 EPISTUL.
400 239 494 300 Mon.
517 240 590 299 LIB.
602 239 665 299 xtl.
686 239 742 302 ΕΡ.
754 245 782 301 3.
803 244 874 314 (85.)
969 241 1046 341 ,2Ξ9

60 396 139 468 duo,
157 408 237 469 quae
252 393 415 467 separatim
431 392 590 467 probanda
606 399 691 467 sunt,
714 393 909 455 misceamus.
940 411 996 471 par
1011 414 1047 457 se

59 480 142 540 eninr
163 477 313 552 colligitur
333 493 427 536 unurn
447 475 561 536 bonum
583 492 668 550 esse,
692 478 775 551 quod
791 476 968 554 honestum,
990 497 1047 556 per

59 579 96 625 se
112 578 236 634 rursus,
263 561 302 620 ad
318 561 407 621 vitam
422 561 542 620 beatam
558 560 632 621 satis
647 576 719 621 esse
734 562 879 622 virtutem.
910 564 936 624 si
954 581 1046 625 unum

58 649 174 708 bonum
197 651 258 718 est,
282 644 367 718 quod
385 643 563 718 honestum,
590 659 697 704 ornnes
717 647 890 707 concedunt
904 648 943 707 ad
959 648 1047 708 beate

59 730 226 791 vivendum
248 728 393 788 sulficere
410 728 564 788 virtutem=
588 745 606 788 e
625 728 777 789 contrario
794 745 855 790 non
870 731 1045 806 remittetur,

60 816 86 875 si
102 815 225 874 beatum
241 813 309 871 sola
326 812 422 872 virtus
439 813 525 887 lacit,
544 828 636 873 unum
653 811 767 874 bonum
782 829 869 889 esse,
894 816 977 890 quod
991 816 1045 877 ho·

60 904 181 958 nestum
197 902 252 956 est.
282 896 471 957 Xenocrates
486 903 516 955 et
530 894 726 972 Speusippus
743 905 849 972 putant
862 899 984 960 beatum
999 900 1048 959 vel
1056 909 1090 964 18

61 983 130 1043 sola
151 980 259 1041 virtute
279 978 345 1038 lieri
367 995 479 1054 posse,
504 988 686 1041 nontamen
710 998 801 1041 unum
830 982 942 1043 bonurn
965 999 1046 1058 essa,

62 1066 146 1142 quod
162 1064 325 1123 honestum
342 1072 399 1124 εει.
442 1064 594 1139 Epicurus
611 1080 736 1140 quoque
753 1065 879 1138 iudicat,
903 1083 970 1128 eum
988 1068 1047 1128 vir-

61 1157 154 1211 tutem
169 1149 294 1219 habeat,
312 1147 433 1208 beatum
450 1164 535 1220 esse,
553 1149 609 1209 sed
624 1148 724 1223 ipsam
739 1150 955 1212 virtutemnon
972 1153 1047 1212 satis

61 1248 134 1294 esse
151 1233 191 1291 ad
207 1233 325 1291 beatam
341 1233 441 1305 vitam,
459 1233 531 1309 quia
541 1233 660 1292 beatam
672 1233 786 1307 efficiat
800 1235 951 1310 voluptas,
968 1251 1048 1310 quae

61 1334 101 1378 ex
122 1316 232 1375 virtute
254 1324 315 1387 εει,
337 1333 399 1377 non
422 1317 492 1391 ipsa
513 1317 617 1378 virtus.
647 1317 754 1392 Inepta
776 1318 937 1378 distinctio.
967 1320 1048 1379 idem

61 1402 142 1461 eninr
164 1406 256 1474 negat
277 1417 423 1474 umquam
443 1402 583 1462 virtutem
598 1417 670 1461 esse
685 1402 751 1461 sine
764 1403 935 1477 voluptate:
958 1404 999 1461 ita
1021 1403 1048 1462 si

61 1487 89 1546 ei
105 1489 207 1544 iuncta
222 1499 346 1559 semper
360 1493 512 1562 astatque
529 1485 760 1560 inseparabilis,
775 1493 805 1544 ει
819 1487 887 1546 sota
902 1486 975 1546 satis
991 1493 1048 1545 est.

61 1570 155 1630 habet
174 1569 255 1629 enim
275 1584 381 1629 seeum
402 1570 604 1645 voluptatem,
629 1567 696 1628 sine
714 1585 775 1644 que
789 1586 851 1628 non
870 1575 931 1642 est,
959 1569 1048 1628 etiam

63 1670 131 1715 curn
149 1654 218 1712 sola
238 1660 295 1713 est.
325 1653 403 1713 Illud
430 1662 529 1714 antem
552 1653 719 1713 absurdum
742 1659 803 1724 est,
830 1653 915 1728 quod
940 1652 1090 1718 dieitur19

62 1739 184 1798 beatum
200 1737 324 1813 quidem
340 1738 473 1798 laturum
487 1740 537 1798 vel
552 1739 619 1797 sola
635 1737 752 1807 virtute,
769 1752 831 1795 non
848 1739 978 1798 suturam
997 1753 1049 1795 au-

60 1830 122 1882 tem
143 1822 279 1897 perlaeta
299 1821 430 1883 beatum.
462 1822 546 1898 quod
570 1821 827 1897 quemadmodum
852 1821 917 1881 lieri
940 1822 1048 1896 possit,

61 1923 124 1968 non
140 1906 271 1980 reperio.
302 1906 391 1966 beata
413 1907 492 1966 enim
510 1908 569 1966 vita
584 1906 697 1965 bonum
717 1905 746 1963 in
763 1921 798 1964 se
814 1907 981 1980 perfectum
996 1905 1048 1964 ha-

60 1993 127 2062 bet,
150 1990 407 2065 inexsuperabile.
438 1991 522 2066 quod
547 1990 573 2050 si
589 1996 650 2063 est,
675 1991 811 2065 perleote
826 1990 915 2049 beata
930 1995 985 2050 est.
1016 1987 1048 2048 Si

56 2077 190 2162 ‚deorum
213 2075 274 2134 vita
295 2075 367 2138 nihil
388 2075 481 2135 habat
502 2075 600 2136 maius
620 2082 673 2135 aut
692 2074 815 2147 melius,
835 2074 926 2133 beata
947 2081 1049 2134 autern

60 2159 125 2219 vita
147 2159 250 2218 divina
270 2165 332 2218 est:
353 2159 426 2219 nibil
440 2159 546 2229 habet,
569 2159 600 2218 in
622 2159 706 2234 quod
728 2160 859 2233 amplius
881 2159 981 2233 possit
995 2159 1048 2217 ad-

60 2244 136 2305 tolli.
168 2242 330 2303 Praeterea
352 2243 378 2304 si
399 2243 488 2304 beata
510 2245 571 2304 vita
584 2243 695 2303 nullius
711 2251 757 2303 est
772 2243 929 2318 indigene,
953 2242 1092 2304 omnistd

60 2329 152 2388 beata
172 2325 235 2387 vita
257 2327 392 2404 perlecta
413 2335 461 2388 est
484 2329 654 2403 eademque
677 2335 724 2387 εει
744 2334 774 2387 ει
788 2328 878 2387 beata
893 2335 924 2387 et
937 2325 1049 2387 beatis·

62 2414 151 2472 sima.
180 2412 327 2487 numquid
343 2411 478 2484 dubitas,
503 2412 575 2486 quin
590 2412 679 2472 beata
695 2410 756 2471 vita
771 2427 921 2472 summum
935 2409 1050 2470 bonum

63 2497 123 2556 siti
155 2510 229 2569 ergo
251 2497 277 2556 si
298 2511 449 2557 summurn
476 2496 590 2556 bonurn
610 2495 717 2566 babet,
745 2511 862 2556 summe
883 2495 974 2554 beata
994 2500 1050 2553 ast.

63 2579 326 2656 Quemadmodum
347 2596 499 2640 summunt
521 2581 721 2640 adiectionem
741 2596 803 2640 non
824 2577 947 2652 recipit,
976 2576 1050 2652 quid

63 2665 144 2725 enim
160 2680 256 2739 supra
271 2680 423 2725 summum
438 2664 514 2724 erit?
532 2664 574 2724 ita
589 2680 629 2724 ne
642 2663 733 2724 beata
748 2663 871 2738 quidem
884 2662 954 2734 vita,
971 2675 1051 2737 quae

65 2750 132 2808 sine
153 2764 272 2809 summo
294 2748 376 2809 bono
399 2766 462 2810 non
484 2754 540 2808 εει.
570 2749 654 2822 quod
675 2748 701 2807 si
717 2749 849 2823 aliquem
866 2745 963 2820 magis
979 2746 1050 2805 bea·
1084 2794 1089 2798 .

64 2841 127 2893 tum
141 2833 309 2901 induxeris,
327 2833 455 2895 induces
468 2840 498 2894 et
509 2834 601 2895 multo
615 2832 728 2907 magis=
747 2830 978 2893 innumerabilia
990 2830 1050 2889 dis-

66 2917 192 2977 ertmina
207 2917 316 2978 summi
336 2914 409 2979 boni
426 2918 535 2991 iacies,
553 2933 623 2978 oum
638 2932 788 2978 summum
806 2916 920 2976 bonum
934 2913 1051 2975 intelle—

66 3017 151 3075 gam,
174 3002 258 3076 quod
282 3017 376 3077 supra
398 3018 433 3062 se
453 3002 582 3077 gradum
603 3018 665 3062 non
687 3001 787 3060 habet.
821 2998 854 3060 Si
877 2995 1092 3073 estaliquism

66 3083 166 3145 minus
181 3085 290 3145 beatus
308 3102 400 3161 quam
415 3087 507 3160 alius,
531 3086 684 3163 sequitur,
710 3093 743 3146 ut
758 3085 807 3143 hio
821 3082 945 3145 alterius
961 3083 1052 3141 vitam

64 3168 210 3229 beatioris
234 3169 331 3244 magis
354 3171 555 3246 concupiscat
577 3186 669 3246 quarn
691 3185 787 3230 suam.
821 3168 930 3228 beatus
951 3173 1051 3226 autem
1083 3234 1085 3238 Α

65 3251 138 3312 nihil
156 3268 231 3312 suae
248 3254 390 3327 praeterr.
419 3253 646 3315 utrumlibetex
660 3252 708 3312 bis
723 3250 902 3312 incredibile
916 3256 977 3310 est:
1000 3255 1052 3309 aut

65 3336 183 3412 aliquid
203 3338 294 3396 beato
315 3346 447 3412 restare,
474 3338 560 3413 quod
579 3353 651 3397 esse
671 3353 763 3411 quam
786 3335 870 3409 quod
892 3341 940 3395 est
960 3333 1051 3406 malit,

65 3427 117 3482 aut
131 3421 163 3479 id
177 3420 261 3480 illurn
274 3436 337 3480 non
353 3423 457 3495 malle,
475 3421 560 3495 quod
574 3421 625 3482 illo
642 3421 750 3481 melius
766 3425 822 3478 est.
850 3419 957 3493 utique
972 3415 1054 3476 enim

66 3520 129 3582 quo
146 3504 326 3578 prudentior
343 3512 406 3580 est,
427 3503 486 3565 hoo
507 3504 605 3578 magis
621 3520 656 3565 se
671 3503 772 3576 adid,
798 3500 884 3576 quod
906 3506 955 3560 est
977 3497 1053 3572 opti·
