2422 3862
132 218 198 286 ott
375 293 379 297 ,
424 220 457 280 t.
476 219 624 280 Annam
646 217 821 280 senecas
854 188 865 207 ’

132 371 192 433 alia
206 387 254 446 re,
270 369 345 446 quid
362 376 485 447 posset,
508 385 599 444 quam
614 369 735 429 licentia
750 368 897 429 ostendit:
918 369 998 430 lianc
1015 370 1113 446 ipsam

131 456 253 517 laudem
268 470 355 516 suam
371 454 507 530 corrupit
519 452 586 513 istis
602 453 748 514 orationis
763 452 1048 527 portentosissimae
1060 453 1112 514 de·

101 538 218 601 illiciis.
244 538 373 615 adparet
388 539 468 598 enim
483 538 606 598 mollem
620 536 732 610 fuisse,
748 552 809 596 non
825 537 936 598 mitem.
954 537 1019 599 lroc
1036 537 1112 599 istae

132 623 277 698 ambages
293 620 526 698 conpositionis,
541 621 601 680 hoc
613 620 707 680 verba
718 628 903 696 transversa,
917 621 977 681 hoc
990 637 1111 696 sensus,

130 707 224 786 [mihi]
240 706 341 781 magni
364 707 487 781 quidem
508 720 617 781 saepe,
643 703 699 764 sed
721 701 870 778 enervati,
899 704 970 766 dum
991 713 1111 779 exeunt,

132 792 228 852 cuivis
251 791 444 850 manifestum
462 789 588 849 facient:
610 793 725 849 motum
743 788 785 848 illi
798 788 941 849 felicitate
956 788 1049 849 nimia
1063 804 1111 849 ca·

133 882 195 951 put.
220 875 305 950 quod
326 871 429 933 vitium
449 872 579 933 hominis
596 871 747 933 interdum
762 887 848 946 esse,
870 870 1021 934 interdum
1040 880 1111 934 tem·

101 958 217 1034 tlporis
238 959 325 1017 solet.
370 956 428 1017 Ubi
449 957 599 1016 luxuriam
615 958 674 1017 late
690 955 816 1016 felicitas
833 955 923 1030 fudit,
937 960 1036 1019 cultus
1053 957 1112 1031 pri·

131 1057 213 1101 mum
227 1056 390 1116 corporum
403 1056 473 1101 esse
485 1039 658 1116 diligentior
670 1038 785 1114 incipit.
807 1040 919 1109 deinde
932 1040 1112 1115 supellectili

132 1125 295 1186 laboratur.
324 1124 436 1185 deinde
457 1124 487 1183 in
508 1125 593 1199 ipsas
615 1125 725 1185 domos
740 1125 913 1200 inpenditur
927 1141 1016 1199 cura,
1036 1126 1112 1187 utin

131 1209 285 1270 laxitatem
299 1208 379 1269 ruris
394 1216 565 1284 excurrant,
580 1218 613 1271 ut
626 1208 759 1285 parietes
771 1208 908 1270 advectis
920 1216 1005 1270 nans
1018 1210 1112 1269 maria

132 1293 336 1357 marmoribus¹
349 1292 492 1366 fulgeant,
507 1300 540 1353 ut
554 1300 634 1354 tecta
649 1293 802 1352 varientur
816 1309 900 1363 auro,
917 1299 950 1354 ut
963 1292 1110 1353 lacunari·

130 1378 189 1438 bus
212 1375 455 1453 pavimentorum
476 1378 663 1452 respondeat
684 1377 772 1437 nitor.
807 1377 919 1437 deinde
939 1377 979 1436 ad
998 1393 1111 1438 coenas

130 1461 243 1523 lautitia
259 1462 437 1522 transfertur
457 1468 487 1520 et
500 1461 560 1520 illic
575 1460 798 1521 commendatio
815 1476 853 1520 ex
869 1460 1002 1522 novitate
1017 1468 1047 1520 et
1061 1477 1111 1522 so·

129 1545 173 1605 liti
194 1544 309 1606 ordinis
332 1543 567 1606 commutatione
583 1551 736 1620 captatur,
751 1552 785 1605 ut
798 1560 844 1618 ea,
861 1561 941 1621 quae
955 1545 1111 1606 includere

131 1631 231 1690 solent
253 1645 395 1703 coenam,
419 1629 516 1704 prima
537 1620 704 1704 pon‘antur,
720 1636 767 1702 ut,
785 1644 864 1704 quae
878 1628 1111 1689 advenientibus

90 1712 287 1787 locabantur,
303 1711 486 1774 exeuntibus
502 1714 621 1773 dentur.
651 1712 737 1772 (turn
758 1713 939 1773 adsuevit
958 1713 1110 1772 animus

130 1796 326 1871 fastidire,
356 1811 452 1878 quae
475 1812 519 1855 ex
540 1813 643 1859 more
665 1804 768 1869 sunt,
796 1804 826 1857 et
845 1796 887 1856 illi
904 1813 958 1871 pro
975 1795 1111 1856 sordidis

130 1882 219 1941 solita
240 1889 325 1954 sunt,
348 1881 462 1941 etiam
484 1880 520 1939 in
543 1880 721 1942 oratione
748 1880 851 1955 quod
874 1896 1009 1942 novum
1037 1887 1111 1952 est,

130 1965 284 2039 quaerit
298 1972 328 2026 et
342 1965 435 2024 modo
449 1964 575 2040 antiqua
588 1964 682 2024 verba
697 1970 788 2038 atque
802 1965 924 2025 exoleta
939 1969 1111 2024 revocatae

128 2048 259 2122 profert,
274 2049 367 2109 modo
383 2049 469 2123 fingit
483 2056 512 2109 et
527 2048 630 2124 ignota
645 2064 681 2108 ac
696 2046 845 2121 deflectit,
861 2048 964 2122 modo,
980 2048 1011 2107 id
1028 2047 1111 2123 quod

129 2146 227 2205 nuper
247 2130 425 2206 increbruit,
449 2147 505 2206 pro
528 2134 609 2193 cultu
632 2132 761 2192 habetur
780 2132 883 2192 audax
903 2130 1113 2192 translatione

90 2225 120 2277 11
130 2214 285 2288 frequens.
331 2213 407 2274 Sunt
433 2216 485 2289 qui
513 2232 625 2276 sensus
652 2216 829 2291 praecidant
850 2222 880 2275 et
903 2214 963 2275 hoo
983 2216 1111 2291 gratiam

129 2305 270 2371 sperent,
293 2298 319 2356 si
342 2300 491 2359 sententia
511 2299 692 2375 pependerit
706 2306 737 2359 et
751 2298 886 2359 audienti
902 2299 1111 2374 suspicionem

129 2382 177 2442 sui
194 2382 308 2441 fecerit.
330 2389 401 2442 sunt
415 2383 467 2458 qui
483 2384 552 2445 illos
568 2383 723 2444 detineant
740 2390 770 2444 et
784 2384 950 2457 porrigant.
973 2391 1045 2443 sunt
1061 2383 1113 2457 qui

129 2481 190 2525 non
206 2466 359 2542 usquead
376 2467 479 2527 vitium
493 2468 655 2541 accedant,
677 2482 808 2528 necesse
829 2475 876 2528 est
892 2467 972 2526 enim
992 2467 1053 2527 hoc
1070 2469 1110 2526 la·

130 2566 200 2610 cere
225 2549 341 2626 aliquid
367 2552 483 2626 grande
509 2550 681 2626 temptanti,
718 2551 774 2610 sed
800 2552 852 2625 qui
877 2552 978 2626 ipsum
1006 2551 1112 2610 vitium

129 2642 240 2695 ornent.
270 2637 373 2709 itaque
393 2634 578 2710 ubicumque
601 2635 714 2695 videris
740 2635 908 2695 orationem
935 2642 1112 2709 corruptam

130 2721 261 2794 placere,
277 2718 319 2778 ibi
336 2735 436 2780 mores
453 2735 578 2795 quoque
595 2726 709 2779 arceto
726 2719 897 2779 descivisse
911 2733 972 2778 non
985 2720 1043 2779 erit
1057 2719 1111 2777 du·

130 2800 221 2861 bium.
251 2803 406 2876 quomodo
423 2801 632 2865 conviviorum
648 2802 781 2875 luxuria,
805 2803 961 2878 quomodo
981 2801 1112 2862 vestium

130 2898 242 2957 aegrae
257 2885 387 2946 civitatis
400 2886 511 2947 indicia
524 2894 603 2962 sunt,
619 2888 663 2947 sic
674 2886 820 2947 orationis
833 2887 963 2959 licentia,
980 2886 1111 2946 simodo

131 2969 276 3041 frequens
297 2975 358 3042 est,
386 2972 519 3031 ostendit
539 2972 657 3032 animos
678 2986 815 3047 quoque,
845 2987 863 3030 a
885 2971 996 3045 quibus
1018 2970 1112 3030 verba

89 3057 121 3111 12
130 3057 259 3123 exeunt,
280 3050 464 3127 procidisse.
508 3055 610 3115 Mirari
633 3056 756 3131 quidem
772 3071 832 3115 non
850 3055 945 3115 debes
965 3061 1112 3128 corrupta

130 3132 231 3208 excipi
244 3151 305 3196 non
319 3143 431 3198 tantum
444 3154 462 3197 a
473 3154 588 3199 corona
600 3139 782 3213 sordidiore,
795 3139 851 3200 sed
864 3139 902 3198 ab
914 3137 973 3198 hac
986 3152 1112 3213 quoque

129 3218 219 3278 turba
230 3221 365 3281 cultiore·
382 3223 461 3296 togis
473 3223 552 3282 enim
564 3224 643 3284 inter
655 3239 690 3284 se
701 3223 760 3296 isti,
772 3239 834 3283 non
846 3221 968 3283 iudiciis
982 3221 1111 3282 distant:

129 3301 188 3362 hoc
204 3306 302 3378 magis
323 3305 426 3366 mirari
449 3315 554 3380 potes,
580 3307 661 3383 quod
684 3324 758 3368 non
779 3313 924 3368 tanturn
948 3305 1111 3378 vitiosa,

129 3387 196 3447 sed
218 3389 313 3448 vitia
334 3390 553 3450 laudentur.
583 3407 652 3450 nam
673 3389 747 3452 illud
769 3407 892 3466 semper
913 3391 1026 3450 iactum
1049 3396 1112 3450 est:

115 3471 237 3531 nullum
251 3472 321 3534 sine
335 3472 424 3538 venia
435 3475 554 3555 placuit
563 3475 729 3552 ingenium.
742 3475 783 3536 da
792 3474 875 3548 mihi,
886 3488 1113 3549 quemcumque
