2422 3862
182 234 245 300 268
469 233 503 298 L.
525 232 672 295 ANNAEl
696 232 872 295 SENECAE

181 380 447 460 rudi'seoulo,
479 403 552 460 quo
582 385 707 448 adhuc
737 386 912 449 artificia
944 390 1108 452 deerant
1135 399 1171 454 et

137 469 267 545 idipso
293 486 365 529 usu
390 469 648 530 discebantur
673 471 804 544 utilia,
829 488 903 532 non
929 475 1059 536 credo.
1099 475 1171 537 ¹Sint

179 558 249 616 lieet
267 554 421 615 fortunata
439 560 594 627 tempora,
620 568 688 614 cum
704 554 734 613 in
755 555 856 615 medio
872 557 1007 617 iacerent
1019 558 1170 619 beneficia

180 644 307 699 naturae
322 636 497 712 promiscue
511 637 634 712 utenda,
650 647 813 714 antequam
828 638 956 701 avaritia
971 648 1064 714 atque
1078 643 1168 703 luxu-

179 721 226 781 ria
242 720 452 783 dissociavere
466 721 612 781 mortales
627 728 657 782 et
672 722 863 796 adrapinam
878 739 918 782 ex
934 725 1089 786 consortio
1105 725 1166 786 dis·

181 820 312 882 currere,
328 820 390 866 non
405 811 493 864 erant
506 804 548 863 illi
563 804 720 880 sapientes
735 804 808 878 viri,
826 807 944 868 etiamsi
959 809 1112 870 faciebant
1125 812 1169 869 fa·

136 889 289 948 dloienda
314 888 531 964 sapientibus.
560 886 707 950 Statum
735 889 886 962 quidem
915 892 1074 966 generis
1102 893 1167 953 hu-

180 974 280 1032 mani
304 988 377 1032 non
398 971 516 1032 alium
542 970 748 1048 quisquam
774 974 1009 1048 suspexerit
1033 975 1168 1051 magis,

179 1071 237 1116 nec
249 1056 281 1116 si*
292 1055 342 1116 cui
356 1055 508 1131 permittat
522 1055 599 1115 deus
613 1063 734 1116 terrena
749 1057 880 1116 formare
895 1064 925 1118 et
939 1060 1013 1119 dare
1028 1061 1169 1133 gentibus

180 1155 292 1214 mores,
308 1140 390 1200 aliud
404 1139 588 1214 probaverit,
606 1156 697 1212 quam
713 1141 797 1215 quod
812 1143 895 1216 apud
910 1141 980 1203 illos
996 1142 1093 1203 fuisse
1107 1159 1168 1202 me·

179 1231 324 1297 moratur,
339 1223 423 1298 apud
439 1238 518 1298 quos

512 1309 589 1366 nulli
600 1307 776 1380 subtpebont
789 1323 865 1368 arva
879 1311 983 1381 coloni,

306 1407 344 1452 nc
357 1393 479 1466 sipnare
493 1391 611 1464 quidem
625 1396 679 1450 out
687 1393 801 1465 partiri
815 1394 905 1452 limite
921 1408 1061 1468 campum

303 1475 358 1548 sos
371 1480 453 1535 erat·
466 1478 498 1533 fn
510 1473 639 1533 medium
652 1475 837 1547 quaerebant
849 1479 973 1551 ipsaque
986 1479 1072 1536 tellus

307 1562 406 1619 omnio
419 1559 540 1618 liberius
553 1560 634 1617 nullo
646 1554 785 1632 poscente
796 1558 924 1632 serebat.

135 1643 258 1717 380uid
272 1642 428 1702 hominum
449 1642 500 1700 illo
517 1656 630 1715 genere
654 1641 795 1702 felicius?
837 1644 866 1702 in
886 1657 1047 1703 commune
1066 1657 1170 1700 rerum

180 1734 289 1787 natura
311 1725 498 1786 fruebantur.
538 1723 712 1796 sufficiebat
733 1726 784 1787 illa
803 1732 836 1786 ut
856 1742 967 1802 parens
988 1728 1018 1786 in
1044 1727 1170 1786 tutelam

180 1808 328 1872 omnium:
353 1809 430 1870 haec
451 1815 516 1868 erat
536 1808 728 1883 publicarum
750 1827 843 1886 opum
863 1825 975 1870 secura
996 1811 1169 1885 possessio.

180 1894 288 1970 quidni
309 1908 367 1969 ego
388 1893 462 1952 illud
483 1892 758 1967 locupletissimum
780 1894 950 1955 mortalium
969 1909 1069 1969 genus
1083 1893 1169 1953 dixe-

178 1978 250 2052 rim,
274 1980 304 2037 in
328 1995 388 2053 quo
410 1992 578 2052 pauperem
600 1977 737 2037 invenire
752 1994 814 2037 non
830 1985 966 2053 posses?
1006 1978 1169 2051 inrupitin

178 2078 228 2122 res
254 2062 369 2137 optime
390 2062 508 2136 positas
523 2059 651 2121 avaritia
665 2070 710 2132 et,
731 2062 803 2123 dum
818 2063 969 2123 seducere
983 2062 1099 2137 aliquid
1115 2078 1167 2121 ou·

178 2147 224 2221 pit
237 2152 329 2220 atque
343 2145 374 2204 in
392 2160 482 2205 suum
498 2151 631 2219 vertere,
654 2146 755 2205 omnia
776 2146 848 2206 fecit
867 2145 967 2206 aliena
981 2153 1012 2205 et
1027 2146 1057 2204 in
1073 2161 1168 2219 angu-

179 2236 259 2288 stum
284 2245 323 2289 ex
348 2229 488 2288 inmenso
513 2229 639 2289 redacta
663 2235 875 2305 paupertatem
898 2230 997 2291 intulit
1022 2237 1052 2289 et
1077 2230 1170 2289 multa

136 2311 430 2388 saconcupiscendo
446 2313 548 2372 omnia
560 2311 668 2372 amisit.
698 2313 784 2373 Licet
797 2313 902 2388 itaque
915 2314 986 2373 velit
998 2329 1079 2373 nuno
1095 2328 1168 2372 con·

179 2413 303 2458 currere
317 2406 346 2457 et
356 2411 515 2470 reparare,
535 2398 620 2471 quod
638 2396 782 2471 perdidit.
818 2398 887 2457 licet
898 2413 990 2472 agros
1006 2398 1088 2470 agris
1104 2397 1169 2455 ndi·

179 2482 253 2554 ciat,
276 2482 409 2541 vicinum
430 2484 478 2541 vel
497 2481 593 2556 pretio
612 2481 790 2554 pellensvel
805 2480 923 2541 iniuria.
966 2481 1036 2540 licet
1051 2482 1079 2539 in
1098 2497 1168 2557 pro-

180 2564 347 2626 vinciarum
362 2567 493 2641 spatium
508 2580 580 2624 rura
594 2564 699 2625 dilatet
714 2572 743 2624 et
760 2565 993 2640 possessionem
1011 2571 1100 2625 vocet
1116 2579 1170 2639 per

179 2665 237 2710 sua
252 2653 374 2725 longam
389 2648 676 2723 peregrinationem,
690 2649 774 2708 nulla
791 2665 849 2709 nos
864 2649 968 2709 linium
987 2649 1168 2724 propagatio

178 2748 216 2794 eo
242 2735 384 2806 reducet,
414 2733 496 2792 unde
522 2731 739 2793 discessimus:
777 2749 845 2793 curn
870 2734 972 2792 omnia
995 2731 1168 2801 fecerimus,

134 2817 303 2877 tumultum
322 2815 518 2875 habebimus=
543 2816 721 2877 universum
744 2816 943 2877 habebamus.
986 2815 1080 2875 Terra
1100 2816 1170 2890 ipsa

179 2899 305 2960 fertilior
325 2906 391 2959 erat
407 2899 577 2960 inlaborata
594 2907 624 2961 et
644 2900 674 2959 in
694 2917 771 2961 usus
787 2902 971 2976 populorum
986 2916 1048 2960 non
1064 2900 1172 2974 diripi-

178 2984 292 3044 entium
307 2984 401 3057 larga.
444 2982 590 3059 quicquid
611 2991 718 3045 natura
734 2987 916 3058 protulerat,
939 2984 971 3044 id
988 3000 1050 3043 non
1068 2983 1169 3043 minus

178 3065 337 3127 invenisse
353 3083 445 3142 quam
459 3068 615 3128 inventum
630 3076 801 3129 monstrare
820 3070 907 3127 alteri
927 3070 1072 3142 voluptas
1095 3074 1169 3139 erat,

178 3166 237 3210 nec
254 3151 306 3212 ulli
323 3158 373 3212 aut
394 3167 561 3227 superesse
582 3159 701 3227 poterat
725 3160 775 3213 aut
794 3153 922 3213 deesse:
945 3153 1023 3212 inter
1041 3167 1170 3211 concor-

179 3235 235 3295 des
252 3236 454 3297 dividebatur.
495 3237 630 3296 nondum
652 3236 803 3297 valentior
817 3237 996 3311 inposuerat
1010 3234 1171 3296 infirmiori

178 3335 310 3382 manum.
353 3321 487 3381 nondum
511 3335 625 3379 avarus
645 3321 882 3394 abscondendo,
904 3320 988 3395 quod
1009 3320 1068 3380 sibi
1090 3320 1170 3379 iace·

177 3411 237 3477 ret,
256 3404 348 3465 alium
363 3404 549 3464 necessariis
567 3419 693 3479 quoque
712 3406 900 3465 excluserat:
932 3420 987 3480 par
1008 3411 1074 3463 erut
1095 3405 1169 3463 alte-

134 3491 238 3550 tirius
254 3504 292 3549 ac
306 3488 355 3549 sui
370 3504 453 3548 cura.
491 3488 585 3548 Arma
600 3489 766 3548 cessabant
779 3489 1018 3562 incruentaeque
1033 3487 1169 3548 humano
