2422 3862
119 240 161 304 36
399 241 433 299 L.
455 239 602 300 ANNAEI
624 237 799 298 SENECAE

121 392 331 468 cupiditatem,
348 391 524 466 considera,
540 407 611 451 num
628 389 727 466 possit
740 390 851 451 alicubi
868 390 1054 450 consistere:
1072 389 1095 449 si

119 479 211 552 longe
233 493 398 552 progresso
420 493 542 552 semper
565 475 680 551 aliquid
698 474 819 549 longius
841 480 950 547 restat,
974 475 1052 534 scito
1067 473 1095 532 id

120 564 258 622 naturale
274 578 335 622 non
351 578 432 623 esse.
454 562 542 620 Vale.
1087 560 1089 564 ‘

446 697 622 756 EPISTULA
646 697 677 751 V.
699 697 770 768 (ll.)

372 794 483 847 Seneca
499 795 611 846 Lucum
631 805 683 844 suo
703 803 843 845 saturnu.

88 911 104 964 1
181 891 288 951 Proice
309 893 410 953 omnia
434 894 507 967 ista,
534 894 560 952 si
576 893 677 968 sapis,
702 892 792 952 immo
808 899 842 952 ut
860 891 980 966 sapias,
1007 891 1099 949 etad

118 975 257 1035 bonam
281 984 443 1038 mentem
467 993 601 1052 magno
624 992 739 1036 cursu
760 991 803 1035 ac
826 975 919 1036 totis
947 973 1099 1033 viribus

119 1060 246 1121 tende.
274 1060 599 1137 siquidest,quo
618 1057 1108 1134 teneris,autexpediaut

119 1142 258 1204 incide.
288 1144 464 1219 „Moratur,
488 1146 605 1220 inquis,
627 1161 676 1205 me
691 1160 741 1204 res
757 1143 928 1204 familiaris=
958 1141 1098 1203 siciliam

120 1229 288 1302 disponere
308 1229 395 1302 volo,
421 1235 455 1290 ut
476 1230 618 1290 sufficere
638 1228 710 1288 nihil
731 1229 831 1303 agenti
853 1226 967 1302 possit,
989 1242 1029 1287 ne
1050 1233 1100 1286 aut

88 1324 105 1374 ‘l
120 1321 288 1388 paupertas
309 1313 382 1373 milri
402 1315 489 1374 oneri
510 1315 549 1374 sit
564 1321 617 1374 aut
631 1329 688 1387 ego
704 1313 824 1373 alicui.“
847 1312 919 1372 Cum
937 1311 997 1371 hoc
1013 1311 1098 1381 dicis,
1139 1320 1142 1324 ’

50 1446 53 1451 .
121 1413 182 1456 non
197 1396 312 1457 videris
328 1399 388 1458 vim
402 1415 438 1458 ac
453 1399 619 1474 potentiam
635 1398 717 1471 eius,
739 1398 854 1472 dequo
871 1396 1005 1471 cogitas,
1026 1395 1099 1456 boni

120 1497 225 1541 nosse.
253 1490 282 1542 et
297 1498 445 1543 summam
462 1484 584 1559 quidem
602 1483 645 1542 rel
661 1480 820 1557 pervides,
842 1488 988 1556 quantum
1001 1479 1099 1555 philo-

121 1565 231 1640 sophia
253 1567 363 1640 prosit,
391 1575 493 1642 partes
514 1574 613 1628 autem
636 1567 772 1626 nondum
795 1565 869 1625 satis
890 1564 1040 1624 subtiliter
1056 1564 1099 1624 di-

122 1650 231 1724 spicis,
245 1651 384 1711 necdum
397 1651 475 1723 scis,
489 1658 635 1727 quantum
648 1651 761 1724 ubique
772 1665 830 1709 nos
842 1650 983 1721 adiuvet,
996 1664 1099 1724 quem·

120 1735 285 1795 admodum
308 1744 337 1795 et
358 1735 388 1795 in
404 1737 558 1809 maximis,
580 1743 612 1795 ut
627 1735 780 1795 Ciceronis
801 1742 869 1794 utar
883 1732 994 1807 verbo,
1018 1733 1099 1808 opi·

120 1821 282 1892 tuletur,
306 1819 384 1880 etin
406 1820 528 1879 minima
548 1819 726 1879 descendat.
758 1817 831 1877 Mihi
852 1817 957 1890 crede,
981 1818 1101 1877 advoca

121 1904 201 1962 illam
217 1902 247 1962 in
264 1904 440 1964 consilium:
467 1904 608 1964 suadebit
621 1903 690 1977 tibi,
712 1918 751 1962 ne
771 1902 811 1961 ad
827 1903 962 1962 calculos
978 1902 1099 1962 sedeas.

89 1995 106 2048 3
119 1987 235 2061 Nempe
255 1987 315 2048 hoc
331 1989 453 2063 quaeris
467 1996 498 2049 et
513 1989 572 2047 lroc
587 1989 645 2048 ista
660 1987 803 2047 dilutione
817 1986 864 2045 vis
881 1987 1048 2062 consequi,
1064 2001 1101 2044 ne

120 2071 173 2130 tibi
191 2078 356 2145 paupertas
368 2072 500 2131 timenda
515 2073 568 2132 sit:
592 2073 666 2148 quid
681 2071 708 2131 si
723 2071 896 2145 adpetenda
911 2077 980 2130 est?
1004 2070 1100 2130 llllul-

120 2154 172 2214 tis
211 2155 257 2214 ad
296 2154 653 2230 philosophandum
687 2154 880 2216 obstitere
917 2153 1101 2215 divitiae:

121 2239 625 2313 paupertasexpeditaest,
647 2246 869 2300 securaest.
904 2239 978 2299 Cum
994 2239 1102 2300 classi-

121 2337 189 2381 cunr
212 2320 333 2395 cecinit,
361 2321 419 2382 scit
438 2338 499 2381 non
525 2340 560 2383 se
580 2325 650 2398 peti.
686 2339 754 2383 cum
778 2323 880 2399 aliqua
898 2323 1102 2383 conclamatio

121 2413 183 2479 est,
208 2407 364 2480 quomodo
386 2413 490 2483 exeat,
512 2423 573 2467 nou
596 2408 669 2483 quid
692 2405 818 2480 efferat,
839 2407 965 2482 quaerit.
1003 2415 1055 2468 aut
1076 2407 1102 2466 si

121 2491 326 2565 navigandum
342 2497 404 2563 est,
424 2506 485 2549 non
502 2498 640 2566 strepunt
655 2498 762 2566 portus
778 2506 834 2550 nec
850 2492 941 2551 unius
956 2492 1102 2552 comitatu

121 2574 257 2648 inquieta
282 2580 353 2653 sunt
378 2574 474 2634 litora.
509 2592 569 2636 non
591 2577 766 2637 circumstat
786 2575 867 2634 illam
884 2575 974 2636 turba
996 2591 1101 2637 servo·

120 2673 203 2731 rum,
225 2658 265 2717 ad
286 2673 364 2731 quos
386 2660 561 2733 pascendos
581 2659 850 2720 transmarinarum
871 2660 1034 2735 regionum
1056 2666 1104 2720 est

89 2740 257 2815 luptanda
279 2739 425 2802 fertilitas.
452 2743 541 2803 facile
561 2751 608 2804 est
631 2760 761 2819 pascere
784 2759 901 2819 paucos
924 2751 1050 2805 ventres
1073 2750 1103 2804 et

120 2826 201 2885 bene
221 2823 374 2886 institutos
393 2835 423 2886 et
442 2826 515 2886 nihil
537 2828 618 2888 uliud
639 2828 851 2888 desiderantes
874 2845 967 2904 quam
982 2829 1101 2905 inpleri.

121 2923 218 2985 parvo
246 2909 342 2968 fames
359 2918 493 2984 constat,
519 2927 628 2987 magno
645 2910 808 2972 fastidium.
836 2920 1006 2987 paupertas
1029 2929 1101 2974 con·

120 2998 203 3052 tenta
218 2998 265 3051 est
279 2992 440 3054 desideriis
456 2993 638 3056 instantibus
651 2997 838 3056 satisfacere.
863 2997 937 3072 quid
954 3004 1004 3058 est
1018 3012 1101 3072 ergo,

122 3091 217 3151 quare
237 3075 315 3135 hanc
338 3093 463 3138 recuses
484 3079 747 3153 contubernalem,
774 3081 861 3139 cuius
884 3096 988 3142 mores
1006 3097 1101 3142 sanus

88 3165 105 3218 5
120 3160 207 3220 dives
224 3159 372 3222 imitatur?
394 3162 426 3222 Sl
439 3162 486 3223 vis
501 3178 610 3223 vacare
620 3164 736 3236 animo,
752 3171 803 3224 aut
818 3180 937 3239 pauper
949 3165 994 3225 sis
1011 3181 1100 3242 opor-

120 3251 162 3305 tet
178 3250 229 3305 aut
245 3246 372 3320 pauperi
388 3245 504 3307 similis.
542 3263 603 3308 non
619 3254 721 3322 potest
735 3248 869 3309 studium
885 3250 1021 3310 salutare
1036 3247 1100 3309 fieri

120 3327 188 3390 sine
209 3329 389 3405 frugalitatis
405 3346 493 3391 cura=
522 3331 678 3405 frugalitas
694 3341 794 3393 autem
808 3341 978 3409 paupertas
994 3334 1100 3396 volun-

120 3415 194 3475 taria
214 3422 269 3474 est.
293 3414 365 3476 tolle
386 3413 488 3489 itaque
509 3415 584 3475 istas
605 3416 836 3477 excusationes:
868 3419 1035 3492 „nondum
1050 3417 1099 3477 ha·

108 3496 184 3568 beo,
209 3504 359 3572 quantum
383 3505 431 3560 sat
452 3505 509 3560 est.
539 3499 567 3560 si
587 3499 627 3559 ad
645 3500 730 3560 illam
748 3517 899 3560 summam
919 3517 1094 3577 pervenero.
