2422 3862
127 225 191 290 204
420 228 454 288 L.
476 226 621 287 ANNAEI
643 225 819 287 SENECAE

128 379 247 440 virtutis
268 395 308 439 ex
329 381 423 450 tama,
451 393 508 439 nec
529 377 589 440 hoc
610 379 720 440 interit.
749 379 788 439 ad
808 394 867 440 nos
888 378 1010 455 quidem
1032 382 1106 442 nihil

128 463 290 540 pertinebit
307 469 499 539 posterorum
516 477 633 523 sermea
662 470 763 523 tamen
788 462 878 524 etiam
894 481 954 525 non
972 466 1106 526 sentien-

89 556 121 612 18
128 555 175 608 tes
187 548 268 608 colet
282 562 318 606 ac
335 545 548 621 frequentabit.
578 547 656 607 Nulli
672 564 733 608 non
746 547 841 609 virtus
852 555 883 608 et
896 548 968 610 vivo
979 558 1010 610 et
1025 566 1104 610 mor·

128 640 180 693 tuo
198 630 300 691 retulit
313 630 455 706 gratiam,
481 630 615 692 simodo
637 631 717 691 illam
731 632 814 692 bona
831 639 955 693 secutus
971 640 1021 693 est
1034 633 1106 708 lide,

129 716 156 776 si
171 731 207 774 se
223 730 285 774 non
300 715 460 775 exornavit
478 721 508 774 et
523 713 635 790 pinxit,
656 715 807 775 sedidem
823 713 891 789 luit,
915 716 982 776 sive
996 732 1037 776 ex
1053 717 1106 776 de·

129 799 264 859 nuntIato
279 797 455 873 videbatur,
472 798 539 858 sive
554 799 710 875 inparatus
727 815 763 858 ac
780 799 891 860 subito.
916 799 996 859 Nihil
1013 801 1106 861 simu·

127 883 199 943 latio
215 882 345 957 prolicit.
385 882 492 956 paucis
514 883 633 958 inponit
651 882 758 943 leviter
772 883 964 944 extrinsecus
981 884 1107 946 inducta

128 967 238 1027 facies:
256 966 367 1026 veritas
384 966 414 1025 in
426 980 549 1026 omnem
561 964 610 1025 sui
619 973 735 1041 partem
749 966 857 1027 eadem
873 973 930 1028 est.
953 967 1037 1040 Quae
1053 969 1106 1028 de·

129 1050 259 1126 cipiunt,
280 1049 352 1110 nihil
367 1049 483 1111 habent
500 1050 600 1111 solidi.
636 1056 727 1109 tenue
743 1057 791 1110 est
806 1051 1013 1112 mendacium=
1035 1067 1105 1128 per-

129 1135 225 1209 lucet,
247 1134 274 1194 si
292 1134 453 1209 diligenter
467 1133 652 1210 inspexeris.
683 1134 770 1195 Vale.

420 1468 454 1549 t.
476 1465 617 1549 IIIIIIEI
642 1464 813 1550 ttlltttt

481 1612 532 1664 AD
560 1611 752 1665 LUCILIUII

170 1739 656 1845 EPISTULARUM
700 1739 1062 1840 IIIIIIAIIUII

507 1918 644 1994 LIBER
670 1919 722 1983 xl.

437 2180 652 2239 EPISTULA
678 2184 699 2238 l.
727 2186 740 2252 (
778 2182 799 2250 .)

382 2273 492 2331 Seneca
506 2277 617 2330 Lucrmo
638 2289 689 2330 suo
710 2288 850 2330 sxrvrrn.

190 2377 212 2436 I.
239 2375 396 2447 Hodierno
412 2379 462 2438 die
476 2396 537 2440 non
554 2387 668 2451 tautum
684 2395 753 2442 meo
765 2378 917 2446 beneficio
932 2376 1005 2443 mihi
1015 2395 1105 2452 vaco,

127 2462 183 2523 sed
198 2463 375 2537 spectaculi,
395 2464 480 2539 quod
492 2480 599 2531 omnes
610 2466 761 2526 molestos
777 2465 817 2524 ad
828 2462 1106 2540 sphaeromachian

125 2546 277 2608 avocavit.
317 2562 406 2607 nemo
423 2548 580 2625 inrumpit,
603 2564 693 2608 nemo
715 2547 929 2624 cogitationem
945 2562 1046 2607 meam
1063 2548 1106 2607 in-

125 2632 245 2707 pediet,
274 2647 356 2707 quae
378 2631 438 2692 bac
456 2631 527 2706 ipsa
548 2632 661 2701 fiducia
685 2633 826 2707 procedit
840 2630 998 2697 audacius.
1038 2631 1106 2692 Non

125 2715 244 2790 crepuit
264 2713 396 2786 subInde
419 2716 545 2790 ostium,
575 2733 637 2778 non
656 2716 848 2777 adlevabitur
867 2715 982 2775 velum:
1006 2716 1108 2775 licebit

124 2814 187 2858 uno
203 2799 331 2873 vadere,
354 2799 438 2875 quod
450 2801 547 2876 magis
562 2800 771 2873 necessarium
788 2807 837 2861 est
851 2815 907 2877 per
923 2815 960 2867 se¹
976 2799 1059 2862 eunti
1078 2807 1107 2860 et

125 2896 214 2942 suam
235 2884 376 2955 sequenti
397 2881 478 2952 viam
486 2907 497 2952 ε,
519 2901 584 2953 non¹
603 2901 676 2960 ergo
701 2900 817 2960 sequor
838 2883 980 2960 priores?
1016 2883 1106 2956 lacio,

125 2964 183 3026 sed
204 2963 344 3039 permitto
364 2967 436 3029 mihi
458 2976 488 3028 et
502 2969 638 3028 invenire
653 2967 770 3043 aliquid
788 2975 818 3028 et
834 2975 952 3029 mutare
968 2975 998 3028 et
1011 2962 1104 3027 'relin-

94 3059 228 3125 tquere.
262 3064 323 3108 non
345 3051 447 3111 servio
476 3051 550 3126 illis,
574 3053 630 3113 sed
646 3052 813 3113 adsentior.
843 3050 989 3126 Magnum
1004 3057 1106 3111 tamen

122 3132 251 3194 verbum
267 3131 346 3209 dixi,
369 3132 424 3210 qui
444 3133 516 3194 mihi
533 3136 684 3196 silentium
701 3135 915 3212 promittebam
933 3142 964 3196 et
978 3135 1047 3195 sine
1061 3135 1103 3193 in·

124 3216 318 3291 terpellatore
333 3226 499 3279 secretum:
516 3235 590 3281 ecoe
605 3221 714 3296 ingens
730 3221 845 3282 clamor
860 3235 900 3290 ex
917 3219 1017 3280 stadio
1034 3234 1105 3294 pro·

124 3301 219 3360 fertur
230 3308 260 3360 et
275 3317 400 3363 menon
415 3304 530 3364 excutit
543 3303 629 3378 mihi,
646 3304 702 3366 sed
715 3305 746 3364 in
757 3303 849 3366 huius
860 3304 960 3380 ipsius
975 3304 1019 3364 rei
1033 3319 1104 3364 con·

123 3383 289 3445 lentinnem
303 3387 456 3447 transfert.
488 3388 588 3463 cogito
605 3405 744 3463 mecum,
764 3405 858 3466 quam
873 3388 958 3448 multi
974 3403 1106 3463 corpora

111 3476 298 3545 exerceant,
313 3470 440 3547 Ingenia
457 3487 550 3549 quam
566 3472 666 3551 pauci
691 3482 827 3550 quantus.
834 3472 874 3533 ad
893 3473 1104 3549 spectaculum
