2422 3862
408 220 453 276 DE
470 221 627 280 MORIBUS
645 223 758 280 LIBER.
1016 221 1079 287 465
1113 271 1120 280 .

154 372 250 441 Qualis
267 373 325 443 vir,
347 372 408 428 talis
423 374 521 429 oratio.
1087 383 1123 440 73

155 457 260 529 Magna
275 473 320 512 res
338 462 380 512 est
395 457 474 514 vocis
489 463 516 512 et
529 458 630 513 silentii
645 464 772 532 tempora
787 475 878 517 nosse.
1087 467 1123 523 74

156 539 208 608 Qui
224 556 314 611 aequo
331 541 423 596 animo
439 542 519 598 malis
535 542 721 612 immiscetur,
741 545 831 600 malus
846 549 897 601 est
1087 550 1121 606 75

155 624 301 680 Neminem
331 626 385 681 cito
409 625 586 695 laudaveris,
634 627 774 684 neminem
800 628 853 684 cito
879 628 1122 690 accusaverisr'ls

92 725 206 781 semper
219 715 287 780 puta
302 713 329 763 te
345 724 441 764 coram
458 708 512 763 diis
527 709 716 765 testimonium
730 710 834 768 dicere.

154 793 257 847 Vitium
272 797 314 847 est
329 793 423 847 omnia
438 792 569 863 credere,
589 793 688 851 vitium
702 793 771 850 nihil
786 797 913 853 credere.
1087 801 1122 857 77

153 875 293 932 Utendum
309 882 351 932 est
365 876 481 942 divitiis,
504 892 561 931 non
575 877 756 933 abutendum.
1087 884 1123 940 ‘18

153 960 264 1016 Nullum
279 960 423 1031 putaveris
437 961 530 1015 locum
544 961 605 1016 sine
620 967 698 1018 teste.
1087 968 1122 1024 ‘19

153 1044 371 1100 Excusationem
392 1059 529 1114 quaerere
550 1045 655 1100 vitium.
679 1041 770 1118 [*sed
785 1046 879 1102 omnia
893 1045 1024 1117 delinque
1040 1045 1077 1101 ad
1088 1052 1124 1107 80

93 1125 286 1203 dominum.*]
361 1189 367 1201 ⁰

154 1213 262 1269 Fortior
278 1217 320 1268 est
336 1212 383 1282 qui
399 1211 577 1283 cupiditatem
592 1212 677 1268 vincit
692 1228 774 1282 quam
789 1215 837 1284 qui
848 1213 958 1270 hostem
970 1213 1076 1270 subicit.
1087 1219 1122 1275 81

155 1297 204 1352 Est
219 1296 410 1352 difficillimum
426 1313 457 1350 se
473 1296 564 1367 ipsum
579 1295 702 1352 vincere.
1086 1301 1121 1356 82

155 1381 252 1452 Inique
268 1381 410 1450 irascitur,
435 1380 482 1450 qui
499 1379 556 1433 suis
571 1379 707 1435 irascitur.
1087 1386 1121 1442 33

154 1465 259 1520 Amare
274 1465 315 1520 sic
329 1465 421 1536 incipe
436 1469 578 1534 tamquam
591 1479 648 1519 non
663 1464 746 1519 liceat
761 1464 902 1521 desinere.
1087 1469 1122 1526 84

117 1617 119 1621 Ι
154 1549 325 1620 Magnarum
343 1564 436 1604 rerum
460 1547 568 1603 etiamsi
588 1564 737 1603 successus
754 1563 811 1603 non
825 1549 921 1619 luerit,
940 1547 1075 1605 honestus
1086 1552 1121 1607 85

93 1638 135 1687 est
149 1634 210 1704 ipsc
226 1639 351 1688 conatus.

108 1706 120 1729 ⁰
154 1716 288 1772 Nobilitas
303 1716 388 1772 animi
402 1720 446 1772 est
461 1715 638 1787 generositas
654 1731 765 1771 sensus.
1086 1719 1122 1774 86

155 1800 288 1857 Nobilitas
305 1800 430 1872 corporis
445 1815 602 1871 generosus
617 1800 736 1855 animus.
1087 1802 1122 1857 87

155 1885 304 1939 Honestior
326 1889 369 1940 est
390 1900 473 1954 quem
489 1889 620 1939 senectus
636 1883 674 1939 ad
690 1884 774 1939 otium
790 1883 882 1940 retulit
895 1899 979 1953 quam
992 1897 1076 1954 quem
1087 1885 1122 1940 88

94 1969 122 2023 in
136 1968 191 2023 otio
206 1969 320 2025 invenit.
343 1964 394 2024 *et
406 1973 471 2024 tunc
485 1968 599 2038 incipiat
612 1969 752 2024 laborare.

154 2052 248 2126 Turpe
263 2054 454 2124 spectaculum
467 2053 585 2123 praebet
599 2053 707 2108 animus
724 2069 820 2125 aeger.
1087 2053 1122 2109 89

155 2137 313 2208 Numquam
327 2138 363 2193 sit
376 2137 460 2193 tristis
477 2137 563 2193 iacies
577 2136 625 2192 tibi
640 2136 668 2190 in
684 2136 832 2193 commodo
849 2136 972 2192 alterius.
1087 2138 1123 2193 90

155 2222 244 2278 Homo
265 2238 341 2276 sum=
374 2221 515 2292 quomodo
541 2220 674 2279 devitabo
699 2221 888 2278 secundarum
914 2234 1007 2276 rerum
1035 2219 1075 2273 in·
1087 2221 1122 2276 91

94 2305 220 2361 vidiam‘l

156 2386 187 2444 Si
204 2388 361 2445 felicitatem
376 2387 539 2454 lactaveris,
564 2405 628 2444 cum
641 2389 733 2444 multis
748 2389 829 2445 dives
846 2388 910 2443 eris.
1087 2386 1121 2441 92

159 2469 305 2538 Quomodo
316 2471 419 2542 optime
430 2471 585 2542 potentiam
596 2474 717 2527 tuebor?
735 2472 898 2542 impotentia
909 2467 1075 2524 occasionis.
1087 2471 1122 2527 93

157 2556 262 2610 Locum
281 2560 357 2610 tenet
378 2554 554 2610 innocentiae
574 2555 733 2627 proximum
754 2554 909 2609 consessio:
943 2552 991 2607 ubi
1011 2555 1123 2611 con-94

94 2640 195 2705 sessio,
217 2638 400 2694 ibiremissio
416 2638 485 2693 irae.

156 2723 302 2780 Severitas
318 2723 346 2777 in
360 2723 427 2779 vitio
442 2726 493 2778 est.
1086 2724 1120 2780 95

156 2808 226 2863 Boni
245 2808 343 2863 iudicis
364 2812 406 2862 est
426 2806 592 2878 dispensare
615 2821 671 2860 non
686 2809 791 2860 tanturn
807 2805 873 2876 quid
889 2801 1123 2864 damnandumttss

94 2894 142 2962 sit,
163 2894 216 2949 sed
231 2898 378 2964 quatenus.

156 2978 302 3034 Proximus
317 2976 436 3033 iustitiae
451 2975 552 3031 modus
567 2973 714 3032 severitas.
1087 2974 1122 3030 97

158 3061 364 3130 Quietissimam
383 3061 469 3119 vitam
490 3063 608 3132 agerent
627 3057 755 3115 homines
781 3058 810 3113 in
836 3057 932 3129 terris,
960 3057 985 3113 si
1005 3055 1077 3113 haec
1088 3058 1124 3115 98

94 3147 151 3203 duo
176 3150 266 3204 verba
291 3161 306 3202 c
334 3151 432 3201 natura
457 3140 604 3220 [omnium]
629 3158 722 3199 rerum
748 3143 889 3199 tollerent:
918 3157 1029 3199 meum
1054 3147 1080 3197 et

95 3237 198 3289 tuum.

159 3312 211 3383 our
224 3319 418 3388 paupertatem
432 3314 520 3380 timet,
546 3311 686 3368 timendus
701 3317 752 3368 est.
1087 3311 1122 3367 99

136 3436 139 3443 ·
159 3396 242 3454 Vires
258 3405 320 3456 tuas
335 3399 416 3454 amici
431 3396 521 3472 magis
540 3397 660 3453 sentiant
673 3396 818 3453 beneficiis
834 3410 922 3466 quam
932 3392 1072 3476 'trimi-2..¹
1096 3394 1163 3438 xm

159 3481 282 3539 Pecunia
303 3500 359 3539 non
380 3482 461 3540 satiat
482 3481 633 3544 avaritiam
647 3481 705 3540 sed
716 3481 826 3537 irritat.
841 3477 919 3533 'tileo
932 3479 1060 3534 senffa
1069 3459 1196 3513 W'm

131 3569 376 3629 sennensemlll.
917 3555 963 3604 ω
