2422 3862
183 243 353 306 EPISTUL.
367 244 460 306 ΜΘΗ.
481 246 554 308 LlB.
568 249 631 310 xx.
652 251 710 310 ΕΡ.
724 260 783 315 aa
805 261 880 329 (rte
890 262 963 328 rao.)
1015 256 1077 322 397

102 399 195 478 patris
224 404 426 470 senectutem,
452 399 585 460 adiutam
610 400 699 461 amici
724 412 946 480 paupertatem,
970 409 1079 468 fortem

101 482 336 561 expeditionem,
348 453 978 561 prudentemmoderatamquesententiam.
996 493 1107 565 [Nede

100 571 158 631 ista
180 569 241 629 duo
261 569 382 642 quidem
405 567 547 641 iacimus,
569 568 626 627 scd
647 584 687 628 ex
700 585 778 629 uno:
807 571 880 631 nihil
894 580 941 633 est
954 574 1076 650 bonum,

100 654 158 713 nisi
175 654 257 729 quod
275 654 436 714 honestum
452 660 508 713 est.
540 652 624 726 quod
639 651 817 728 honestum,
840 663 888 716 est
903 657 1008 731 utique
1022 659 1077 719 bo-

100 755 182 800 num.
212 752 437 813 supervacuum
451 735 552 796 iudico
564 736 701 808 adicere,
719 738 791 811 quid
806 739 884 799 inter
898 739 955 800 ista
971 740 1076 803 discri-

101 823 190 882 minis
214 824 265 895 sit‚
289 838 357 882 eum
378 835 474 895 saepe
495 819 633 879 dixerim.
668 820 728 880 hoc
748 838 842 883 unum
864 823 978 899 dicam,
1004 827 1078 886 nihil

100 906 189 966 nobis
210 907 324 966 bonum
345 904 455 975 videri,
481 920 541 978 quo
564 903 633 978 quis
647 912 677 965 et
691 906 769 964 male
784 907 827 967 uti
844 914 960 981 potest:
988 908 1077 970 vides

100 998 199 1051 autem
215 991 342 1064 divitiis,
366 988 536 1062 nobilitate,
558 987 675 1048 viribus
690 1005 782 1064 quam
800 991 884 1050 multi
898 993 977 1052 male
991 1001 1076 1053 utan-

99 1083 156 1135 tur.
186 1075 272 1134 Nune
294 1090 366 1148 ergo
388 1072 427 1132 ad
448 1072 478 1132 id
499 1080 651 1144 revertor,
674 1071 714 1132 de
735 1090 797 1147 quo
820 1074 980 1136 desideras
1001 1077 1076 1137 dici:

100 1154 1078 1235 quomodoadnosprimabonihonestiquenotitia

99 1242 339 1318 pervenerit.
361 1243 427 1301 Hoc
442 1255 499 1299 nos
514 1244 621 1300 natura
633 1240 745 1301 docere
756 1257 817 1300 non
834 1244 946 1317 potuit:
962 1246 1106 1306 seminat

98 1326 188 1386 nobis
206 1326 351 1386 scientiae
367 1324 464 1397 dedit,
483 1323 638 1384 seientiam
654 1339 716 1383 non
732 1325 824 1385 dedit.
853 1327 980 1400 Quidam
994 1331 1079 1389 aiunt

100 1427 157 1471 nos
178 1411 207 1469 in
229 1409 365 1470 notitiam
386 1405 547 1481 incidisse,
575 1407 659 1481 quod
678 1414 726 1468 est
744 1409 937 1483 incredibile,
957 1411 1077 1472 virtutis

98 1494 187 1555 alicui
208 1493 343 1568 speciem
368 1508 442 1553 casu
464 1490 693 1551 occucurrisse=
719 1491 808 1550 nobis
831 1492 951 1553 videtur
972 1495 1076 1555 ohser-

98 1577 179 1638 vatio
194 1578 357 1652 collegisse
371 1583 401 1636 et
414 1591 515 1635 rerum
527 1590 622 1649 saepe
633 1575 779 1634 factarum
795 1574 873 1635 inter
883 1592 918 1636 se
930 1578 1076 1638 conlatio:

98 1677 154 1736 per
168 1662 375 1736 analogian
390 1657 488 1720 nostri
502 1659 686 1719 intellectum
701 1666 732 1718 et
744 1658 905 1720 honestum
920 1669 950 1732 et
963 1661 1076 1721 bonurn

97 1746 239 1806 iudicant.
265 1746 345 1820 (Hoc
356 1745 482 1804 verbum
499 1759 567 1804 cunr
579 1742 674 1801 Latini
689 1744 875 1816 grammatici
891 1745 1011 1806 civitate
1023 1746 1077 1806 do-

97 1831 250 1899 naverint,
273 1845 331 1903 ego
348 1828 577 1902 [damnandum]
600 1842 660 1887 non
684 1833 757 1900 puto
778 1826 808 1885 in
824 1827 975 1889 civitatem
989 1845 1076 1888 suam

96 1913 314 1986 redigendumr
336 1920 403 1972 utar
419 1928 492 1987 ergo
508 1913 559 1972 illo
572 1927 632 1971 non
644 1916 757 1970 tanturn
773 1916 926 1986 tamquam
940 1920 1076 1987 recepto,

97 1996 152 2055 sed
169 2003 322 2070 tamquam
336 1996 474 2067 usitato)
504 1995 606 2068 Quae
624 1993 674 2055 sit
688 1993 782 2054 haec
799 1996 998 2070 analogia,
1021 1996 1105 2057 di-5

99 2096 191 2139 eam:
220 2096 403 2141 noveramus
426 2079 565 2154 corporis
588 2079 761 2139 sanitatem:
790 2095 829 2138 ex
850 2079 909 2140 hac
929 2079 1074 2154 cogitavi-

97 2180 164 2224 mus
185 2180 256 2224 esse
277 2164 409 2239 aliquam
430 2171 461 2223 et
485 2160 586 2224 animi.
621 2176 806 2224 noveramus
821 2162 962 2239 corporis
976 2165 1075 2224 viresr

96 2263 134 2306 ex
150 2246 197 2306 his
215 2246 392 2322 collegimus
408 2263 479 2309 esse
494 2257 525 2308 et
536 2246 626 2307 animi
640 2247 743 2307 robur.
768 2247 871 2322 aliqua
886 2248 1017 2323 benigna
1033 2249 1075 2307 ia-

96 2337 159 2400 cta,
179 2330 282 2404 aliqua
304 2332 450 2403 humana,
477 2331 579 2405 aliqua
601 2329 692 2391 sortia
712 2347 770 2391 nos
792 2333 1074 2407 obstupefecerant:

96 2413 172 2471 haee
194 2415 352 2488 coepimus
375 2422 529 2489 tamquam
553 2415 687 2489 perlecta
707 2413 820 2474 mirari.
850 2418 996 2476 suberant
1017 2411 1075 2474 illis

95 2497 188 2553 multa
202 2497 290 2567 vitia,
312 2512 393 2570 quae
414 2499 536 2570 species
552 2497 711 2571 conspicui
733 2497 861 2558 alicuius
877 2499 947 2558 iacti
962 2498 1075 2571 fulgor-

96 2594 156 2653 que
178 2578 310 2639 celabat:
340 2578 417 2638 haec
436 2578 706 2639 dissimulavimus.
733 2588 840 2641 natura
860 2582 943 2641 iubet
963 2595 1075 2653 augere

94 2662 257 2722 laudanda.
293 2677 382 2722 nemo
405 2678 466 2721 non
487 2662 614 2736 gloriam
636 2663 713 2721 ultra
734 2678 840 2722 verum
861 2664 941 2722 tulit:
968 2679 1007 2721 ex
1027 2663 1074 2722 his

94 2761 167 2821 ergo
183 2745 317 2821 speciem
334 2746 463 2820 ingentis
475 2745 548 2807 boni
563 2744 719 2805 traximus.
740 2745 896 2807 Fabricius
907 2746 1014 2824 Pyrrhi
1028 2756 1103 2811 re-ti

93 2831 140 2903 gis
161 2847 265 2890 aurum
286 2830 419 2906 reppulit
439 2831 600 2904 maiusque
614 2845 709 2904 regno
724 2828 870 2890 iudicavit
880 2833 981 2906 regias
998 2846 1074 2906 opes

94 2929 190 2987 posse
213 2920 416 2974 contemnere.
448 2914 530 2974 idem
552 2912 671 2974 medico
686 2912 794 2992 Pyrrhi
815 2915 1007 2988 promittente
1022 2931 1072 2974 ve-

94 3013 205 3057 nenum
218 3015 253 3058 se
264 2999 328 3072 regi
341 2999 482 3059 daturum
494 2996 612 3059 monuit
621 2997 786 3076 Pyrrhum,
800 3007 922 3060 caveret
928 2999 1072 3060 insidias=

93 3080 232 3140 eiusdem
253 3082 344 3140 animi
367 3082 422 3141 luit
442 3099 517 3144 auro
533 3098 594 3142 non
611 3082 705 3155 vinci,
728 3096 847 3143 veneno
863 3099 924 3143 non
939 3085 1072 3144 vincere.

93 3163 231 3224 admirati
251 3181 357 3224 sumus
379 3166 531 3240 ingentem
552 3165 666 3239 virum,
696 3181 785 3240 quern
809 3183 869 3226 non
890 3165 987 3243 regis,
1011 3183 1083 3227 non¹

93 3256 199 3307 contra
212 3264 315 3322 regern
334 3250 487 3324 promissa
502 3248 677 3322 flexissent,
692 3248 766 3311 boni
780 3252 911 3326 exempli
924 3259 1072 3323 tenacem,

94 3331 177 3402 quod
193 3330 401 3392 difficillimum
420 3339 482 3406 est,
508 3331 538 3392 in
555 3333 636 3394 bello
650 3335 858 3410 innocentem,
880 3353 932 3411 qur
924 3334 1071 3409 aliquod

93 3426 165 3471 esse
182 3415 318 3475 crederet
341 3418 430 3477 etiam
452 3418 482 3476 in
498 3415 605 3478 hostes
620 3419 722 3493 nefas,
745 3420 797 3494 qui
818 3420 848 3478 in
864 3432 987 3479 summa
998 3433 1074 3487 qaas-

95 3502 227 3570 pertate,
249 3514 339 3574 quam
355 3498 414 3561 sibi
429 3501 526 3563 decus
541 3501 677 3580 iecerat,
698 3519 769 3566 nou
781 3502 872 3562 aliter
883 3490 1103 3568 relegabitu-
