2422 3862
164 218 228 283 210
452 217 485 276 L.
500 216 654 276 -ΑΝΝΑΕΙ
677 215 853 276 SENECAE

164 380 326 449 protegere
347 370 510 444 defensus,
533 369 617 444 quod
637 369 750 429 bonum
772 370 947 444 exemplum
962 370 1090 431 circuitu
1104 372 1143 431 ad

163 455 325 516 facientem
332 453 502 525 revertitur,
516 453 594 513 sicut
603 454 682 512 mala
693 453 835 528 exempla
845 453 985 514 recidunt
995 456 1025 514 in
1039 462 1143 516 aucto-

162 555 214 601 res
230 554 287 597 neo
302 539 364 597 ulla
378 536 533 596 miseratio
549 536 695 611 contingit
708 536 762 609 iis,
779 537 831 611 qui
845 537 997 612 patiuntur
1007 538 1143 614 iniuriam,

166 639 242 699 quas
264 637 361 696 posse
381 621 448 681 fieri
468 620 609 681 faciendo
625 621 810 681 docuerunt:
832 622 890 681 sed
904 622 987 697 quod
1003 621 1145 683 virtutum

165 706 299 768 omniurn
322 705 449 781 pretium
469 705 499 763 in
521 705 597 780 ipsis
618 711 674 764 est.
711 704 874 764 nonenim
899 715 1080 767 exercentur
1106 707 1143 767 ad

120 790 348 866 pppraemiumz
373 795 457 849 recle
479 789 549 848 lacti
571 788 682 848 secisse
702 804 821 849 merces
843 796 899 848 est.
935 790 1045 850 Gratus
1066 806 1143 863 sum,

163 891 225 935 non
241 881 274 934 ut
289 874 365 934 allus
381 872 454 932 milri
470 872 612 932 libentius
628 879 763 947 praestet
777 873 872 947 priori
887 871 1025 934 inritatus
1041 889 1144 934 exem-

164 960 232 1034 plo,
253 958 309 1018 sed
330 964 441 1017 utrem
456 955 705 1018 iucundissimam
727 972 763 1016 ao
778 956 1011 1033 pulcherrimam
1026 957 1144 1017 laciam.

163 1049 268 1118 gratus
284 1058 360 1115 surn,
377 1057 438 1102 non
451 1040 522 1116 qula
533 1042 666 1115 expedit,
681 1041 738 1101 sed
751 1041 823 1116 quia
834 1041 931 1100 iuvat:
946 1041 1006 1102 hoo
1018 1049 1051 1101 ut
1062 1044 1144 1102 scias

164 1127 205 1187 ita
219 1142 305 1198 esse,
328 1127 355 1185 si
370 1131 487 1200 gratum
504 1140 576 1185 esse
592 1143 651 1186 non
667 1125 785 1197 licebit,
803 1125 861 1185 nisi
876 1133 909 1185 ιιι
924 1125 1029 1185 videar
1041 1126 1142 1198 ingra-

163 1217 227 1284 tus,
250 1209 277 1269 si
297 1209 426 1270 reddere
449 1208 629 1269 beneficium
649 1226 709 1270 non
731 1209 817 1270 aliter
831 1225 921 1284 quarn
937 1225 991 1285 per
1005 1209 1140 1284 speciem

164 1294 291 1353 iniuriae
305 1300 427 1368 potero:
443 1291 630 1369 aequissimo
643 1293 744 1354 animo
757 1293 796 1352 ad
807 1293 970 1354 honestum
982 1293 1142 1354 consilium

164 1393 220 1452 per
234 1377 364 1437 mediam
379 1378 532 1437 infamiam
548 1379 679 1438 tendam.
708 1377 802 1437 Nemo
824 1377 894 1436 mihi
912 1378 1031 1438 videtur
1047 1378 1142 1452 pluris

163 1464 325 1522 aestimare
347 1462 501 1534 virtutem,
523 1478 611 1522 nemo
633 1461 676 1522 illi
696 1463 794 1536 magis
815 1477 886 1521 esse
901 1462 1032 1521 devotus
1053 1477 1144 1537 quam

164 1545 216 1619 qul
237 1547 309 1606 boni
329 1545 387 1605 viri
402 1547 511 1605 lamam
528 1547 675 1621 perdidit,
697 1561 735 1604 ne
754 1545 970 1606 conscientiam
992 1546 1142 1621 perderet.

120 1629 283 1704 uoltuque,
299 1636 332 1689 ut
346 1631 424 1704 dixi,
440 1630 545 1691 maiori
560 1639 611 1691 tuo
628 1647 720 1707 quam
735 1631 859 1689 alterius
874 1630 955 1690 bono
974 1637 1079 1705 gratus
1099 1645 1143 1688 es.

162 1713 206 1771 illi
220 1714 300 1773 enim
317 1713 451 1790 volgaris
467 1721 497 1774 et
512 1715 664 1775 cotidiana
678 1730 729 1775 res
746 1715 880 1788 contigit,
896 1714 1043 1788 recipere,
1060 1713 1142 1786 quod

164 1796 305 1858 dederat:
321 1797 374 1860 tibi
389 1814 499 1873 magna
513 1806 544 1859 et
558 1815 596 1858 ex
606 1797 784 1859 beatissimo
797 1798 886 1857 animi
902 1804 982 1857 statu
996 1798 1144 1872 prolecta,

163 1891 282 1956 gratum
300 1883 405 1942 luisse.
436 1900 506 1942 nam
529 1883 555 1942 si
577 1884 688 1943 malitia
703 1883 833 1943 miseros
849 1880 936 1954 facit,
957 1880 1053 1941 virtus
1070 1881 1143 1940 bea-

162 1971 227 2039 tos,
250 1975 366 2041 gratum
388 1976 486 2028 autern
507 1982 578 2027 esse
600 1967 694 2028 virtus
716 1975 777 2028 est:
801 1982 865 2025 rem
887 1966 1026 2026 usitatam
1042 1963 1144 2024 reddi·

163 2047 249 2123 disti,
271 2050 521 2111 inaestimabilem
543 2058 729 2112 consecutus
745 2067 796 2122 ee,
824 2048 1041 2110 conscientiam
1057 2049 1143 2123 grati,

165 2148 245 2206 quae
266 2134 324 2193 nisi
345 2135 374 2193 in
397 2136 528 2195 animum
545 2134 678 2195 divinum
694 2136 942 2208 fortunatumque
957 2149 1018 2193 non
1034 2147 1143 2207 perve·

163 2214 216 2274 nit.
248 2216 278 2274 in
294 2219 476 2279 contrarium
492 2226 590 2279 autem
602 2218 673 2279 huic
688 2219 840 2278 adlectum
854 2234 972 2277 summa
983 2217 1143 2276 infelicitas

163 2305 267 2372 urget:
294 2316 383 2360 nemo
400 2301 458 2360 sibi
478 2308 581 2377 gratus
596 2309 658 2376 est,
681 2303 733 2378 qui
748 2301 832 2361 alteri
848 2318 909 2362 non
925 2301 988 2361 luit.
1018 2299 1078 2360 hoc
1095 2315 1144 2359 me

165 2391 255 2457 putas
270 2383 386 2443 dicere=
416 2385 469 2458 qul
482 2387 618 2460 ingratus
634 2396 695 2461 est,
717 2385 924 2445 misererier
952 2401 1012 2444 non
1034 2383 1143 2444 differo

121 2468 259 2540 millum:
274 2469 374 2529 statim
389 2466 481 2546 miser
496 2478 563 2529 est.
594 2471 699 2546 ltaque
715 2471 823 2544 ingrati
839 2485 911 2531 esse
927 2469 1065 2539 vitemus
1082 2483 1143 2527 non

162 2552 261 2611 aliena
282 2567 399 2626 causa,
418 2552 476 2611 sed
497 2561 610 2614 nostra.
641 2554 797 2614 minimum
816 2568 854 2612 ex
870 2552 1005 2627 nequitia
1022 2551 1142 2611 levissi-

162 2652 306 2710 mumque
320 2637 359 2696 ad
374 2637 451 2697 alios
461 2638 628 2697 redundat:
644 2638 727 2712 quod
742 2636 908 2713 pessimum
924 2653 963 2696 ex
977 2637 1027 2695 illa
1043 2642 1143 2707 estet,

162 2727 195 2779 nt
208 2720 249 2778 ito
265 2720 377 2793 dicam,
391 2721 637 2796 spississimum,
660 2721 742 2782 dorni
763 2729 898 2780 remanet
918 2730 947 2782 et
967 2721 1077 2796 premit
1091 2717 1144 2776 ha-

161 2802 300 2874 bentem,
332 2805 591 2878 quemadmodum
611 2806 731 2866 Attalus
753 2812 856 2866 noster
882 2805 984 2865 dicere
1010 2801 1144 2863 solebat:

163 2884 297 2956 „malitia
318 2887 386 2961 ipso
405 2891 567 2949 maximam
588 2897 705 2964 partem
729 2889 837 2949 veneni
861 2889 907 2949 sui
928 2887 1033 2947 bibite
1066 2886 1144 2946 lllnd

100 3022 102 3026 ,
165 2984 331 3042 venenum,
361 2973 444 3045 quod
464 2980 625 3048 serpentes
647 2973 677 3032 in
704 2972 832 3032 alienam
854 2972 1019 3047 perniciem
1040 2971 1143 3045 prole-

161 3060 246 3126 runt‚
263 3053 330 3113 sine
345 3072 401 3116 sua
416 3056 584 3129 continent,
601 3073 661 3116 non
678 3063 725 3116 est
739 3056 809 3117 lrnio
825 3054 938 3116 simile:
953 3054 1014 3113 hoo
1028 3052 1143 3114 haben-

120 3135 242 3200 ratibus
270 3139 437 3211 pessimum
463 3148 519 3200 est.
558 3142 692 3216 Torquet
715 3140 851 3214 ingratus
878 3155 913 3198 se
938 3146 968 3199 et
993 3146 1143 3198 nracerat=

162 3220 240 3293 odit,
263 3239 342 3296 quae
358 3224 490 3299 accepit,
512 3225 583 3298 quia
597 3224 772 3284 redditurus
787 3231 849 3297 est,
872 3230 901 3283 et
916 3229 1075 3294 extenuat,
1098 3221 1142 3280 in-

161 3304 255 3364 iurius
279 3322 351 3367 vero
373 3308 476 3367 dilatat
496 3314 588 3383 atque
602 3315 702 3382 auget.
732 3307 807 3382 quid
821 3314 920 3366 autem
936 3320 974 3366 eo
989 3305 1141 3375 miserius

162 3386 212 3448 cui
233 3390 384 3451 beneficia
405 3391 563 3466 excidunt,
589 3391 716 3452 haerent
739 3389 888 3452 iniuriae?
915 3397 947 3450 at
967 3397 1072 3450 eontra
1094 3406 1143 3450 sa·

140 3471 526 3567 stimeiqfxomatomne
543 3474 727 3539 beneficium
741 3490 778 3535 ac
792 3473 934 3550 sibiipsa
949 3471 1144 3536 commendat
