2422 3862
134 235 177 298 50
423 234 456 295 L.
476 230 624 292 ANNAEI
646 229 822 293 SENECAE

135 396 245 450 excute
265 387 359 459 istos,
382 384 449 459 qui,
473 398 553 459 quae
570 383 709 458 cupiere,
734 384 896 459 deplorant
909 389 939 445 et
954 383 993 443 de
1008 399 1113 445 earum

133 489 236 534 rerum
256 473 422 545 loquuntur
443 469 529 542 luga,
558 467 669 544 quibus
689 482 796 528 carere
816 483 877 528 non
901 476 1048 542 possunt:
1069 469 1112 528 vi·

135 557 221 618 debis
244 547 446 616 voluntariam
470 567 542 611 esse
567 550 626 611 illis
652 551 682 610 in
705 565 743 612 eo
763 567 893 625 moram,
917 550 1001 628 quod
1022 567 1114 628 aegre

93 643 213 702 nferre
228 640 316 715 ipsos
332 643 361 696 et
376 637 487 695 misere
501 636 676 710 loquuntur.
713 635 758 695 lta
771 642 832 710 est,
856 636 964 696 Lucili=
994 651 1114 711 paucos

134 723 280 795 servitus,
300 724 405 798 plures
420 719 596 779 servitutem
611 725 722 778 tenent.
746 718 809 780 Sed
824 719 851 778 si
863 720 1021 794 deponere
1032 719 1115 779 illam

134 810 164 868 in
187 808 287 868 animo
309 812 357 866 est
379 810 408 863 et
426 803 550 863 libertas
567 802 648 862 bona
664 801 725 861 lida
740 804 868 878 placuit,
892 803 921 862 in
936 802 996 863 hoc
1012 810 1115 863 autem

134 908 228 953 unum
249 888 480 950 advocationem
502 887 596 962 petis,
619 894 652 946 ui
667 887 734 946 sine
749 894 898 963 perpetua
911 887 1115 948 sollicitudine

134 976 165 1036 id
186 975 240 1036 tibi
261 975 362 1034 lacere
377 970 547 1046 contingat:
571 970 676 1046 quidni
690 978 753 1031 tota
767 978 798 1030 te
812 971 924 1032 cohors
940 969 1114 1032 Stoicorum

136 1059 299 1134 probatura
320 1057 379 1117 sitt
412 1071 520 1116 omnes
544 1055 685 1115 Zenones
711 1062 740 1115 et
762 1054 926 1132 Chrysippi
946 1055 1114 1128 moderata,

96 1143 277 1216 rabonesta,
304 1149 356 1202 tua
377 1140 558 1199 suadebunt.
599 1138 661 1200 Sed
682 1139 708 1198 si
732 1148 857 1216 propter
882 1139 942 1200 hoc
967 1139 1114 1215 tergiver-

135 1228 229 1300 saris,
258 1234 292 1286 ut
312 1223 557 1298 circumspicias,
587 1231 731 1297 quantum
753 1224 834 1284 laras
854 1230 955 1284 tecum
976 1231 1007 1284 et
1022 1239 1114 1298 quarn

134 1325 245 1384 magna
265 1307 396 1384 pecunia
416 1308 549 1368 instruas
571 1308 680 1368 etiams
708 1323 874 1384 numquam
895 1306 1009 1368 exitum
1029 1307 1114 1368 inve·

134 1395 211 1454 nias.
248 1407 337 1452 nemo
358 1407 427 1453 cum
452 1391 581 1451 sarcinis
602 1397 713 1451 enatat.
750 1407 872 1468 emerge
893 1392 932 1451 ad
957 1392 1113 1453 meliorem

135 1477 226 1538 vitam
248 1476 389 1553 propitiis
408 1475 473 1549 dis,
497 1476 554 1536 sed
575 1491 635 1535 non
652 1476 711 1549 sic,
735 1476 891 1551 quomodo
906 1475 973 1536 istis
988 1474 1114 1550 propitii

136 1569 221 1636 sunt,
245 1561 355 1636 quibus
377 1561 460 1621 bono
482 1576 519 1620 aa
538 1558 675 1634 benigno
692 1562 776 1621 voltu
794 1562 873 1620 mala
887 1559 1050 1634 magnilica
1064 1558 1113 1620 tri·

132 1645 278 1719 buerunt,
302 1646 341 1704 ad
361 1645 421 1706 hoc
441 1659 535 1704 unum
551 1645 702 1719 excusati,
723 1645 807 1719 quod
822 1644 895 1718 ista,
919 1658 999 1718 quae
1014 1650 1113 1718 urunt,

136 1745 215 1806 quae
229 1729 420 1802 excruciant,
444 1726 619 1803 optantibus
635 1728 706 1789 data
721 1737 801 1788 sunt.

95 1825 127 1879 13
196 1814 259 1874 Iam
275 1811 477 1891 inprimebam
492 1811 642 1887 epistulae
657 1812 792 1888 signum:
812 1811 999 1873 resolvenda
1010 1817 1066 1886 est,
1081 1819 1114 1873 ut

135 1914 202 1959 cum
225 1896 344 1959 solenni
366 1897 405 1956 ad
427 1904 457 1957 te
471 1896 653 1956 munusculo
669 1896 771 1956 veniat
784 1904 814 1957 et
828 1896 960 1970 aliquam
974 1895 1111 1970 magnili-

135 1997 201 2041 cam
227 1997 334 2042 vocem
358 1982 436 2042 ierat
461 1995 580 2041 secum=
607 1985 636 2038 et
663 1981 794 2041 occurrit
818 1978 890 2039 mibi
911 1994 987 2039 ecce
1006 1979 1112 2040 nescio

133 2073 232 2125 utrum
253 2065 355 2125 verior
371 2081 410 2123 an
425 2062 626 2140 eloquentior.
654 2065 803 2139 „cuiust“
831 2063 949 2138 inquis:
977 2063 1111 2139 Epicuri.

94 2147 234 2213 tladhuc
256 2149 334 2208 enim
357 2148 472 2230 alienas
495 2149 631 2208 sarcinas
653 2149 774 2209 adiero:
807 2149 939 2221 „Nemo
963 2165 1038 2209 non
1061 2147 1113 2209 ita

134 2232 215 2291 exit
234 2247 252 2290 e
270 2233 364 2305 vita,
386 2239 573 2307 tamquam
596 2233 705 2293 modo
726 2233 968 2294 intraverit.“
1004 2232 1111 2306 Quem·

135 2331 266 2390 cumque
281 2316 327 2375 vis
342 2330 475 2390 occupa,
498 2316 741 2391 adulescentem,
757 2332 877 2389 seuam,
895 2316 1045 2377 medium:
1068 2317 1109 2377 in·

135 2399 240 2460 venies
261 2415 361 2475 aeque
380 2398 516 2460 timidum
533 2401 655 2479 mortis,
677 2416 776 2476 aeque
790 2398 921 2460 inscium
936 2400 1026 2460 vitae.
1060 2417 1111 2461 na

134 2501 183 2544 mo
206 2484 369 2559 quicquam
390 2483 482 2544 habet
502 2485 586 2544 lacti:
606 2483 636 2544 in
655 2485 786 2546 luturum
801 2483 879 2545 enim
897 2492 1003 2546 nostra
1018 2485 1112 2546 distu-

133 2568 232 2628 limus.
267 2568 346 2627 Nihil
365 2583 415 2626 me
428 2568 524 2643 magis
541 2568 571 2630 in
587 2569 645 2629 ista
662 2585 739 2631 voce
753 2569 898 2642 delectat,
921 2585 1013 2645 quam
1029 2569 1112 2644 quod

94 2650 337 2726 lsexprobratur
350 2651 476 2712 senibus
486 2653 620 2713 infantia.
658 2653 782 2727 „Nema
800 2653 904 2728 inquit,
922 2652 1010 2714 aliter
1021 2669 1112 2729 quam

134 2735 289 2809 quomodo
310 2742 399 2795 natus
421 2741 484 2808 est,
509 2736 607 2795 exite
627 2738 719 2797 vita.“
757 2738 880 2798 Falsum
903 2745 964 2799 est:
988 2738 1111 2812 peiores

131 2818 277 2879 morimur
304 2835 395 2894 quam
423 2819 588 2880 nascimur.
614 2829 751 2882 nostrum
771 2821 869 2895 istud,
898 2836 960 2881 non
986 2829 1112 2883 naturae

132 2902 235 2962 vitium
253 2911 309 2963 est.
332 2903 551 2964 illanobiscum
563 2904 649 2979 queri
662 2904 921 2965 debetetdicare=
944 2905 1111 2981 „quidhoc

132 2993 200 3046 esti
225 2986 292 3047 sine
314 2985 528 3062 cupiditatibus
549 3005 606 3048 vos
627 2989 734 3063 genui,
758 2988 826 3049 sine
846 2983 1024 3064 timoribus,
1046 2990 1111 3050 sine

132 3070 364 3144 superstitione,
394 3070 460 3131 sine
477 3071 607 3147 perfidia
629 3072 802 3147 ceterisque
821 3074 973 3148 pestibus:
1002 3075 1110 3149 quales

93 3153 266 3220 ldintrastis
279 3155 390 3215 exite.“
417 3154 557 3231 Percepit
570 3156 764 3230 sapientiam,
788 3157 814 3217 si
827 3157 896 3232 quis
908 3164 969 3217 tam
980 3172 1109 3218 securus

132 3238 277 3298 morietur
293 3255 383 3315 quam
397 3242 546 3302 nascitur:
569 3256 648 3301 nunc
663 3256 737 3301 vero
752 3241 953 3315 trepidamus,
973 3257 1043 3303 cum
1058 3257 1109 3317 pe·

131 3322 259 3383 riculum
280 3324 419 3384 accessit.
450 3341 512 3385 non
535 3323 653 3385 animus
674 3324 779 3397 nobis,
803 3341 864 3385 non
880 3327 965 3386 color
980 3332 1108 3388 constat.

132 3407 275 3467 lacrimae
293 3407 366 3468 nihil
383 3410 561 3483 prolaturae
582 3409 703 3469 cadunt.
732 3408 806 3483 quid
823 3415 870 3469 est
883 3410 1003 3485 turpius
1020 3425 1108 3487 quam

84 3490 367 3566 171'n1'psolimine
387 3492 559 3556 securitatis
583 3508 655 3554 esse
670 3493 853 3554 sollicitum?
886 3493 988 3555 Causa
1009 3500 1108 3556 autem
