2422 3862
100 215 164 279 ³92
394 213 427 273 L.
450 213 598 273 ANNAEI
618 212 793 272 SENECAE

103 368 193 444 quid,
216 366 242 426 si
263 365 370 426 invitat
390 364 529 440 quidem,
553 363 610 424 sed
630 362 660 422 in
677 363 864 438 perniciem?
888 363 968 439 seis,
991 384 1085 441 quam

101 452 196 512 muita
209 451 288 510 mata
303 448 415 509 blanda
430 447 499 508 sint.
526 463 633 507 vorum
654 455 683 507 ει
702 445 867 508 verisimile
881 448 958 508 inter
974 466 1010 510 εε
1026 452 1084 512 dii-

101 538 217 596 iorum:
240 534 281 593 ita
295 531 381 609 quod
394 532 509 592 bonum
526 539 588 605 est,
602 546 678 592 vero
693 530 835 606 iungitur.
863 548 925 593 non
940 541 989 594 εει
1002 536 1085 596 enim

100 621 215 682 bonum
235 615 294 677 nisi
316 632 422 676 verum
443 623 504 675 est:
532 621 563 674 at
585 615 668 691 quod
691 615 797 675 invitat
816 616 857 674 od
875 632 910 676 εε
925 624 956 677 ει
964 618 1084 680 ,εάιίεε

71 705 180 778 ειεειι
195 701 360 762 verisimile
376 694 439 760 esti
462 699 607 774 subrepit,
623 699 774 772 sollicitat,
790 699 929 760 adtrahit.
954 701 1084 775 Quidam

100 789 140 848 ita
154 786 311 847 finierunt=
334 783 469 858 „bonum
483 792 538 856 est,
555 783 639 859 quod
653 783 870 858 adpetitionem
886 783 935 845 sui
949 790 1085 846 movet.“

99 873 164 946 vei,
181 869 265 945 quod
279 869 415 943 inpetum
430 867 522 928 animi
536 866 688 928 tendentis
703 868 743 927 ad
757 883 793 928 εε
805 873 938 928 movet.“
967 878 998 930 ει
1011 868 1085 931 huio

99 956 180 1015 idem
198 951 376 1027 obponitur=
398 954 493 1012 muita
507 952 587 1011 enim
601 951 737 1026 inpetum
749 950 841 1012 animi
852 960 986 1027 movent,
1003 968 1084 1028 quae
1187 988 1192 994 ·

100 1043 241 1114 petantur
262 1035 428 1112 petentium
447 1038 537 1095 maio.
580 1033 690 1096 Melius
710 1035 768 1110 iiii,
789 1035 841 1111 qui
862 1034 903 1095 ita
923 1036 1083 1098 finierunt=

100 1120 233 1196 „bonum
255 1126 315 1194 εει,
338 1119 423 1195 quod
443 1120 483 1179 ad
505 1134 540 1180 εε
555 1120 690 1194 inpetum
704 1119 796 1180 animi
810 1121 982 1181 seeundum
997 1127 1083 1181 natu·

99 1222 165 1265 ram
179 1210 283 1265 movet
297 1212 328 1264 ει
341 1205 382 1263 ita
397 1204 519 1264 demum
539 1204 704 1278 petendum
724 1211 785 1279 est,
808 1219 877 1263 oum
893 1203 996 1278 eoepit
1011 1219 1083 1264 osse

101 1288 337 1364 expetendorum
358 1288 417 1346 iam
432 1295 463 1347 ει
473 1287 634 1347 honestum
647 1293 710 1347 est=
724 1287 785 1348 hoe
795 1286 876 1347 enim
886 1295 936 1348 est
946 1289 1083 1362 pertento

60 1374 275 1448 repetendum.
319 1373 420 1432 Locus
436 1370 504 1445 ipso
518 1385 567 1430 me
578 1371 730 1443 admonet,
746 1379 786 1446 ut,
808 1371 902 1445 quid
922 1372 1084 1432 intersit

100 1458 202 1517 inter
220 1456 360 1516 bonum
380 1455 679 1529 honestumque,
701 1454 840 1514 dieam=
870 1455 987 1530 aliquid
1006 1456 1083 1515 inter

102 1557 136 1601 se
148 1541 274 1601 mixtum
285 1540 400 1599 habent
410 1545 440 1598 ει
450 1537 672 1614 inseparabile:
695 1554 751 1598 nee
763 1546 867 1613 potest
877 1539 991 1599 bonum
1001 1553 1082 1612 esse,

101 1624 161 1684 nisi
176 1624 224 1684 cui
240 1623 356 1698 aliquid
373 1622 495 1683 honesti
508 1622 603 1695 inest,
625 1629 655 1681 et
667 1622 830 1683 honestum
845 1623 952 1698 utique
967 1622 1083 1684 bonum

101 1715 156 1768 est.
183 1708 257 1781 quid
271 1723 345 1782 ergo
361 1707 439 1766 inter
454 1706 515 1766 duo
531 1706 678 1766 interest?
701 1706 906 1767 honestum
917 1715 969 1767 εει
982 1707 1082 1780 perte·

101 1799 182 1851 otum
193 1791 316 1866 bonum,
336 1806 397 1864 quo
409 1791 498 1850 beata
511 1790 571 1849 vita
583 1791 751 1865 conpletur,
770 1791 857 1851 ouius
870 1795 1011 1851 contactu
1023 1788 1083 1848 alia

59 1875 417 1951 ltquoquebonafiunt.
445 1873 533 1948 Quod
544 1874 624 1946 dieo,
635 1875 695 1934 tate
707 1880 768 1933 est:
784 1881 857 1934 sunt
868 1874 1020 1949 quaedum
1030 1888 1082 1932 no·
1187 1926 1191 1937 .

102 1975 161 2034 que
172 1959 255 2019 bona
265 1974 367 2033 noque
379 1959 466 2031 mala,
478 1964 633 2031 tamquam
644 1957 757 2032 militia,
769 1956 892 2033 legatio,
902 1955 1081 2018 iurisdictio.

99 2042 178 2103 haec
193 2058 262 2102 oum
277 2043 407 2102 honeste
423 2041 633 2101 administrata
650 2048 734 2115 sunt,
753 2042 836 2103 bona
849 2057 922 2102 esso
936 2041 1084 2117 incipiunt

101 2133 132 2185 ει
150 2141 189 2184 ex
205 2125 299 2186 dubio
320 2126 351 2185 in
368 2125 482 2185 bonum
503 2132 671 2185 transeunt.
700 2124 840 2187 bonum
861 2125 1008 2185 societate
1029 2125 1082 2185 ho·

101 2209 179 2268 nesti
201 2209 249 2281 fit,
271 2208 475 2270 honestum
493 2224 549 2283 per
571 2223 607 2269 εε
626 2209 739 2270 bonum
755 2217 811 2270 εει.
840 2209 955 2269 bonum
971 2224 1012 2269 ex
1028 2208 1083 2268 ho·

101 2289 285 2363 remonuit,
300 2291 464 2353 honestum
478 2308 518 2351 ex
532 2307 567 2352 se
582 2301 639 2353 εει.
665 2293 750 2367 quod
763 2294 878 2353 bonum
893 2299 955 2364 est,
971 2292 1082 2353 malum

19 2427 26 2436 ,
101 2389 173 2434 εεεε
194 2375 301 2450 potuit.
337 2377 422 2450 quod
441 2376 604 2436 honestum
627 2383 689 2451 εει,
710 2376 769 2436 nisi
790 2377 905 2437 bonum
926 2390 1083 2436 essenon

60 2459 205 2534 inponit.
238 2459 325 2518 Hono
348 2459 472 2534 quidam
492 2459 661 2520 finitionem
675 2459 888 2521 reddiderunt=
919 2458 1084 2533 „bonum

100 2549 174 2616 est,
192 2543 293 2618 quod
309 2544 519 2604 seeundum
535 2551 707 2603 naturam
722 2549 817 2603 εει.“
843 2544 992 2618 adtende,
1010 2543 1085 2618 quid

100 2627 215 2686 diuam:
249 2628 333 2703 quod
354 2628 470 2688 bonum
491 2634 553 2700 est,
580 2628 748 2698 secundum
771 2634 910 2687 naturam
931 2632 988 2686 est.
1022 2641 1084 2686 noo

99 2710 240 2785 protinus
260 2712 345 2786 quod
367 2711 535 2772 seeundum
554 2717 692 2771 naturam
707 2718 769 2784 est,
792 2711 882 2770 etiam
896 2711 1012 2771 bonum
1027 2716 1086 2770 εει.

99 2793 194 2853 muita
213 2802 341 2854 naturae
357 2794 481 2870 quidem
496 2795 705 2870 consentiunt,
727 2795 785 2854 sed
799 2801 860 2854 tam
876 2795 989 2870 pusilla
1003 2799 1085 2865 sunt,

100 2882 208 2936 utnon
227 2879 389 2938 conveniat
401 2877 461 2938 iilis
475 2877 548 2939 boni
564 2893 685 2939 nomen.
713 2878 792 2937 levia
805 2878 886 2938 enim
901 2884 988 2953 sunt,
1010 2893 1085 2937 eon·

100 2960 277 3019 temnenda:
306 2963 421 3022 nulium
443 2970 489 3022 εει
509 2961 663 3022 minimum
685 2967 726 3035 [et
745 2961 1015 3034 contemnendum]
1029 2959 1087 3020 bo·

101 3058 183 3102 num.
212 3058 283 3102 narn
304 3044 450 3120 quamdiu
470 3045 614 3121 exiguum
633 3052 694 3118 est,
716 3045 831 3106 bonum
845 3062 907 3105 non
924 3052 987 3105 ost:
1017 3060 1088 3108 oum

100 3125 215 3185 bonum
231 3144 304 3188 εεεε
318 3130 435 3204 coepit,
456 3146 518 3191 non
536 3137 584 3190 est
596 3130 749 3204 exiguum.
778 3130 868 3191 Unde
886 3129 1089 3204 adgnoscitur

61 3209 237 3270 tabonumt
266 3213 292 3271 si
304 3214 441 3288 perfecte
455 3213 626 3274 seeundum
641 3220 778 3274 naturam
795 3220 851 3273 est.
877 3213 1025 3286 „Fateris‚
1040 3213 1088 3275 in·

101 3293 186 3368 quis,
215 3297 299 3369 quod
320 3295 434 3357 bonum
455 3303 516 3369 ost,
542 3299 714 3357 seeundum
734 3303 873 3358 naturam
894 3313 978 3357 esso.
1008 3295 1089 3356 haee

101 3377 168 3438 eius
183 3380 357 3454 proprietas
373 3387 430 3439 est.
451 3380 555 3440 fateris
568 3388 598 3440 ει
610 3381 669 3441 alia
685 3381 855 3442 seeundum
866 3388 1007 3442 naturam
1020 3379 1090 3455 qui·

92 3460 164 3521 dem
180 3477 267 3526 εεεε.
284 3463 342 3526 sed
355 3463 439 3526 bona
449 3479 515 3528 non
525 3479 614 3527 εεεει
630 3464 785 3542 quomodo
796 3480 872 3538 orgo
883 3464 959 3525 iilud
970 3464 1090 3524 bonum
