2422 3862
305 535 339 617 l.
361 534 500 617 lltltlEl
521 531 691 615 SENECAE
713 531 985 618 EtlltltllEltElS

447 667 696 730 oenomaus
720 669 845 732 oman.

130 965 145 1017 1
222 956 309 1011 Omne
329 961 476 1026 peccatum
495 957 565 1012 actio
587 964 638 1012 εει.
667 957 738 1014 actio
760 964 853 1013 antem
874 957 964 1013 omnis
979 959 1142 1018 voluntaria

157 1045 199 1096 est
214 1044 269 1095 tarn
283 1038 499 1111 honestaquam
515 1042 615 1112 turpis:
639 1057 707 1113 ergo
722 1040 908 1098 voluntarium
920 1049 962 1097 est
974 1059 1059 1098 omne
1069 1061 1139 1116 pec·

156 1129 255 1180 catum.
296 1122 393 1178 Tollite
409 1125 619 1180 excusationes:
639 1141 722 1180 nemo
739 1131 839 1197 peccat
853 1126 965 1181 invitus.

127 1214 144 1265 2
216 1205 352 1263 Educatio
373 1213 400 1263 et
419 1208 566 1279 disciplina
587 1210 755 1265 morestaeit
775 1213 803 1262 et
813 1205 843 1259 id
858 1204 1053 1276 unusquisque
1068 1206 1145 1278 sapit

155 1287 194 1364 [et
207 1287 302 1365 vivitJ,
323 1292 399 1362 quod
419 1290 524 1347 didicit.
548 1293 640 1363 itaque
659 1296 735 1348 bona
750 1290 923 1347 consuetudo
939 1296 1072 1346 excutere
1088 1292 1138 1346 de-

154 1376 215 1442 bet,
240 1374 316 1445 quod
333 1376 406 1431 mala
426 1375 563 1432 instruxit.
579 1403 622 1416 —
643 1373 732 1450 [Bene
747 1375 830 1431 docet
843 1375 919 1445 loqui
936 1378 984 1447 qui
994 1377 1068 1431 bene
1086 1375 1136 1431 do*

155 1464 199 1513 cet
214 1455 329 1533 lacere]

124 1546 142 1601 3
216 1540 290 1596 Nihil
309 1542 437 1610 interest,
464 1558 519 1613 quo
540 1543 632 1599 animo
653 1543 755 1611 iacias,
784 1543 859 1614 quod
871 1537 1004 1595 vitiosum
1021 1539 1072 1599 est,
1098 1535 1142 1588 le·

126 1624 234 1691 icisse,
247 1622 391 1692 quialacta
412 1633 573 1692 cernuntur,
598 1626 707 1681 animus
723 1624 816 1702 [vero]
829 1642 885 1681 non
901 1625 1022 1681 videtur.
1060 1626 1139 1680 nulla

153 1713 246 1762 autem
259 1706 320 1761 laus
337 1714 378 1762 est
393 1725 447 1764 non
464 1712 572 1777 lacere,
595 1710 672 1780 quod
686 1713 780 1767 lacere
794 1727 851 1766 non
866 1710 968 1766 nossis.

218 1787 290 1856 Quid
308 1796 351 1846 εει
373 1791 496 1845 omnium
518 1791 741 1845 inimicissimum
762 1788 890 1846 hominii
912 1795 982 1847 alter
999 1790 1098 1846 homo.

216 1874 346 1930 Libenter
360 1874 450 1942 ieras,
474 1874 550 1945 quod
561 1889 679 1930 necesse
695 1880 746 1930 est.
770 1874 850 1930 dolor
860 1874 994 1946 patientia
1004 1875 1137 1931 vincitur.

214 1956 351 2029 Expetas,
373 1956 449 2028 quod
463 1963 489 2012 te
504 1973 654 2028 numquam
669 1958 821 2030 poeniteat.

215 2039 372 2111 Nunquam
388 2041 479 2095 multis
494 2044 624 2113 placeas,
649 2041 702 2097 sed
717 2042 857 2113 qualibus,
882 2040 973 2095 stude.

217 2110 248 2177 ln
261 2123 594 2210 hocltantumjincumbe,
611 2130 640 2179 ut
654 2125 782 2181 libentius
795 2125 894 2181 audias
907 2139 990 2194 quarn
1002 2125 1138 2194 loquaris.

111 2213 124 2263 1
216 2206 317 2261 Multos
337 2208 422 2263 vitam
445 2207 607 2264 differentes
631 2225 706 2264 mors
727 2209 832 2264 incerta
851 2207 1014 2280 praevenit:
1042 2209 1138 2278 itaque

151 2290 241 2346 omnis
260 2290 320 2345 dies
334 2292 412 2348 velut
427 2293 536 2349 ultimus
552 2292 719 2348 iudicandus
734 2298 785 2348 est.

110 2380 142 2432 11
216 2373 373 2443 Tristitiam,
385 2376 409 2430 si
419 2382 510 2447 potes,
522 2392 579 2431 non
587 2376 743 2446 admiseris,
756 2377 780 2430 si
790 2376 890 2445 minus,
901 2391 958 2430 non
966 2375 1136 2433 ostenderis.

109 2463 142 2515 12
216 2458 344 2512 Amicum
360 2455 409 2533 [in]
425 2465 534 2516 secreto
549 2476 647 2529 mone,
670 2462 764 2531 palam
779 2458 872 2515 lauda.

109 2546 142 2600 13
214 2542 309 2598 Verba
323 2545 423 2612 rebus,
445 2560 501 2599 non
514 2543 643 2615 personis
660 2543 832 2599 aestimanda
847 2548 919 2596 sunt.

110 2629 144 2682 14
218 2625 362 2682 Oratorem
379 2632 405 2682 te
427 2632 507 2699 puta,
535 2628 559 2681 si
576 2627 623 2682 tibi
645 2623 721 2702 [ipsi]
738 2632 800 2682 ante
816 2642 913 2681 omnes
932 2624 1009 2696 quod
1025 2630 1138 2697 oportet

150 2711 336 2780 persuaseris.

108 2796 141 2849 15
214 2792 249 2846 Ut
266 2794 411 2849 licentiosa
433 2793 571 2865 mancipia
592 2794 675 2849 animi
697 2793 814 2864 imperio
841 2809 972 2848 coerceas
999 2795 1136 2868 linguam,

149 2880 292 2942 ventrem,
320 2877 490 2933 libidinem·

108 2962 142 3017 16
216 2956 297 3024 Quod
315 2961 426 3016 tacitum
444 2977 507 3015 esse
522 2960 607 3031 velis,
630 2959 734 3016 nemini
748 2959 862 3016 dixeris.
884 2961 908 3014 si
921 2960 968 3015 tibi
984 2958 1064 3038 [ipsi]
1080 2979 1137 3020 non

150 3041 306 3111 imperasti,
330 3043 470 3114 quomodo
488 3044 521 3098 ab
541 3044 601 3099 aliis
616 3044 755 3100 silentium
770 3047 892 3114 speras?

109 3128 141 3184 lt
213 3123 371 3182 Ridiculum
393 3133 435 3182 est
457 3129 577 3198 aliquem
599 3127 664 3183 odio
683 3128 808 3183 nocentis
825 3129 1013 3184 innocentiam
1029 3126 1137 3209 [suam]

149 3208 281 3280 perdere.

107 3295 139 3350 18
212 3293 336 3349 Monstro
355 3292 450 3348 similis
467 3299 509 3349 est
524 3295 641 3351 avaritia
655 3295 758 3352 senilis.
785 3297 851 3368 quid
866 3296 937 3353 enirn
953 3298 1067 3357 stultius
1085 3308 1139 3370 est,

143 3376 220 3449 quod
237 3376 292 3434 dici
308 3378 395 3451 solet,
417 3392 501 3451 quarn
515 3378 563 3436 via
577 3378 724 3436 deficiente
743 3396 847 3454 augere
863 3382 1002 3439 viaticum.
