2422 3862
244 232 414 294 EPISTUL.
432 231 525 292 MOR.
548 232 620 292 LlB.
635 232 714 292 XIV.
735 232 867 309 ΕΜ(
903 237 925 307 .)
1014 235 1076 300 261
1107 182 1111 187 *

95 392 210 450 tantum
233 385 313 445 enim
335 392 480 461 quantum
502 386 565 445 vult
587 392 703 460 potest,
726 387 778 461 qui
801 402 836 446 se
852 385 910 446 nisi
925 388 1010 462 quod
1025 389 1078 449 de·

93 472 160 544 bet,
189 485 250 529 non
270 477 357 544 putat
378 484 484 544 posse.
524 468 596 528 Illo
617 485 692 545 ergo
713 472 864 544 seculo,
890 472 993 544 quod
1015 483 1107 534 au-5

93 572 199 616 reum
223 552 452 628 perhibent,
493 568 615 627 penes
644 553 849 629 sapientes
872 555 998 616 luisse
1019 573 1078 617 re·

92 657 137 716 gn
147 656 203 700 um
224 637 410 698 Posidonius
425 635 549 696 iudicat.
575 637 605 696 hi
621 637 816 700 continebant
830 655 937 700 manus
953 648 983 700 et
997 641 1079 702 infir-

91 725 221 784 miorem
246 739 264 781 a
285 721 485 782 validioribus
511 720 683 781 tuebantur.
719 723 890 783 suadebant
917 724 1077 786 dissuade-

92 808 229 882 bantque
250 813 280 865 et
301 806 386 867 utilia
400 812 493 880 atque
507 806 622 866 inutilia
636 807 854 868 monstrabant.
884 806 991 868 horum
1008 825 1066 884 pru

93 893 212 965 dentia,
235 906 273 949 nc
289 891 363 965 quid
379 891 503 950 deesset
516 891 598 965 suis,
620 891 809 966 providebat.
840 890 984 953 tortitudo
1001 895 1080 968 peri·

93 978 164 1037 cula
178 975 312 1035 arcebat.
342 974 546 1035 beneficentia
559 976 690 1049 augebat
706 976 897 1051 ornabatque
912 977 1079 1039 sublectos.
1096 983 1097 986 ’

92 1061 228 1123 officium
246 1066 311 1119 erat
328 1061 488 1133 imperare,
505 1075 566 1118 non
578 1075 715 1134 regnum.
745 1075 834 1121 nemo
849 1069 993 1134 quantum
1007 1079 1079 1137 pos-

93 1154 149 1219 set,
167 1146 320 1204 adversus
335 1159 391 1202 eos
407 1143 631 1218 experiebatur,
649 1160 704 1219 per
719 1161 799 1219 quos
813 1153 959 1221 coeperat
974 1162 1079 1221 posse,

93 1245 151 1289 nec
168 1236 235 1288 erat
249 1226 391 1302 cuiquam
406 1235 459 1288 aut
474 1227 593 1288 animus
609 1227 638 1288 in
654 1227 793 1288 iniuriam
809 1236 861 1288 aut
875 1245 987 1304 causa,
1011 1245 1080 1290 cum

92 1314 172 1374 bene
187 1312 348 1387 imperanti
370 1312 448 1371 bene
465 1319 624 1386 pareretur
639 1313 776 1388 nihilque
790 1330 845 1373 rex
861 1315 958 1374 maius
973 1314 1080 1374 minari

93 1399 173 1457 male
195 1397 373 1472 parentibus
395 1404 517 1471 posset,
547 1414 639 1472 quam
658 1406 692 1458 ut
705 1398 824 1457 abirent
838 1413 856 1456 e
869 1414 974 1473 regno.
1017 1398 1108 1461 Sedd

95 1488 303 1557 postquam
319 1480 630 1556 subrepentibus
651 1481 760 1542 vitiis
780 1483 816 1540 in
836 1482 1081 1557 tyrannidem

92 1565 1080 1640 regnaconversasunt‚opusessecoepitlegibus,
1145 1591 1149 1595 ¹

94 1666 193 1726 quas
217 1655 253 1708 et
272 1649 999 1724 ipsasinterinitiatuleresapientes=
1024 1649 1080 1710 So·

79 1737 162 1806 lon,
187 1735 239 1808 qui
254 1733 393 1794 Athenas
409 1749 510 1808 aequo
525 1734 590 1794 iure
607 1732 759 1807 fundavit,
783 1733 862 1793 inter
877 1740 995 1808 septem
1012 1733 1081 1794 aevi

93 1818 245 1893 sapientia
260 1824 361 1879 notos.
390 1819 567 1896 Lycurgum
583 1818 609 1877 si
625 1819 733 1878 endem
751 1827 836 1878 aetas
848 1819 975 1889 tulisset,
991 1834 1081 1879 sacru

93 1904 136 1962 illi
154 1917 279 1962 numero
296 1903 484 1963 accessisset
499 1911 637 1963 octavus.
652 1902 776 1962 Zaleuci
789 1903 874 1977 leges
886 1901 1081 1962 Charondae-

95 2001 158 2062 que
173 1986 342 2048 laudantur.
373 1987 403 2046 hi
424 2004 485 2048 non
506 1986 537 2045 in
561 1987 628 2047 loro
653 2003 709 2046 nec
726 1987 756 2045 in
771 1988 979 2047 consultorum
994 1987 1080 2058 atrio,

94 2070 198 2132 sedin
216 2070 409 2148 Pythagorae
430 2072 521 2131 tacito
544 2071 596 2131 illo
620 2081 792 2145 sanctoque
814 2086 944 2132 secessu
965 2070 1082 2131 didice-

93 2163 165 2215 runt
178 2155 260 2226 iura,
285 2173 363 2229 quae
380 2155 500 2216 florenti
517 2164 588 2217 tnnc
607 2155 729 2216 Siciliae
745 2162 774 2215 et
790 2172 845 2230 per
858 2156 971 2215 ltaliam
989 2156 1081 2215 Grae-

94 2241 160 2299 ciae
187 2248 347 2313 ponerent.
390 2240 546 2301 Hactenus
572 2240 741 2301 Posidonio
768 2241 940 2303 adsentior=
976 2247 1108 2307 artcst

94 2323 774 2400 quidemnphilosophiainventas,
799 2325 939 2400 qulbus
962 2325 996 2384 in
1019 2339 1082 2384 co-

91 2406 248 2469 tidiano
272 2409 351 2468 vita
377 2410 513 2482 utitur,
538 2425 612 2469 non
637 2410 899 2470 concesserim
928 2406 1083 2466 necilli

94 2491 274 2551 fabricae
295 2493 475 2552 adseram
496 2492 683 2568 gloriam:
712 2493 798 2566 ,‚illa,
821 2493 932 2567 inquit,
953 2507 1083 2565 sparsos

95 2582 126 2635 et
141 2583 193 2636 aut
211 2575 292 2636 cavis
307 2584 405 2637 tectos
426 2584 478 2637 aut
493 2578 597 2652 aliqua
618 2592 695 2652 rupe
720 2574 865 2635 subfossa
889 2581 942 2634 aut
970 2589 1084 2634 exesae

94 2659 215 2719 arboris
231 2668 336 2722 uunco
353 2662 457 2722 docuit
471 2668 572 2722 tecta
591 2658 746 2720 moliri.“
774 2659 840 2733 Ego
857 2674 929 2718 vero
946 2657 1082 2733 philoso-

94 2743 197 2819 phiam
220 2745 324 2806 iudico
346 2762 406 2805 non
431 2745 528 2820 magis
550 2744 746 2819 excogitasse
766 2743 822 2804 has
841 2742 1081 2804 machinationes

94 2835 245 2889 tectorum
265 2845 361 2904 supra
382 2837 461 2891 tecta
484 2829 672 2904 surgentium
700 2836 730 2889 et
754 2828 875 2889 urbium
894 2828 988 2889 urbes
1014 2844 1082 2904 pre-

94 2912 239 2973 mentium
268 2930 359 2988 quam
381 2914 498 2974 vivaria
523 2913 654 2989 piscium
676 2913 705 2972 in
732 2912 791 2974 hoc
813 2915 933 2987 clausa,
956 2919 990 2973 ut
1009 2921 1082 2973 tem-

95 3005 250 3071 pestatum
272 2998 441 3072 periculum
455 3015 515 3059 non
532 2999 630 3059 adiret
649 2998 721 3071 gula
736 3005 765 3059 et
782 2999 922 3073 quamvis
937 2996 1085 3058 acerrime

94 3081 207 3155 pelago
225 3082 382 3142 saeviente
397 3082 524 3143 haberet
544 3083 663 3142 luxuria
684 3089 792 3157 portus
813 3098 904 3152 suos,
925 3081 1084 3158 inquibus

96 3165 261 3225 distinctos
283 3164 414 3240 piscium
435 3182 546 3241 greges
562 3167 726 3242 saginaret.
761 3165 839 3239 Quid
855 3165 921 3226 aist
949 3166 1115 3241 philosos

96 3247 168 3324 phia
190 3248 332 3309 homines
353 3249 457 3310 docuit
479 3249 594 3310 habere
615 3251 732 3311 clavem
746 3256 777 3310 et
791 3255 913 3310 seramt
941 3256 994 3323 [et]
1010 3250 1086 3326 quid

95 3331 180 3393 aliud
196 3339 263 3392 erat
276 3333 423 3394 avaritiae
438 3334 559 3408 signum
576 3335 672 3396 daret
700 3333 897 3408 philosophia
917 3333 995 3394 haec
1016 3350 1086 3395 cum

94 3424 181 3477 tanto
207 3415 407 3477 habitantium
435 3416 572 3493 periculo
598 3417 776 3478 inminentia
800 3424 880 3478 tecta
904 3418 1087 3492 suspendite

97 3516 207 3575 parum
221 3501 302 3561 enim
317 3507 382 3563 erat
397 3501 529 3563 fortuitis
546 3504 607 3578 tegi
623 3508 654 3562 et
666 3501 733 3562 sine
748 3507 812 3561 arte
825 3508 856 3562 et
872 3500 939 3560 sine
954 3499 1085 3561 difficul-
