2422 3862
386 240 431 295 nn
446 236 605 296 neamus
620 238 735 296 1101111
989 239 1052 306 467
1082 196 1086 203 ¹

131 389 208 445 Multi
236 397 299 446 suut
326 390 481 463 obligandi,
511 391 602 465 pauci
621 391 795 447 offendendi.
827 409 891 449 narn
917 399 1110 481 memoriam

66 473 268 529 beneficiorum
280 476 388 547 fragilis
403 480 457 543 est,
467 474 629 529 iniuriarum
646 481 740 534 tenax.

130 557 321 630 Obiurgationi
337 573 449 627 semper
465 557 570 628 aliquid
585 558 680 613 blandi
699 557 831 614 admisce.
854 562 961 617 facilius
976 564 1109 624 0111111119

64 646 213 712 penetrant
231 642 334 708 verba,
359 656 431 710 quac
449 641 524 695 molli
540 639 689 697 vadunt
662 658 709 698 vra
727 657 810 713 quam
826 639 918 719 [quae]
935 661 1047 718 aspera.

65 740 148 779 nemo
165 725 285 780 enimse
301 728 401 793 mutat,
423 724 470 793 qui
488 725 587 779 mutari
602 742 633 779 se
650 724 792 797 desperat.

128 806 260 875 Quotiens
275 807 379 863 scribes
400 807 505 878 aliquid
522 803 615 882 [qued]
638 809 761 864 editurus
781 826 828 878 es,
852 810 920 866 scito
940 818 1108 874 morum130

63 897 174 946 tuorum
188 898 215 946 10
231 890 390 946 hominibus
407 889 626 962 chirographum
643 891 722 948 dare.

129 975 180 1043 Qui
202 976 231 1030 in
253 991 352 1031 servos
374 974 500 1029 irascitur
522 982 549 1030 01
566 975 687 1031 crudelis
704 982 759 1046 est,
781 977 847 1032 satis
863 978 984 1034 ostendit
997 985 1107 1052 po·131

62 1064 190 1114 testatem
204 1058 342 1116 adversus
358 1058 464 1113 alienos
481 1057 533 1113 sibi
548 1055 657 1132 [fecsse.
681 1056 734 1133 cui]
752 1060 884 1116 defuisse.

128 1142 180 1210 Qui
195 1143 284 1197 nescit
301 1148 409 1210 tacere,
428 1141 516 1197 nescit
532 1148 559 1197 01
573 1142 657 1213 loqui.
1056 1153 1106 1207 132

124 1227 244 1282 Facilius
266 1231 308 1282 001
321 1225 440 1297 pauperi
458 1231 645 1298 contemptum
666 1225 793 1298 effugere
810 1243 893 1297 quam
911 1226 989 1285 diviti
1003 1229 1045 1284 in·
1055 1235 1105 1297 133

61 1310 178 1369 vidiam.

124 1393 220 1449 Bonus
235 1394 333 1449 fruitur
348 1396 422 1449 bona
440 1393 619 1449 conscientia.
1054 1403 1106 1456 134

108 1475 110 1479 ’
125 1474 183 1552 [In]
199 1478 279 1533 malis
293 1477 451 1533 hominibus
466 1477 632 1533 tutissimum
646 1482 688 1531 001
703 1477 755 1532 0110
771 1479 880 1550 fugere.
1053 1486 1104 1540 135

124 1561 204 1618 Nulla
218 1562 321 1634 pusilla
336 1561 452 1632 domus,
473 1577 545 1632 quae
560 1562 661 1617 multos
678 1561 783 1616 amicos
799 1563 881 1634 capit.
1053 1567 1103 1624 136

125 1643 204 1701 Scire
218 1647 257 1701 uti
270 1651 436 1718 paupertate
450 1645 572 1701 maxima
589 1645 716 1701 felicitas.
1054 1651 1103 1708 137

123 1730 206 1786 Acuit
222 1730 336 1785 1111011110
353 1726 479 1804 [nimiu],
500 1730 602 1802 frangit
617 1729 740 1785 animum
755 1728 893 1785 remissio.
1052 1734 1103 1790 138

123 1813 282 1885 Numquam
299 1815 392 1869 scelus
408 1816 515 1870 scelere
530 1814 700 1869 vincendum
719 1819 770 1868 est.
938 1845 941 1850 <
1051 1818 1103 1874 139

123 1897 279 1971 Bonusvir
296 1903 352 1967 est,
375 1898 421 1968 qui
438 1915 472 1954 eo
487 1898 619 1971 perduxit
634 1893 767 1973 [adfectu]
785 1897 921 1967 animum,
945 1900 973 1950 ut
988 1903 1104 1958 non140

61 1987 166 2037 tantum
182 1997 302 2053 peccare
318 1998 375 2037 non
391 1983 471 2048 velit,
494 1983 643 2038 sedetiam
659 1998 714 2036 non
729 1982 828 2053 possit.

122 2065 314 2138 Regnantibus
334 2067 416 2138 peius
437 2067 521 2121 mullo
542 2067 697 2140 perieulum
721 2081 804 2136 quam
826 2065 883 2135 his,
908 2064 954 2135 qui
971 2062 1042 2118 iudi·
1050 2068 1098 2124 141

61 2157 171 2206 cantur.
193 2150 223 2206 hi
238 2151 312 2207 enim
326 2148 452 2223 singulos
467 2151 578 2220 timent,
600 2151 638 2206 illi
656 2150 814 2207 universos.

120 2234 263 2306 Numquid
277 2236 354 2290 fortis
366 2236 465 2291 fortem
477 2252 509 2290 00
522 2235 699 2307 gloriabitur,
715 2251 798 2306 quem
811 2233 937 2306 corporis
951 2231 1101 2304 aegri-142

60 2318 127 2373 tudo
148 2317 232 2373 efficit
251 2317 411 2373 infirmum?
432 2318 573 2389 Numquid
589 2319 669 2376 dives
685 2315 736 2394 [in]
751 2319 851 2390 opibus
868 2317 925 2372 suis
941 2315 1043 2386 gloria-

58 2403 147 2471 bitur,
165 2401 243 2456 cuius
255 2417 335 2472 spem
347 2403 390 2456 fur
403 2402 450 2457 vel
461 2407 598 2472 tyrannus
609 2403 740 2473 abrupit?
762 2400 904 2472 Numquid
916 2398 1043 2452 nobilitas

60 2485 236 2557 gloriabitur,
253 2483 354 2539 effecta
368 2498 576 2554 nonnumquam
590 2484 712 2555 indignis
728 2489 755 2538 01
768 2482 972 2539 miserabilibus
984 2495 1044 2534 ser·

60 2571 165 2625 vienst

122 2652 255 2707 Diabolus
270 2649 420 2721 aliquando
435 2666 467 2704 00
482 2650 651 2722 gloriabatur
663 2649 869 2704 interfectorem
884 2648 1102 2707 1000111100-143

60 2736 213 2806 ricordiae,
236 2751 310 2790 nunc
327 2734 527 2807 intergemiscit
541 2733 634 2789 socios
650 2739 714 2789 tuae
729 2731 916 2788 beatitudinis.

121 2820 268 2893 Fugienda
282 2824 346 2874 sunt
360 2819 488 2874 omnibus
505 2817 595 2874 modis
613 2823 639 2874 01
651 2816 844 2873 abscindenda
854 2816 912 2889 igni
925 2832 957 2873 ac
969 2817 1102 2873 10110144

59 2912 173 2977 totoque
194 2903 309 2960 artificio
330 2903 490 2976 separanda
511 2904 629 2974 languor
651 2919 668 2957 a
689 2918 827 2975 corpore,
855 2901 992 2973 imperitia
1007 2902 1042 2957 ab

60 2992 166 3060 animo,
182 2989 292 3045 luxuria
303 3006 320 3044 a
332 2993 443 3061 mente,
466 2988 604 3044 acivitate
621 2985 737 3056 seditio,
758 3003 774 3042 a
793 2986 876 3041 domo
891 2985 1040 3055 discordia,

59 3091 76 3129 a
92 3074 197 3131 cunctis
214 3075 297 3130 rebus
314 3073 537 3144 intemperantia.

121 3158 194 3213 Dixit
214 3157 328 3229 quidam
348 3157 500 3212 amicorum
522 3155 615 3211 omnia
630 3171 694 3210 0000
710 3153 867 3210 communia
882 3159 909 3209 01
924 3153 1042 3208 amicum
1051 3152 1101 3208 145

59 3259 91 3296 se
114 3242 207 3312 ipsum
229 3258 293 3297 esse
315 3242 441 3296 alterum.
469 3240 588 3295 duorum
610 3245 767 3311 temporum
794 3236 915 3292 maxime
935 3236 1041 3293 haben·

60 3325 125 3380 dam
142 3341 252 3395 curam,
275 3331 430 3394 eteorum,
457 3340 528 3395 quae
550 3323 637 3380 acturi
659 3339 771 3392 sumus,
794 3328 820 3378 01
838 3337 950 3389 eorum,
970 3335 1042 3391 quae

59 3409 209 3482 gessimus.
230 3415 294 3481 post
307 3410 391 3466 deum
403 3409 549 3467 veritatem
565 3408 729 3468 00101111οῐ11,
751 3422 828 3477 quac
841 3403 1061 3460 solatiorum

60 3494 113 3550 diis
128 3493 360 3565 proximos-facil.
