2422 3862
166 246 335 308 EPISTUL.
350 246 445 308 MOR.
465 246 538 306 LIB.
548 247 643 307 XVII.
654 245 722 306 ‘litt
738 252 795 307 ta.
816 249 973 322 (lollod.)
1014 245 1079 311 3³1

95 402 123 460 si
139 400 243 459 vivere
257 400 350 458 vellet
365 414 467 474 usque
482 398 523 458 ad
538 413 676 459 dracena
705 405 765 471 „tu
781 412 873 472 vero,
894 396 1007 474 inquit,
1030 415 1081 461 ma

92 483 235 544 debilites
257 483 341 555 licet,
370 482 442 557 dum
464 480 590 558 spiritus
610 482 641 540 in
662 496 794 557 corpore
814 482 911 562 tracto
932 489 964 543 et
982 481 1080 543 inutili

93 574 225 626 maneat.
254 566 406 641 depraves
429 563 513 640 lieet,
536 566 609 624 dum
630 572 806 626 monstroso
828 571 859 624 et
873 564 989 627 detorto
1004 571 1079 626 tom-

94 650 181 725 poris
204 649 318 724 aliquid
342 648 479 708 accedat.
513 648 642 722 sulligas
662 649 733 708 licet
754 655 784 708 et
804 655 925 709 acutam
950 664 1079 710 sessuro

95 748 217 793 crucem
234 732 352 792 subdas
361 736 397 786 “2
418 740 466 792 est
482 733 555 793 tanti
570 733 681 793 volnus
697 748 788 791 suum
803 747 943 806 premere
958 740 989 793 et
1004 733 1079 808 pati-

91 817 167 876 bulo
191 815 326 891 pendere
349 813 534 889 districtum,
560 815 633 874 dum
654 814 775 875 differat
799 815 846 887 id,
875 817 959 890 quod
980 818 1079 876 estin

93 901 183 960 malis
209 900 372 974 optimum,
402 899 546 974 supplicii
573 899 686 958 finemt
716 907 764 958 est
785 898 860 957 tanti
879 898 994 959 habere
1014 901 1078 958 ani-

93 1000 189 1058 mam,
211 991 245 1043 ut
264 987 375 1057 agam?
404 981 481 1055 Quid
495 982 567 1041 huic
582 989 672 1056 optes
687 982 745 1041 nisi
761 983 838 1042 deos
854 980 982 1043 facilest
1004 982 1079 1056 quid
1089 988 1121 1042 13

91 1067 152 1126 sibi
166 1068 230 1127 vult
249 1065 309 1126 ista
329 1065 471 1125 carminis
486 1064 650 1125 effeminati
666 1065 845 1140 turpitudo?
872 1066 946 1141 quid
961 1066 1078 1126 timoris

92 1149 313 1210 dementissimi
331 1149 454 1224 pactio?
482 1148 557 1223 quid
577 1155 637 1208 tam
660 1150 753 1208 loeda
772 1151 852 1208 vitae
873 1149 1079 1209 mendicatio?

95 1233 164 1295 tulo
177 1240 267 1309 putes
283 1248 428 1307 umquam
442 1231 589 1292 recitasse
602 1233 771 1306 Vergilium

311 1333 402 1392 usque
418 1317 532 1376 adeone
544 1319 622 1376 mort·
633 1320 772 1376 mucram
783 1313 848 1377 cst?

93 1399 185 1476 Optat
200 1400 306 1460 ultima
320 1400 468 1460 malorum
484 1406 528 1472 et,
544 1416 624 1475 quae
640 1401 702 1474 pati
716 1399 930 1474 gravissimum
946 1405 1009 1474 est,
1024 1415 1077 1459 ex·

93 1483 177 1544 tandi
192 1499 230 1543 ac
244 1482 387 1542 sustineri
403 1483 502 1557 cupita
524 1500 585 1557 qua
602 1484 764 1543 mercedet
785 1481 903 1542 scilicet
916 1483 996 1542 vitae
1011 1483 1076 1542 lon-

93 1567 198 1641 gioris.
222 1566 296 1642 quid
313 1573 413 1626 autem
429 1566 520 1626 huius
535 1565 640 1626 vivere
654 1572 723 1626 estt
744 1565 798 1625 diu
814 1565 900 1624 mori.
923 1565 1119 1630 Inveniturlt

93 1651 221 1726 aliquis,
241 1650 293 1725 qui
304 1650 377 1710 velit
393 1649 471 1710 inter
486 1649 639 1725 supplicia
652 1648 812 1709 tabescere
827 1655 857 1709 et
867 1649 970 1723 perire
984 1664 1077 1708 mem-

92 1733 200 1794 bratim
223 1741 253 1795 et
272 1733 383 1794 totiens
407 1749 463 1808 per
483 1731 635 1794 stillicidia
658 1734 794 1793 emittere
815 1733 961 1803 animam,
986 1748 1077 1806 qnam

95 1818 190 1876 semel
206 1817 371 1878 exhalaret
397 1815 562 1890 invenitur,
587 1815 639 1892 qui
653 1817 726 1877 velit
740 1819 867 1877 adactus
882 1817 924 1876 ad
943 1817 1017 1875 illud
1033 1816 1076 1875 in-

95 1899 168 1959 lelix
189 1898 318 1975 lignum,
340 1901 400 1961 iam
422 1899 540 1973 debilis,
562 1900 621 1960 iam
644 1904 759 1975 pravus¹
781 1907 811 1960 et
825 1901 855 1959 iu
870 1901 994 1960 loedum
1009 1915 1076 1960 sca·

97 1985 237 2058 pularum
259 2000 296 2045 ac
317 1984 452 2060 pectoris
474 1984 563 2044 tuber
584 1984 694 2055 elisus,
725 1985 773 2044 cui
794 1986 906 2044 multae
927 1983 1077 2043 moriendi

93 2083 223 2140 causae,
245 2069 335 2128 etiam
357 2069 433 2129 citra
456 2083 578 2129 crucem
593 2069 727 2140 inerant,
748 2068 869 2128 trahere
886 2067 1016 2127 animam
1033 2074 1078 2128 tot

93 2156 243 2211 tormenta
257 2158 441 2213 tracturam?
462 2167 542 2228 nega
558 2168 639 2214 nunc
658 2167 799 2227 magnum
811 2151 994 2212 beneficium
1005 2166 1077 2212 esse

95 2241 235 2308 naturae,
258 2236 343 2310 quod
364 2251 494 2296 necesse
511 2245 557 2296 est
571 2236 659 2297 mori.
684 2236 770 2296 Multi
785 2236 892 2312 peiora
906 2235 1006 2296 adhuc
1022 2251 1076 2311 pa·
1086 2243 1127 2297 15⁴

93 2318 168 2377 cisci
191 2317 288 2392 parati
310 2327 395 2380 sunta
424 2319 513 2379 etiarn
535 2321 665 2381 amicum
687 2321 835 2396 prodere,
853 2327 887 2381 ut
902 2319 1015 2381 diutius
1032 2318 1076 2378 vi-

92 2407 180 2471 vant,
196 2407 227 2459 et
242 2399 356 2461 liberos
371 2403 410 2461 ud
427 2409 565 2478 stuprum
581 2421 672 2465 manu
688 2421 745 2464 sua
759 2404 894 2476 tradere,
910 2411 943 2464 ut
960 2402 1075 2463 contin-

93 2491 144 2557 gat
159 2484 257 2540 lucem
279 2484 384 2543 videre
405 2491 448 2543 tot
467 2488 622 2546 consciam
642 2488 803 2547 scelerum.
831 2486 1021 2546 Excutienda
1032 2486 1075 2543 vi-

93 2573 142 2624 tae
160 2564 273 2638 cupido
291 2574 339 2626 est
353 2566 595 2642 discendumque
609 2569 682 2628 nihil
696 2570 861 2641 interesse,
882 2568 1007 2642 qnando
1023 2583 1075 2642 pa-

93 2647 194 2721 liaris,
212 2649 295 2722 quod
312 2649 499 2725 quandoque
515 2652 689 2725 patiendum
704 2660 760 2712 est.
789 2666 880 2726 quam
895 2651 974 2710 bene
988 2652 1075 2710 vivas

92 2734 208 2876 Refert&
222 2749 284 2874 rlron
305 2732 466 2809 quamdiu:
494 2749 590 2809 saepe
610 2742 710 2795 autem
732 2735 761 2794 in
776 2733 837 2818 hoc
857 2742 905 2795 est
920 2734 1014 2822 bene,
1036 2750 1075 2794 ne

116 2835 155 2877 ru.
209 2833 266 2876 ae.

498 2914 671 2966 ***

387 3031 602 3091 uarsrutn
620 3035 654 3090 11.
677 3000 765 3107 noa.)

348 3126 458 3180 Seneca
476 3130 588 3180 Lucuro
608 3142 660 3183 suo
680 3121 819 3184 saturnu.

157 3228 317 3302 Quomodo
339 3232 485 3291 molestus
506 3238 555 3292 est
574 3229 740 3292 iucundum
765 3231 917 3291 somnium
950 3232 1073 3309 videnti,
1091 3245 1100 3296 l

94 3311 145 3383 qui
163 3313 290 3386 excitat,
307 3313 405 3373 aulert
419 3314 499 3374 enirn
510 3317 711 3390 voluptatem,
727 3313 846 3375 etiamsi
862 3315 985 3388 salsam,
1000 3316 1073 3376 elie-

94 3398 174 3452 ctum
196 3402 296 3456 tamen
317 3412 410 3456 verae
431 3397 609 3458 habentem:
631 3397 677 3459 sic
699 3399 831 3474 epistula
849 3406 901 3459 tua
915 3398 988 3457 milri
1003 3400 1075 3460 lecit

94 3473 240 3537 iniuriam.
258 3478 416 3541 revocavit
429 3483 509 3542 enim
527 3499 576 3543 me
591 3480 767 3558 cogitationi
782 3488 873 3557 aptae
886 3481 1029 3541 traditum
1043 3489 1075 3542 et
