2422 3862
473 197 703 254 FRAGMENTA.
1006 193 1069 258 423

91 352 173 407 tuerit
187 351 289 420 iratus,
309 349 384 420 quod
395 365 452 405 non
462 351 576 404 multam
586 351 734 421 pecuniam
748 351 885 423 perdidit=
899 351 1005 406 seilicet
1019 367 1070 406 au·

92 452 153 491 rum
166 434 330 506 adpendere
342 434 451 502 debuit,
466 440 606 505 tamquam
618 451 670 505 pro
683 441 791 491 mortuo
803 435 937 504 Hectore,
952 440 999 490 aut
1009 440 1069 491 tan-

92 526 150 575 tum
164 520 294 590 ingerere
312 533 474 586 nummum,
495 523 628 589 quantum
644 519 775 575 venditor
789 536 845 575 non
863 519 1001 591 poposcit
1027 517 1071 572 Ex

91 603 218 660 barbaris
232 619 302 659 vero
319 603 424 657 nullum
437 608 551 673 praeter
566 617 650 657 unum
662 602 847 659 Anacharsim
859 601 1008 675 scytham,
1024 601 1071 672 qui

93 687 302 758 philosophiam
316 702 351 741 ne
363 686 531 741 somniasset
542 685 669 757 quidem,
688 687 741 740 nisi
754 692 781 742 et
791 686 915 759 linguam
930 690 957 742 et
965 686 1070 740 litteras

93 777 157 827 ante
175 770 328 825 didicisset.

155 854 282 910 bactani.
294 855 386 909 institi.
404 850 458 918 VI,
470 869 495 908 c.
507 855 557 921 24,
571 858 602 909 11
613 867 673 924 sqq.
694 851 754 908 Nec
766 850 868 908 lucrari
880 871 911 909 se
924 853 1120 925 quisquamst

92 943 184 1011 putet,
206 939 231 993 si
251 939 343 993 delicti
364 938 507 992 conscium
521 952 577 991 non
592 935 714 992 habebit.
742 938 793 992 scit
816 938 890 992 enim
908 938 954 993 ille.
968 936 1071 1003 omnia,

93 1023 121 1076 in
136 1023 214 1077 cuius
231 1027 384 1094 conspectu
399 1021 536 1090 vluimus,
557 1035 609 1074 nec
632 1020 656 1074 si
671 1021 819 1077 universos
834 1020 962 1077 homines
979 1021 1071 1075 celare

92 1122 261 1177 possumus,
277 1106 362 1160 deum
377 1121 545 1176 possumus,
562 1104 606 1157 cui
621 1103 689 1159 nihil
701 1105 909 1174 absconditum,
925 1103 993 1159 nihil
1009 1107 1071 1176 pot·

94 1196 136 1244 est
154 1207 218 1245 esso
234 1194 383 1244 secretum.
413 1186 523 1244 Seneca
545 1186 761 1244 Exhortationes
784 1206 850 1244 suas
869 1188 986 1244 mirabili
1007 1203 1069 1242 sen·

94 1274 178 1328 tentia
192 1273 360 1329 terminavit.

156 1357 325 1428 „Magnum
352 1355 453 1425 inquit,
477 1354 573 1410 nescio
595 1354 663 1427 quid
685 1356 831 1428 maiusque
853 1373 937 1430 quam
955 1355 1071 1427 cogitari

93 1447 200 1512 potest,
215 1457 320 1496 numen
338 1443 394 1508 est,
412 1439 456 1494 cui
471 1438 596 1495 vivendo
611 1455 728 1510 operam
744 1441 854 1497 damus.
876 1440 941 1495 huic
956 1454 1007 1493 nos
1021 1437 1071 1493 ad·

93 1527 262 1596 probemus!
291 1541 356 1580 nam
380 1522 447 1578 nihil
467 1523 585 1594 prodest
607 1522 742 1579 inclusam
764 1541 829 1580 esse
857 1521 1071 1579 conscientiam:

94 1615 221 1682 patemus
234 1609 317 1664 deo.“

438 1690 472 1744 Χ.
493 1690 540 1746 DE
561 1688 719 1750 OFFIGIIS.

153 1775 299 1832 Diomedes
312 1775 356 1830 lib.
368 1772 394 1829 Ι.
402 1792 435 1846 p.
446 1778 507 1833 362.
519 1774 561 1832 ed.
573 1774 687 1830 Puteoli.
712 1772 822 1830 Seneca
844 1774 885 1830 de
901 1773 1053 1829 officiis:
1083 1776 1117 1829 25

156 1860 199 1928 „si
216 1859 356 1916 cervicem
368 1858 554 1931 praestitero“

97 1944 132 1998 ait
144 1959 197 2014 pro
209 1944 377 2014 praebuero.
397 1948 440 1997 est
451 1947 543 1997 autem
557 1941 643 1997 hodie
655 1942 757 1997 horum
769 1942 921 1997 verborum
936 1940 989 1996 ista
1002 1938 1073 1995 divi·

94 2027 152 2097 sio,
166 2031 196 2081 ut
211 2027 245 2082 sit
257 2028 381 2098 praebeo
396 2025 543 2098 patientis,
560 2030 674 2098 praesto
689 2025 825 2081 facientis.

335 2126 382 2181 Xl.
405 2127 451 2182 DE
473 2125 668 2182 IMMATURA
689 2124 824 2181 MORTE.

157 2211 284 2267 Laetam.
296 2213 388 2267 institi.
401 2209 432 2276 I,
445 2227 470 2269 c.
482 2217 514 2280 5,
529 2213 572 2268 26.
594 2210 730 2265 Annaeus
745 2224 858 2280 quoque
878 2205 1003 2274 Seneca,
1026 2203 1073 2274 qui
1084 2211 1119 2266 26

95 2311 132 2349 ex
144 2293 278 2348 Romanis
292 2295 339 2350 vel
354 2295 507 2350 acerrimus
523 2292 633 2351 Stoicus
648 2295 712 2363 luit,
727 2309 812 2365 quam
827 2308 913 2363 saepe
934 2304 1074 2346 summum

96 2378 181 2431 deum
201 2378 300 2431 merita
321 2375 405 2431 laude
425 2378 618 2449 prosequitur!
646 2393 712 2433 nam
733 2393 796 2432 cum
822 2374 866 2431 de
887 2376 1074 2429 immatura

96 2466 209 2514 morte
226 2459 393 2514 dissereretz

159 2558 235 2612 „non
262 2542 393 2613 intelligis
424 2543 614 2597 auctoritatem
637 2558 671 2611 ac
697 2542 872 2597 maiestatem
898 2538 999 2594 iudicis
1026 2536 1074 2606 tui,

96 2627 212 2682 rectoris
236 2626 310 2682 orbis
333 2630 470 2680 terrarum
492 2626 619 2697 coelique
635 2631 662 2680 et
683 2624 800 2679 deorum
823 2623 947 2678 omnium
967 2619 1030 2689 dei,
1057 2636 1075 2674 a

95 2729 151 2783 quo
165 2712 218 2766 ista
235 2710 363 2779 numina,
378 2726 450 2782 quae
462 2709 572 2782 singula
584 2708 735 2765 adoramus
748 2713 775 2762 et
787 2707 919 2775 colimus,
936 2719 1075 2776 suspensa

95 2797 187 2851 sunt.“

155 2876 463 2944 Luctant.insttu.111‚
477 2895 501 2935 c.
514 2882 563 2948 12,
577 2884 618 2936 11.
652 2875 763 2934 Seneca
781 2890 893 2946 quoque
909 2870 1072 2944 imprudens
1085 2868 1119 2924 27

94 2963 204 3033 incidit,
220 2969 249 3017 ut
263 2964 395 3019 fateretur
409 2964 514 3019 nullum
530 2979 594 3018 esse
609 2962 685 3018 aliud
698 2960 806 3018 virtutis
820 2959 977 3031 praemium
991 2963 1081 3029 quam'

95 3047 338 3103 immortalitatem.
360 3047 479 3102 laudans
502 3048 575 3103 enim
598 3047 727 3113 virtutem
743 3045 770 3098 in
786 3061 819 3099 eo
835 3044 921 3117 libro,
944 3057 1026 3112 quem
1040 3038 1075 3093 de

94 3133 242 3188 immatura
256 3136 345 3185 morte
364 3132 543 3202 conscripsit:
1015 3126 1020 3136 '

157 3231 248 3284 „una,
263 3215 364 3285 inquit,
379 3229 425 3269 res
440 3220 482 3269 est
492 3215 591 3284 virtus,
605 3230 677 3286 quae
689 3229 741 3268 nos
753 3209 956 3266 immortalitate
969 3207 1075 3264 donare

94 3300 184 3368 possit
200 3305 226 3354 et
242 3314 327 3369 pares
341 3298 394 3354 diis
409 3298 533 3353 iacere.“
546 3295 576 3366 *)

98 3400 257 3410 *-

165 3436 192 3502 *)
210 3441 316 3506 Propter
334 3442 477 3492 Fabricium
492 3455 600 3502 moneo,
619 3454 697 3504 quem
710 3437 821 3488 lacobus
839 3427 1095 3496 aduentantis&
