2422 3862
188 220 247 285 138
359 284 363 289 ,
472 221 505 279 L.
524 220 671 315 ANNAEI
692 218 867 279 SENECAE

186 380 336 445 natura,
357 387 402 431 ex
426 372 567 447 quibus
583 372 713 432 omnia
736 372 847 443 fiant,
864 379 1072 433 causamet
1088 387 1158 431 ma-

185 456 332 517 teriam.
368 456 528 516 materia
553 457 631 517 iacet
656 457 752 528 iners,
776 471 825 514 res
851 455 891 514 ad
917 455 1019 514 omnia
1045 462 1156 530 parata,

187 547 360 620 cessatura,
386 539 412 600 si
428 555 516 601 nemo
536 547 667 599 moveat.
702 555 820 600 causa
835 542 950 613 autem,
966 539 998 598 id
1013 546 1061 599 εει
1074 538 1157 609 ratio,
1199 538 1201 601 i

185 622 341 684 materiam
357 626 466 684 format
481 631 510 683 ει
526 620 719 699 quocumque
732 624 796 684 vuit
811 630 928 694 versat,
953 639 992 682 ex
1008 623 1059 683 iiia
1075 623 1156 683 varia

186 723 281 783 opera
303 708 453 783 producit.
499 708 577 768 Esse
603 723 676 782 ergo
702 707 808 781 debet,
831 706 929 767 unde
957 707 1009 766 fiat
1036 705 1156 783 aliquid,

187 791 298 850 deinde
325 808 343 851 a
371 808 444 866 quo
472 792 534 852 fiat.
582 792 642 851 hoc
665 807 783 851 eausa
807 796 869 864 est,
891 789 966 850 iffud
989 790 1156 850 materia.

154 887 172 940 3
187 876 291 935 Omnis
313 891 363 935 ars
378 884 502 936 naturae
519 874 643 935 imitatio
660 882 716 935 εει.
743 875 846 951 itaque
863 873 948 950 quod
960 874 999 933 de
1014 873 1156 937 universo

187 958 340 1032 dicebam,
362 960 403 1019 ad
425 959 502 1019 haec
529 959 674 1032 transfer,
705 975 784 1034 quae
809 958 848 1018 ab
872 957 996 1018 homine
1022 957 1159 1018 facienda

187 1051 273 1103 saniz
289 1051 386 1104 statua
402 1051 432 1103 ει
445 1043 598 1104 materiam
612 1043 729 1116 habuit,
748 1058 827 1117 quae
842 1049 996 1119 pateretur
1007 1042 1158 1115 artificem,

187 1136 217 1187 et
233 1127 393 1200 artificem,
415 1129 467 1202 qui
487 1127 630 1186 materiae
651 1127 737 1186 daret
759 1126 875 1186 faciem.
915 1141 989 1201 ergo
1012 1127 1042 1186 in
1064 1133 1159 1186 statua

186 1210 313 1271 materia
336 1228 390 1272 aes
414 1211 483 1286 fuit,
506 1226 600 1272 causa
621 1211 735 1285 opifex.
773 1210 888 1270 Eadem
904 1209 1046 1271 condicio
1061 1225 1158 1270 rerum

188 1291 405 1357 omnium'est:
429 1310 525 1356 exeo
547 1302 702 1369 constant,
726 1295 809 1371 quod
830 1294 878 1366 fit,
902 1302 984 1354 etex
1001 1310 1054 1368 eo,
1079 1294 1158 1369 quod

153 1380 267 1438 tfacit.
305 1377 416 1442 Stoicis
431 1380 532 1454 placet
545 1395 635 1440 unam
658 1395 783 1440 causam
799 1394 885 1448 esse,
909 1379 954 1450 id,
979 1376 1065 1455 quod
1082 1377 1150 1439 facit

187 1463 427 1524 Aristoteles
457 1470 565 1539 putat
586 1480 741 1525 cansam
766 1463 891 1525 tribus
918 1463 1042 1538 modis
1070 1461 1159 1522 dici:

188 1548 343 1623 „prima‚
366 1548 477 1623 inquit,
500 1563 593 1607 cansa
614 1554 662 1608 est
681 1549 751 1623 ipsa
766 1547 906 1621 materia,
928 1548 995 1607 sine
1014 1561 1075 1622 qua
1091 1545 1158 1605 nihii

188 1640 289 1709 potest
314 1630 405 1691 effici.
442 1632 579 1692 secunda
604 1632 718 1708 opifex.
755 1632 844 1693 tertia
869 1640 922 1702 εειΙ
939 1631 1054 1705 forma,
1084 1643 1160 1706 quat

187 1716 352 1790 unicuique
373 1715 458 1791 operi
477 1716 630 1790 inponitur
647 1723 802 1792 tamqnam
823 1723 941 1776 statuae
950 1719 978 1771 :“
998 1731 1070 1775 nam
1084 1715 1159 1775 lianc

187 1801 369 1861 Aristoteles
384 1793 469 1872 eidos
482 1808 580 1860 vocat.
604 1800 736 1874 „Quarta
752 1815 892 1877 quoque,
915 1800 1028 1875 inquit,
1050 1799 1099 1858 his
1114 1813 1160 1857 ao-

152 1883 281 1959 ocedit‚
305 1885 495 1961 propositum
517 1885 608 1945 totius
625 1884 760 1961 operis.“
794 1884 869 1959 Quid
891 1883 1003 1945 sithoc
1017 1881 1159 1959 aperiam.

188 1973 252 2028 Aes
269 1969 367 2044 prima
381 1975 498 2029 statuae
511 1984 607 2028 causa
622 1976 678 2030 est.
700 1983 865 2044 numquam
881 1969 960 2029 onim
975 1969 1055 2029 facta
1071 1972 1159 2039 esset,

187 2053 245 2112 nisi
262 2053 369 2113 fuisset
383 2053 430 2126 id,
455 2068 493 2111 ex
509 2068 570 2128 quo
587 2053 763 2114 funderetur
777 2053 987 2113 ducereturve.
1021 2049 1160 2112 Secunda

189 2153 284 2198 causa
300 2137 407 2196 artifex
423 2144 479 2196 est.
517 2153 577 2198 non
600 2138 752 2212 potuisset
775 2135 855 2196 enim
874 2153 928 2197 aes
942 2136 1018 2197 iliud
1032 2136 1062 2196 in
1079 2132 1160 2195 habi·

188 2229 252 2280 tum
277 2227 395 2281 statuae
419 2219 558 2295 figurari,
588 2221 646 2280 nisi
674 2221 880 2281 accessissent
904 2220 1019 2295 peritae
1045 2235 1161 2279 manus.

188 2305 287 2364 Tertia
304 2320 398 2365 causa
414 2311 460 2364 est
474 2305 580 2365 forma.
611 2305 802 2381 nequeenim
817 2300 990 2365 statua'ista
1006 2303 1160 2382 dorypho-

189 2405 241 2449 ros
263 2396 315 2449 aut
335 2388 536 2449 diadumenos
559 2395 736 2463 vocaretur,
765 2387 824 2449 nisi
845 2387 922 2448 haec
948 2388 988 2447 itii
1016 2395 1102 2449 esset
1120 2386 1161 2446 in-

190 2489 299 2549 pressa
325 2472 430 2533 facies.
473 2474 584 2548 Quarta
610 2488 705 2534 causa
732 2481 779 2534 est
803 2472 933 2556 faciendi
962 2472 1161 2547 propositum.

153 2557 257 2617 tinam
283 2557 342 2618 nisi
369 2557 428 2618 hoc
455 2558 578 2630 fuisset,
602 2558 682 2618 facta
702 2573 763 2616 non
785 2564 878 2618 εεεει.
915 2555 994 2630 Quid
1014 2562 1063 2616 εει
1077 2571 1161 2631 pro·

189 2643 379 2719 positum?
412 2642 496 2718 quod
517 2642 655 2703 invitavit
679 2641 839 2715 artificem,
863 2640 1018 2716 quoditie
1041 2647 1162 2700 secutus

188 2727 273 2785 fecit=
296 2728 344 2786 vel
367 2727 497 2802 pecunia
515 2734 562 2785 εει
582 2726 656 2799 hoc,
677 2726 703 2785 si
723 2725 902 2786 venditurus
917 2723 1092 2797 fabricavit,
1115 2722 1163 2780 vel

188 2807 301 2884 gloria,
325 2810 351 2868 si
377 2810 527 2870 laboravit
551 2811 580 2869 in
607 2825 733 2883 nomen,
763 2811 810 2869 vet
839 2810 962 2885 religio,
993 2809 1020 2868 si
1051 2808 1162 2869 donum

188 2895 302 2966 tempto
326 2894 452 2969 paravit.
487 2909 560 2968 ergo
583 2894 708 2976 ethaeo
729 2908 824 2954 eausa
845 2901 908 2963 εει,
932 2901 1162 2969 propterquam

189 2976 238 3036 fit:
255 2993 292 3035 an
311 2993 371 3037 non
389 2984 477 3052 putas
493 2977 570 3037 inter
587 2995 697 3038 causas
714 2979 783 3038 facti
799 2975 903 3053 operis
919 2992 991 3039 esse
1004 2992 1162 3038 numeran-

156 3053 277 3134 idum,
300 3077 360 3136 quo
385 3070 502 3122 remoto
530 3063 640 3122 factum
670 3079 729 3122 non
756 3068 861 3122 essetf
901 3061 967 3122 His
996 3060 1163 3138 quintam

189 3143 306 3204 Plato
333 3145 455 3206 adicit
484 3148 699 3221 exemplar,
729 3163 819 3221 quam
844 3145 914 3221 ipse
942 3141 1035 3208 ἰδέαν
1061 3151 1163 3205 vocat=

130 3240 135 3246 ·
190 3227 250 3289 hoc
271 3238 318 3289 est
339 3231 432 3305 enim,
456 3230 496 3290 ad
515 3230 598 3306 quod
620 3231 791 3304 respiciens
813 3231 921 3290 artifex
945 3229 991 3303 id,
1012 3227 1097 3305 quod
1113 3227 1163 3288 de·

191 3312 337 3383 stinabat,
361 3313 469 3375 effecit.
504 3312 576 3374 nihii
592 3321 692 3373 autem
708 3315 746 3374 ad
762 3331 826 3374 rem
843 3313 988 3390 pertinet,
1006 3320 1106 3373 utrum
1121 3312 1163 3370 fo·

189 3398 231 3458 ris
253 3397 364 3460 habeat
384 3401 555 3474 exemplar,
577 3397 617 3458 ad
639 3398 722 3473 quod
742 3399 854 3458 referat
874 3399 996 3471 oculos,
1020 3414 1058 3457 an
1074 3397 1163 3463 intus,

191 3482 327 3558 quodibi
346 3483 416 3560 ipse
431 3483 572 3560 concepit
586 3488 617 3543 ει
631 3482 743 3559 posuit.
771 3483 851 3549 haec
862 3481 1049 3557 exemplaria
1063 3495 1163 3541 rerum
