2422 3862
447 195 681 292 Pacarium.
1038 255 1075 291 xv

52 384 164 433 tilleiose
178 377 362 443 componendi,
382 376 547 426 instrumenta
559 392 660 440 quoqne
674 377 729 426 eius
739 377 802 425 artis
818 391 874 426 cum
890 384 942 427 arte
959 378 1015 443 ipsa
1031 380 1075 430 ab·

53 455 121 502 iecta
137 457 212 508 sunt3
229 448 312 509 itaque
331 445 434 495 illarum
452 460 552 508 quoque
571 445 752 510 particularum
769 444 902 508 qnaesola
917 447 1076 512 inpromptu

22 552 26 572 a
53 522 137 571 babeo
156 517 289 582 exempla,
309 515 367 565 Nat.
387 512 500 573 Quaem.
520 514 572 577 Vl,
584 515 626 576 22,
645 515 671 564 1.
687 513 746 580 (21,
762 513 801 579 3).
821 512 1075 579 ansuescente

54 598 125 646 suut3
146 588 212 637 meis
231 585 298 635 enim
315 585 429 633 nituntur
446 584 611 646 coniecturis,
627 598 692 646 qnae
710 599 775 633 nunc
789 583 906 646 quamvis
924 583 958 633 ad
974 592 1074 635 senten·

53 661 114 708 tiam
133 665 222 721 aptas,
244 663 328 704 tamen
347 651 504 702 damnandas
523 652 614 712 credo;
638 654 707 715 qnod
723 660 807 702 autem
822 667 900 702 unum
923 661 1017 703 certum
1037 665 1075 704 eat

54 727 100 792 Ep.
120 727 168 784 84,
190 725 219 784 l,
239 723 341 787 idipso
360 735 453 787 genere
471 720 626 784 aliquantum
643 720 739 780 differt3
759 736 809 771 non
828 722 911 770 minus
928 722 1074 787 negaverim

18 818 28 857 2,
54 803 207 844 tum-tum
224 791 363 858 particulas
380 805 395 838 a
410 787 520 840 Senecae
537 791 718 840 consuetudine
734 789 831 841 alienas
843 805 907 840 esse.
944 789 996 842 Sed
1012 790 1075 840 haec

54 864 191 922 hactenus3
211 863 274 911 satis
292 862 360 910 enim
377 858 564 908 demonstrasse
580 858 644 908 milri
656 859 744 909 videor
758 874 808 909 uon
822 860 898 909 nimis
914 859 997 909 levem
1009 858 1074 909 hanc

55 942 78 981 et
96 930 296 998 perfunctoriam
319 940 406 978 curam
426 925 521 989 luisse,
545 942 621 990 qnam
646 929 673 977 iu
691 927 803 978 Senecae
821 927 893 978 libris
912 928 1074 979 recensendis

55 1003 145 1066 posui,
167 1016 214 1050 nec
235 1007 320 1048 tamen
341 997 365 1047 si
386 996 456 1045 locos
479 995 548 1047 baud
571 1012 667 1063 paucos
689 1004 757 1046 recte
782 997 846 1046 mihi
865 998 1015 1048 emendasse
1036 997 1074 1046 vi-

56 1071 131 1133 deur,
151 1070 238 1134 plures
253 1078 387 1131 superesse
404 1078 485 1129 nego,
504 1066 547 1127 qui
567 1065 649 1115 adhuc
668 1066 755 1115 critico
772 1065 868 1116 auxilio
887 1074 986 1132 egeant.

122 1140 151 1187 in
168 1134 350 1202 orthographia
372 1132 493 1183 nonnulla
511 1135 617 1196 novavi,
638 1134 784 1197 quaemihi
803 1150 859 1185 cum
878 1136 1074 1199 discrepantiam

54 1223 67 1256 c
85 1208 159 1257 libris
176 1221 194 1271 p
211 1213 236 1254 et
252 1206 271 1254 P
294 1210 407 1254 notatam
422 1203 478 1266 ipse
497 1209 577 1252 totam
591 1203 774 1270 inspexissem,
797 1203 940 1269 probabilia
957 1205 1073 1254 videren-

53 1285 109 1337 tur,
127 1276 274 1324 universam
298 1287 357 1323 vero
381 1271 488 1320 Fickerti
512 1273 649 1336 rationem,
671 1287 746 1336 quam
765 1274 791 1323 in
809 1274 983 1338 superioribus
1002 1272 1073 1323 voln-

22 1326 24 1398 Ι
54 1346 169 1393 minibus
187 1348 286 1392 secutus
308 1355 406 1404 essem,
427 1342 453 1389 in
475 1341 592 1406 epistulis
617 1342 733 1392 deserere
748 1357 797 1392 non
815 1343 928 1408 placuit3
953 1341 1016 1393 illud
1035 1350 1072 1392 ta«

20 1424 23 1440 ·
57 1428 115 1461 men
132 1412 256 1476 poenitet,
281 1411 348 1474 quod
370 1425 427 1460 cum
451 1415 529 1460 totam
554 1410 620 1461 banc
650 1425 736 1461 curam
764 1412 927 1474 abiecissem,
952 1411 1074 1462 nonnulla

55 1483 134 1530 etiam
153 1481 246 1528 intacta
269 1479 374 1543 reliqui,
404 1494 468 1542 quae
492 1478 557 1531 laisa
580 1494 637 1530 esse
659 1494 709 1530 non
732 1482 895 1547 ignorabam
920 1481 985 1529 inter
1008 1495 1073 1543 quae

55 1551 169 1600 maxime
190 1548 250 1597 mibi
273 1562 424 1610 succenseo,
448 1548 517 1611 quod
538 1550 564 1599 in
582 1547 640 1599 Nat.
661 1549 771 1609 Quaestt.
793 1549 985 1600 Caecinnam
1008 1549 1072 1599 tole·

53 1621 124 1681 ravi,
145 1619 189 1681 qni
205 1626 243 1667 est
262 1616 408 1670 Caecina.

21 1126 27 1152 l

122 1716 226 1766 Acccdo
243 1717 294 1764 iam
314 1717 346 1767 ad
359 1730 402 1779 ca,
420 1731 485 1779 quae
502 1720 602 1780 praeter
616 1715 741 1782 epistulas
754 1713 865 1765 Senecae
877 1715 936 1766 hulc
951 1716 1072 1768 volumini

24 1797 28 1835 ·,
53 1788 145 1839 adieci.
165 1786 200 1835 Ac
210 1787 321 1851 primum
334 1785 435 1848 quidem
452 1784 653 1850 fragmenta,
674 1792 794 1847 quantum
807 1785 877 1834 brevi
891 1792 1003 1849 tempure
1018 1785 1071 1835 fler'

53 1857 150 1921 potuit,
170 1855 260 1904 scdulo
278 1853 386 1918 collegi,
406 1853 535 1914 ordinari,
554 1854 701 1914 emendavi3
725 1868 789 1915 quae
807 1861 943 1917 postquam
961 1854 1071 1919 primum

54 1924 159 1974 collecta
175 1931 247 1986 sunt,
272 1924 387 1989 neglecta
410 1923 555 1984 iacuerunt,
574 1931 598 1972 et
614 1930 684 1972 tauta
699 1921 747 1972 luit
762 1923 930 1972 recentiorum
947 1923 1073 1973 editorum

54 1994 169 2057 desidia,
192 2000 220 2041 ut
243 2008 298 2042 cum
322 1997 425 2056 paratas
448 1990 481 2040 ad
504 2005 534 2041 ea
558 1990 736 2057 locupletanda
759 1991 847 2055 copias
864 1990 985 2042 haberent
1003 2007 1019 2042 a
1034 1993 1070 2044 lo.

52 2062 111 2118 Alb.
130 2062 246 2112 Fabricio
264 2063 288 2111 in
305 2061 365 2113 bibl.
392 2059 435 2109 lat.
457 2060 617 2124 propositas,
644 2075 675 2110 nc
697 2074 800 2110 manum
819 2061 921 2124 qnidam
942 2062 1072 2128 porrigere

19 2173 23 2192 ,
54 2131 188 2183 voluerint.
224 2129 280 2180 Non
298 2138 380 2179 tamen
400 2130 489 2179 dubito
508 2129 569 2192 quin
594 2129 709 2196 longiore
732 2129 816 2180 studio
837 2129 910 2196 plura
929 2130 1073 2196 fragmenta

53 2200 173 2265 indagari
191 2201 304 2264 possint,
324 2214 388 2262 quae
406 2213 447 2248 me
463 2198 546 2249 adhuc
557 2197 689 2265 fugerunt3
709 2213 786 2249 unum
804 2215 873 2263 vero,
892 2199 1073 2263 quodcxstare

52 2270 181 2329 sciebam,
207 2283 359 2331 quamquam
383 2276 407 2317 et
432 2283 480 2333 ego
502 2282 601 2318 summa
620 2283 695 2334 opera
714 2269 828 2332 quaesivi
852 2274 876 2318 et
894 2270 926 2318 ab
944 2268 1002 2318 aliis
1020 2269 1071 2318 sci·

52 2340 161 2387 scitatus
180 2351 251 2402 sum,
269 2345 354 2387 tamen
378 2336 499 2402 indagare
517 2351 567 2387 non
589 2338 674 2402 potui3
698 2339 821 2388 memoria
839 2338 907 2387 euim
925 2346 998 2387 tenco
1014 2345 1072 2386 ante

51 2407 146 2472 viginti
160 2405 213 2455 lere
226 2420 306 2456 annos
327 2407 353 2455 in
371 2405 475 2454 Diuruis
495 2405 533 2456 vel
550 2406 722 2468 scholasticis,
747 2421 812 2469 qnae
834 2414 888 2455 tum
907 2406 1070 2467 vocabantur,

52 2476 92 2526 vel
111 2475 169 2525 aliis
180 2474 305 2540 prolatum
319 2489 375 2525 esse
389 2474 473 2523 locum
486 2476 611 2537 quendam
619 2511 627 2538 ,
644 2476 688 2539 qui
701 2476 879 2525 inscriberetur
896 2475 922 2523 in
933 2475 1072 2524 recentiore

54 2663 99 2697 cac
117 2661 175 2695 csse
194 2646 331 2706 diceretur;
349 2649 418 2709 quod
437 2648 498 2711 qnid
516 2649 554 2699 rei
576 2651 623 2711 sit,
650 2649 734 2699 dicere
755 2661 822 2698 nunc
844 2661 894 2696 non
918 2662 1023 2711 possum
1041 2663 1072 2698 ao

52 2717 164 2766 fortasse
183 2715 396 2779 operaepretium
415 2723 520 2767 nonest
536 2716 644 2767 multum
662 2732 798 2781 quaererer
818 2717 969 2767 mentionem
988 2725 1072 2767 tamen

52 2788 109 2835 eius
128 2785 224 2834 inventi
242 2786 443 2848 praetermittere
461 2785 538 2840 nolui.
576 2787 622 2847 Qui
641 2801 707 2836 unus
725 2801 806 2850 nuper
823 2785 855 2835 de
874 2784 987 2837 Senecae
1003 2785 1072 2852 frag-

52 2855 147 2905 mentis
163 2867 285 2916 quaerere
301 2855 383 2918 cocpit
399 2853 513 2904 Osannns
526 2855 607 2906 tribus
624 2856 699 2906 editis
711 2854 803 2906 libellis
820 2855 971 2905 academicis
990 2870 1072 2905 meam

52 2924 158 2987 quidem
175 2937 277 2987 operam
296 2938 347 2972 non
372 2924 509 2974 admodum
531 2925 629 2976 adiuvit
645 2926 696 2975 nisi
711 2925 737 2974 in
755 2925 820 2976 libro
836 2925 868 2974 de
885 2924 1006 2974 remediis
1021 2924 1072 2974 lor-

52 2995 192 3051 tuitornm3
216 2992 261 3041 sed
286 2993 311 3042 in
334 3007 364 3042 eo
388 2995 444 3059 ipso
462 3000 489 3043 ut
503 2993 661 3061 diligentiam
680 3009 710 3045 ao
727 2994 865 3044 doctrinam
882 3009 951 3043 more
969 3008 1015 3042 suo
1035 2994 1071 3042 in-

53 3065 154 3127 signem
171 3060 299 3125 prodidit,
317 3063 353 3111 ita
366 3063 488 3112 indicium
508 3064 539 3114 dc
554 3080 600 3128 eo,
616 3064 684 3127 quod
702 3060 798 3114 Seneca
818 3063 922 3128 dignum
940 3063 986 3125 sit,
1007 3063 1070 3112 adeo

53 3135 180 3181 incertum
200 3137 225 3178 ct
240 3131 385 3182 inconstans
404 3131 574 3197 deprehendi,
598 3139 626 3182 ut
643 3134 759 3195 quamvis
773 3148 814 3182 res
832 3148 847 3181 a
861 3130 958 3182 Seneca
975 3146 1071 3180 memo-

53 3209 123 3250 ratas
142 3201 223 3265 probe
239 3207 337 3263 teneat,
363 3203 459 3266 ingenii
479 3209 564 3252 tamen
582 3202 636 3251 cius
652 3201 759 3251 formam
773 3217 803 3252 ac
820 3201 922 3252 dicendi
937 3207 1072 3250 cousuetu-

57 3273 141 3320 dinem
160 3283 248 3332 parum
268 3272 429 3334 perspexisse
450 3271 580 3330 videatur·;
604 3285 682 3333 quare
705 3270 811 3322 miratus
836 3285 885 3320 uon
908 3285 978 3330 sum,
1003 3268 1072 3331 quod

53 2578 159 2642 quidem
178 2576 332 2629 codicems.
353 2577 389 2626 de
405 2541 480 2641 fia,
498 2581 514 2628 i.
530 2595 552 2630 e.
572 2580 609 2629 de
627 2579 865 2630 misericordia
880 2579 974 2641 quique
992 2576 1072 2629 Sene·

17 3348 20 3355 '
55 3355 113 3389 cum
130 3338 271 3402 fragmenta
281 3338 340 3388 libri
356 3340 387 3390 de
404 3341 564 3390 matrimonio
579 3341 750 3403 conquireret,
767 3347 866 3404 praeter
882 3355 925 3403 ea,
943 3353 1009 3401 quae
1027 3335 1072 3385 ad-

55 3407 105 3458 huc
126 3407 284 3470 ferebantur,
311 3423 389 3458 rmum
406 3416 504 3459 tantum
523 3409 592 3474 apud
606 3408 784 3474 Hieronymum
799 3409 909 3471 invenit,
933 3407 1027 3470 quippe
1046 3405 1071 3451 in

55 3494 105 3541 quo
124 3478 197 3527 Varii
214 3476 311 3527 Gemini
327 3479 421 3528 mentio
439 3480 465 3527 in
482 3479 569 3529 oculos
584 3478 737 3538 incurrebut3
758 3492 805 3543 ego
823 3492 883 3528 vero
902 3475 980 3527 rnnlto
999 3472 1072 3536 plura

11 3583 22 3612 1

10 3629 19 3786 ,Ι
