2422 3862
224 227 397 289 unsrun.
412 225 506 289 uon.
530 226 956 302 manseramus.)
1016 192 1079 295 mr

100 382 207 458 mihi,
224 382 457 447 circumitus
473 379 638 442 Siciliae
655 383 776 443 totius
793 384 885 459 qnid
903 386 974 446 tibi
989 390 1081 449 novi

101 465 342 538 ostenderit,
377 465 556 527 etomnia
585 466 631 526 de
659 465 746 543 ipsa
774 467 968 544 Charybdi
997 487 1080 532 cer-

100 555 211 614 tiora.
241 567 310 611 nam
326 548 461 628 Scyllam
477 565 586 612 saxum
602 566 673 611 esse
688 551 855 627 etquidem
871 569 932 613 non
948 556 1082 616 terribile

100 636 316 712 navigantibus
329 635 443 710 optime
453 633 535 695 scio:
551 635 724 713 Charybdis
739 651 778 695 an
792 637 982 712 respondeat
995 639 1079 700 labu-

101 721 156 795 lis,
172 720 322 796 perscribi
337 718 409 778 milri
424 717 570 779 desidero
586 727 632 793 et,
648 720 674 779 si
692 721 769 781 lorle
783 721 1014 796 observaveris,
1037 724 1081 784 di·

100 821 194 882 gnum
211 811 259 865 est
272 811 385 877 autem,
401 803 484 878 quod
501 803 660 878 observes,
676 805 724 866 iac
740 821 798 865 nos
813 806 970 882 certiores,
982 815 1083 868 utrum

100 906 163 951 uno
179 895 295 950 tantum
311 895 404 948 vento
425 895 532 961 agatur
547 887 577 947 in
592 889 728 948 vortices
744 905 781 948 an
799 891 899 952 omnis
914 900 1082 966 tempestas

100 990 202 1049 aeque
218 987 302 1032 mare
317 973 392 1033 illud
408 978 623 1048 contorqueat,
645 981 675 1033 el
691 989 728 1032 an
743 990 850 1035 verum
866 977 920 1052 sit,
935 976 1083 1053 quicquid

100 1059 152 1120 illo
167 1059 236 1118 freti
252 1056 372 1117 turbine
388 1056 548 1131 adreptum
564 1063 626 1130 est,
642 1072 698 1132 per
712 1059 806 1119 multa
820 1061 902 1120 milia
916 1060 994 1122 trahi
1010 1077 1082 1122 con·

100 1143 197 1203 ditum
216 1149 247 1201 et
261 1141 344 1201 circa
356 1141 642 1201 Tauromenitanum
664 1142 734 1202 litus
750 1158 916 1219 emergere.
956 1144 988 1206 Si
1006 1146 1110 1206 haeci

99 1227 172 1286 milri
188 1225 426 1301 perscripseris,
448 1233 538 1286 tunc
560 1225 633 1286 tibi
653 1226 806 1288 audebo
823 1230 1022 1304 mandare,
1043 1238 1083 1292 ut

98 1312 135 1371 in
154 1310 341 1371 bonorem
365 1311 1081 1388 meumAetnamquoqueadscendas‚

100 1411 192 1470 quarn
208 1395 349 1454 consumi
369 1399 399 1453 et
413 1395 529 1454 sensim
548 1394 711 1455 subsidere
726 1411 766 1455 ex
781 1394 841 1456 hoc
856 1397 1002 1472 colligunt
1017 1399 1082 1472 qui·

99 1482 180 1552 dam,
194 1478 279 1555 quod
291 1478 457 1555 aliquando
469 1480 591 1553 longius
600 1478 814 1555 navigantibus
824 1479 1082 1544 sciebatostendi.

100 1571 205 1640 polest
219 1563 280 1623 hoc
295 1563 453 1637 accidere,
475 1579 536 1622 non
553 1564 626 1638 quia
641 1563 753 1624 montis
769 1563 895 1625 altitudo
913 1564 1082 1640 descendit,

100 1649 157 1709 sed
173 1649 246 1723 qula
261 1647 339 1722 ignis
353 1648 476 1708 evanuit
490 1655 519 1706 et
532 1647 633 1709 minus
643 1647 811 1708 vehemens
825 1664 861 1709 ac
872 1649 977 1723 largus
993 1647 1082 1709 effer-

99 1741 156 1807 tur,
173 1732 214 1793 ob
229 1733 368 1792 eamdem
384 1748 510 1793 causam
525 1733 609 1793 lumo
626 1747 750 1807 quoque
766 1748 822 1806 per
833 1732 915 1793 diem
931 1733 1082 1807 segniore.

99 1825 240 1878 neutrum
252 1824 353 1877 autem
363 1816 542 1877 incredibile
554 1823 610 1891 est,
626 1831 683 1877 nec
694 1824 837 1891 montem,
854 1815 907 1891 qui
919 1817 1084 1879 devoretur

100 1902 228 1974 cotidie,
244 1901 338 1961 minui
360 1917 418 1961 nec
432 1900 534 1976 ignem
550 1916 611 1962 nou
635 1916 761 1961 manere
775 1900 932 1975 eumdem,
955 1901 1082 1977 quinon

71 2006 79 2010 ·
99 1988 203 2062 ipsum
219 1994 321 2060 exest,
341 1986 441 2046 sedin
457 1987 561 2061 aliqua
575 1985 695 2045 inferna
710 1985 788 2045 valle
805 1993 974 2062 conceptus
991 2001 1098 2047 exae·

100 2079 181 2132 stuat
196 2075 226 2129 et
239 2069 307 2130 aliis
319 2070 464 2147 pascitur,
481 2069 512 2131 in
524 2069 593 2146 ipso
605 2075 709 2131 monte
720 2087 782 2131 non
795 2071 969 2133 alimentum
980 2070 1081 2147 habet,

100 2156 157 2219 sed
173 2154 264 2214 viam.
294 2155 327 2213 ln
341 2154 437 2234 Lycia
451 2155 537 2231 regio
553 2154 714 2216 notissima
728 2163 789 2228 est,
813 2155 1023 2232 Hephaestion
1039 2155 1110 2217 ind

100 2241 189 2301 colae
215 2247 342 2313 vocant,
364 2240 494 2301 foratum
516 2239 655 2315 pluribus
676 2239 754 2301 locis
770 2240 887 2314 solum,
911 2241 997 2317 quod
1015 2241 1083 2301 sine

99 2325 162 2385 ullo
184 2324 374 2385 nascentium
403 2325 515 2385 damno
543 2323 622 2402 ignis
650 2325 796 2387 innoxius
817 2324 965 2386 circumit.
1003 2327 1084 2386 laeta

99 2411 206 2484 itaque
219 2409 305 2483 regio
321 2416 368 2468 est
383 2417 413 2469 el
427 2408 556 2469 herbida
575 2409 617 2468 nil
640 2407 772 2470 flammis
791 2409 1003 2481 adolentibus,
1026 2408 1084 2469 sed

99 2496 216 2554 lantum
233 2493 262 2553 vi
277 2493 408 2553 remissa
422 2509 459 2553 ac
473 2494 617 2568 languida
637 2493 869 2573 refulgentibus.
905 2492 969 2554 Sed
983 2501 1113 2554 roser-l

99 2593 209 2638 vernus
224 2578 283 2638 ista
297 2584 369 2639 tunc
381 2578 559 2654 quaesituri,
576 2594 645 2639 cum
658 2585 692 2638 tu
706 2576 780 2638 mibi
795 2576 971 2653 scripseris,
987 2593 1082 2653 quan·

100 2671 164 2723 tum
179 2662 217 2721 ab
233 2661 303 2738 ipso
320 2678 374 2724 ore
388 2663 499 2723 montis
515 2663 603 2722 nives
619 2661 735 2735 absint,
753 2677 831 2738 quas
847 2676 887 2721 ne
899 2669 1004 2724 aestas
1016 2662 1082 2736 qui·

100 2748 169 2806 dem
182 2747 289 2807 solvit:
306 2747 384 2809 adeo
396 2753 480 2807 tutae
495 2754 566 2807 sunt
578 2747 616 2807 ab
628 2744 698 2822 igne
711 2747 822 2809 vicino.
843 2747 909 2808 Non
922 2755 971 2808 est
982 2754 1083 2807 autem

101 2832 187 2907 quod
200 2832 290 2891 istam
306 2847 411 2892 curam
423 2832 545 2908 inputes
561 2831 643 2891 milri.
665 2831 774 2893 morbo
789 2832 869 2891 enim
886 2838 938 2893 tuo
954 2832 1083 2893 daturus

100 2931 185 2990 eras,
202 2916 321 2976 etiamsi
337 2933 426 2977 nemo
442 2917 603 2977 mandaret
621 2915 684 2977 tibi.
718 2916 841 2991 [danec
861 2918 972 2994 [pudor
983 2910 1112 2990 oboleno

99 3005 147 3072 ne]
171 3002 333 3060 Aetnam
359 3000 568 3061 describas
589 3001 626 3060 in
647 3010 711 3063 tuo
733 3000 903 3062 carmine
924 3008 961 3062 et
980 3001 1081 3061 hunc

100 3085 312 3145 solemnem
348 3084 524 3146 omnibns
560 3087 689 3161 poetis
724 3085 849 3147 locum
880 3086 1080 3161 adtingas:

101 3185 191 3244 quern
217 3186 279 3244 quo
300 3168 400 3230 minus
423 3168 550 3231 Ovidius
566 3177 723 3243 tractaret,
747 3169 821 3230 nihil
836 3170 968 3243 obstitit,
996 3169 1082 3245 quod

90 3254 159 3312 dam
168 3254 324 3328 Vergilius
339 3255 518 3330 inpleverat.
547 3270 586 3314 ne
601 3254 749 3316 Severrun
766 3253 890 3330 quidem
907 3253 1079 3316 Cornelium

100 3346 228 3412 uterque
252 3338 406 3400 deterruit.
440 3339 582 3400 omnibus
603 3347 763 3416 praeterea
783 3337 912 3400 feliciter
925 3339 975 3399 hic
990 3340 1079 3400 locus

101 3437 136 3480 se
151 3421 236 3483 dedit
250 3431 280 3484 et
295 3423 346 3499 qui
361 3431 612 3500 praecesserant,
633 3441 695 3486 non
715 3421 930 3502 praeripuisse
948 3421 1082 3482 miluini-

101 3504 222 3579 demur,
246 3523 327 3582 quae
347 3507 408 3569 dici
422 3516 583 3590 poterant,
606 3511 668 3576 sed
681 3510 866 3592 aperuisse.
888 3503 1151 3568 &eumanum
