2422 3862
244 219 414 280 EPISTUL.
429 217 523 278 MOR.
545 217 616 278 LlB.
628 217 665 276 X.
685 216 744 276 ΕΡ.
755 224 781 279 2.
804 222 877 292 (78.)
982 219 1053 299 199

71 376 201 452 quisque
216 379 246 432 et
259 369 358 431 victor
373 370 491 431 doloris
508 377 663 430 occurram
680 368 745 441 ille,
768 371 821 445 qui
836 387 907 432 cuas-
923 372 1042 434 varices

67 457 263 520 exsecandas
285 453 459 529 praeberet,
483 456 585 529 legere
606 453 716 515 librum
731 455 949 530 perseniam.
984 456 1042 528 ille,

68 545 119 619 qui
135 558 198 604 non
213 538 305 599 desiit
320 538 436 610 ridere,
458 553 527 598 cum
549 539 606 611 [ob]
631 536 691 597 hoc
712 536 813 613 ipsum
828 539 896 598 irati
911 546 1042 600 tortores

66 628 169 687 omnia
188 626 389 684 instrumenta
409 622 596 683 crudelitatis
620 637 698 682 suae
719 623 946 698 experirentur=
981 641 1042 685 non

66 712 206 771 vincetur
220 708 310 768 dolor
326 704 459 778 ratione,
476 707 528 780 qui
546 707 644 766 victus
659 712 708 766 est
721 690 981 787 risna(ouicquid
995 708 1042 769 vis
1052 714 1085 768 19

65 810 148 855 nunc
172 794 243 852 licet
266 790 370 864 dicas,
392 790 603 851 distillationes
625 797 656 849 et
680 791 739 849 virn
761 791 924 852 continuae
946 794 1041 853 tussis

66 885 241 954 egerentem
254 875 404 934 viscerum
417 882 520 948 partes
533 883 563 935 et
574 873 688 933 labrem
702 874 883 950 praecordia
897 876 968 951 ipsa
982 884 1042 938 tor·

66 970 181 1022 rentem
198 967 228 1019 el
243 958 324 1018 sitim
341 965 372 1018 et
385 965 469 1017 artus
488 957 518 1016 in
535 959 692 1018 diversum
701 959 842 1019 articulis
858 961 1041 1022 exeuntibus
1068 986 1097 1022 -e
1112 996 1122 1007 ··
1146 1014 1154 1023 ..

66 1053 179 1107 tortos:
202 1044 274 1119 plus
296 1049 344 1101 est
360 1040 484 1101 flamma
504 1050 533 1102 et
554 1043 679 1103 eculeus
696 1050 726 1102 et
740 1044 853 1104 lamina
866 1050 896 1103 et
910 1045 1042 1106 volneri·

65 1130 124 1190 bus
139 1129 217 1205 ipsis
240 1125 513 1203 intumescentibus
538 1125 623 1200 quod
644 1126 696 1185 illo
715 1134 880 1188 renovaret
899 1136 929 1190 et
951 1129 1042 1192 altius

65 1220 190 1290 urgeret
205 1212 380 1286 inpressum
388 1206 490 1270 ⁸>inter
502 1209 580 1269 haec
597 1218 697 1270 tamen
713 1210 825 1287 aliquis
841 1229 903 1273 non
919 1215 1041 1288 gemuit.

65 1314 174 1375 parum
203 1302 266 1356 est:
296 1310 358 1355 non
386 1294 513 1368 rogavit.
558 1310 665 1369 parum
693 1302 755 1355 est=
784 1311 845 1355 non
871 1298 1041 1373 respondit.

66 1398 174 1459 parum
190 1389 254 1441 est:
275 1378 342 1438 risit
361 1386 392 1437 et
412 1377 535 1453 quidem
553 1392 593 1437 cx
616 1377 732 1439 animo:
759 1377 808 1439 vis
829 1387 861 1440 tu
880 1381 1042 1456 posthaec

64 1467 203 1527 dolorem
219 1461 383 1523 derideret
411 1460 514 1537 „Sed
536 1461 648 1535 nihil,
676 1463 788 1538 inquit,
811 1478 927 1537 agere
947 1466 1084 1526 sinitto

64 1549 235 1620 morbus,
276 1547 339 1622 qui
372 1560 427 1605 me
458 1544 635 1606 omnibus
669 1546 831 1606 abduxit
859 1548 1042 1608 ciliciis.“

64 1635 184 1708 corpus
199 1639 283 1692 tuum
302 1629 437 1691 valitudo
453 1637 547 1704 tenet,
563 1647 624 1690 non
640 1636 670 1689 et
683 1630 824 1689 animum.
856 1632 960 1706 itaque
974 1647 1041 1691 cur·

65 1719 145 1778 soris
168 1721 302 1777 moratur
324 1715 436 1790 pedes,
458 1714 571 1784 sutoris
594 1722 646 1774 aut
666 1713 743 1774 labri
766 1731 874 1775 manus
890 1714 1041 1791 inpediet=

64 1802 91 1862 si
109 1800 230 1861 animus
246 1799 299 1860 tibi
314 1814 386 1859 esse
402 1798 431 1858 in
447 1816 507 1859 usu
524 1800 618 1873 solet,
641 1798 803 1873 suadebis,
822 1799 966 1873 docebis,
988 1815 1042 1861 au-

65 1885 148 1956 dies,
166 1884 286 1957 disces,
305 1898 453 1959 quaeres,
469 1882 694 1942 recordaberis.
731 1881 805 1957 quid
820 1889 935 1960 porro?
968 1883 1042 1943 nihil

64 1985 157 2044 agere
172 1977 202 2030 te
219 1967 336 2040 credis,
358 1967 384 2026 si
399 1973 573 2041 temperans
595 1981 688 2041 aeger
703 1965 768 2027 sisi
797 1968 944 2028 ostendes
962 1984 1041 2028 mor·

63 2054 135 2114 bum
161 2067 258 2128 posse
286 2053 427 2127 superari
453 2052 500 2109 vel
527 2058 609 2111 certe
637 2051 790 2111 sustineri.
834 2052 916 2127 Est,
951 2051 1083 2112 mibitt

64 2137 195 2211 crede,
213 2133 349 2196 virtuti
364 2135 477 2195 eliam
494 2134 528 2194 in
547 2135 691 2196 lectulo
707 2135 829 2196 locus.
850 2149 911 2198 non
926 2144 1042 2198 tanturn

64 2238 149 2281 arma
177 2227 208 2280 el
234 2220 317 2279 acies
344 2219 418 2280 dant
449 2228 627 2294 argumenta
654 2221 765 2281 alacris
796 2219 887 2281 animi
912 2220 1041 2282 indomi-

63 2306 149 2381 tique
170 2303 353 2389 terrpribus:
378 2311 408 2363 et
434 2304 464 2363 in
494 2301 682 2364 vestimentis
713 2306 760 2364 vir
788 2306 875 2367 lortis
904 2307 1041 2381 adparet.

63 2390 178 2462 habeS,
196 2386 280 2464 quod
293 2384 385 2463 agas:
411 2385 491 2447 bene
510 2390 626 2471 luctare
648 2404 718 2449 curn
730 2390 850 2452 morbo.
879 2391 906 2450 si
922 2388 996 2450 nihil
1012 2399 1042 2450 te

65 2472 209 2548 coegerit,
240 2473 267 2533 si
284 2471 357 2531 nihil
381 2471 568 2547 exoraverit,
590 2470 710 2547 insigne
729 2475 835 2549 prodis
855 2473 1040 2548 exemplum.

64 2557 88 2618 0
112 2573 206 2632 quarn
234 2571 344 2631 magna
370 2562 435 2615 erat
458 2556 576 2630 gloriae
601 2557 743 2631 materia,
780 2558 807 2619 si
831 2565 1043 2633 spectaremur

61 2641 162 2716 aegri!
195 2642 264 2717 ipse
279 2647 308 2699 te
321 2646 443 2713 specta,
462 2640 531 2715 ipse
543 2648 572 2701 te
588 2641 688 2700 lauda.
715 2641 877 2702 Praeterea
894 2642 955 2702 duo
971 2649 1084 2705 suntm

62 2742 178 2800 genera
194 2720 401 2800 voluptatum=
424 2726 602 2799 corporales
623 2723 748 2785 morbus
770 2724 899 2801 inhibet,
920 2742 982 2786 non
997 2734 1040 2787 ta·

62 2826 132 2869 men
148 2808 234 2870 tollit.
259 2808 360 2883 immo,
375 2809 402 2867 si
420 2824 525 2870 varum
540 2809 694 2883 aestimes,
709 2809 827 2870 incitat=
844 2811 942 2886 magis
957 2810 1043 2873 iurat

62 2892 170 2953 bibere
192 2894 353 2953 sitientem
388 2893 501 2966 gratior
522 2901 570 2954 cst
591 2893 736 2955 esurienti
760 2894 857 2956 cibus.
895 2896 1042 2972 quicquid

62 2992 102 3036 ex
120 2977 302 3037 abstinentia
314 2975 451 3051 contigit,
466 2977 585 3039 avidius
597 2977 763 3054 excipitur:
779 2979 847 3041 illas
860 2996 934 3041 vero
950 2982 1041 3041 animi

63 3063 254 3136 voluptates,
280 3073 359 3134 quae
380 3061 513 3122 maiores
535 3062 746 3138 certioresque
762 3072 847 3138 sunl,
868 3079 957 3126 nemo
978 3082 1041 3125 nie·

63 3145 152 3205 dicus
167 3161 261 3220 aegro
276 3150 376 3219 negat.
405 3145 461 3205 has
477 3145 619 3223 quisquis
636 3148 775 3223 sequitur
790 3155 820 3210 et
833 3149 911 3209 bene
926 3149 1041 3210 intelle·
1082 3161 1086 3168 ’

63 3229 121 3302 git,
135 3230 236 3288 omnia
253 3244 399 3289 sensuum
415 3229 622 3292 blandimenta
636 3233 810 3293 contemnit.
831 3232 876 3305 „0
893 3234 1043 3293 infelicem
1050 3241 1084 3296 23

63 3317 229 3386 aegrumt“
260 3312 382 3387 Quare?
396 3313 468 3389 quia
482 3330 543 3376 non
558 3314 630 3392 vinc
645 3313 747 3376 nivem
767 3315 862 3378 diluit.
893 3318 1040 3393 quianon

63 3395 197 3468 rigorem
213 3396 347 3471 potionis
366 3413 458 3471 suae,
475 3415 567 3473 quam
581 3401 689 3474 capaci
704 3400 824 3478 scypho
840 3401 975 3474 miscuit,
995 3417 1041 3460 re-

64 3486 159 3539 novat
177 3480 271 3540 fracta
286 3481 414 3556 insuper
427 3480 535 3560 glacie
574 3481 650 3564 quia
664 3501 732 3549 non
746 3493 857 3548 ostrea
863 3481 1070 3543 illimucr’xxxa
