2422 3862
162 247 226 313 302
453 245 487 303 u.
508 241 656 305 auram
678 222 854 304 sunucau'

164 418 269 465 corum
293 397 482 475 supellectile
503 412 561 459 nec
580 405 624 459 tot
645 395 836 458 ferramentis
857 405 950 474 atque
967 398 1148 476 pyxidibus.

164 487 297 563 simplex
312 492 376 544 erat
395 498 435 542 ex
456 497 551 543 causa
572 480 702 557 simplici
724 482 873 543 valitudo:
894 484 1007 543 multos
1022 484 1149 545 morbos

124 573 258 648 19multa
272 570 388 631 fercula
402 568 549 628 lecerunt
593 566 688 642 Vide,
707 574 855 642 quantum
867 582 969 627 rerum
985 582 1042 642 per
1057 584 1149 629 unam

164 658 265 732 gulam
282 651 514 715 transiturarum
529 651 713 726 permisceat
727 651 860 723 luxuria,
878 660 1027 712 terrarum
1040 654 1148 714 maris·

165 756 226 816 que
252 737 410 800 vastatrix.
443 751 574 796 necesse
594 742 643 796 est
661 735 766 811 itaque
786 736 864 795 inter
886 750 921 794 se
941 741 1003 795 tam
1026 736 1150 797 diversa

165 824 336 886 dissideant
350 828 380 882 et
402 820 513 880 hausta
526 821 605 878 male
621 819 797 894 digerantur
814 817 881 879 aliis
898 821 956 879 alio
973 818 1150 881 nitentibus.

65 932 68 937 ·
165 924 222 969 nec
243 908 365 979 mirum,
388 905 471 980 quod
492 905 671 965 inconstans
687 905 854 980 variusque
873 919 914 964 ex
928 903 1067 965 discordi
1082 906 1150 965 cibo

164 991 291 1054 morbus
312 997 359 1050 est
379 996 409 1049 et
424 989 474 1049 illa
490 1003 530 1048 ex
548 987 708 1050 contrariis
724 997 849 1049 naturae
865 989 1004 1063 partibus
1019 988 1051 1048 in
1066 1006 1149 1050 eum-

166 1077 235 1136 dem
257 1076 409 1149 conpulsa
428 1074 610 1134 redundant.
654 1073 728 1134 Inde
749 1081 809 1134 tam
824 1071 839 1110 *
855 1073 938 1133 nullo
954 1081 1149 1148 aegrotamus

123 1176 278 1237 aagencre
292 1175 384 1236 quam
398 1157 541 1218 vivimus.
576 1157 730 1218 Maximus
743 1158 794 1218 ille
809 1158 999 1218 medicorum
1014 1166 1045 1219 et
1059 1159 1149 1219 huius

166 1243 313 1307 scientiae
334 1243 476 1304 conditor
489 1240 611 1303 leminis
626 1257 684 1302 nec
702 1242 831 1317 capillos
846 1239 985 1303 defluere
1002 1243 1078 1304 dixit
1092 1258 1162 1302 nec‘

166 1330 264 1406 pedes
284 1329 441 1389 laborare:
467 1327 550 1400 atqui
572 1334 602 1387 et
617 1326 737 1402 capillis
753 1327 959 1387 destituuntur
973 1335 1003 1387 et
1018 1326 1150 1403 pedibus
1162 1332 1173 1345 ”

166 1429 277 1489 aegrae
291 1420 371 1474 sunt.
399 1427 461 1471 non
476 1418 590 1472 mutata
607 1410 784 1472 seminarum
800 1418 921 1485 natura,
938 1413 995 1472 sed
1010 1412 1073 1472 vita
1088 1419 1150 1473 est=

166 1514 234 1559 nam
250 1514 319 1558 cum
335 1498 468 1557 virorum
482 1494 633 1556 licentiam
655 1495 870 1571 aequaverint,
893 1512 1055 1583 corporum
1073 1513 1150 1570 quo-

123 1599 227 1659 21que
245 1583 373 1643 virilium
387 1579 584 1641 incommoda
598 1588 778 1655 aequarunt.
822 1581 887 1641 Non
904 1581 1003 1640 minus
1017 1580 1150 1654 pervigi-

165 1669 237 1741 lant,
262 1684 323 1729 non
338 1666 438 1726 minus
453 1671 575 1740 potant,
596 1671 626 1724 et
641 1665 710 1725 oleo
725 1673 755 1727 et
769 1681 854 1726 mero
869 1665 953 1725 viros
968 1669 1150 1739 provocant.

166 1767 265 1827 aeque
286 1750 387 1811 invitis
406 1749 525 1824 ingesta
544 1747 716 1810 visceribus
735 1765 791 1825 per
807 1767 843 1811 os
857 1749 988 1810 reddunt
1001 1755 1031 1808 et
1044 1746 1151 1807 vinum

166 1852 256 1897 omne
277 1835 392 1896 vomitu
406 1833 615 1896 remetiuntur.
637 1849 737 1909 aeque
751 1836 851 1896 nivem
866 1833 993 1907 rodunt,
1008 1834 1152 1894 solatium

90 1945 100 1962 ·
166 1921 316 1983 stomachi
342 1918 520 1980 aestuantis.
554 1918 680 1979 libidine
704 1934 778 1980 vero
804 1918 1001 1979 nemoribus
1029 1917 1151 1992 quidem

167 2005 293 2065 cedunt:
316 2005 378 2080 pati
394 2011 500 2078 natae,
524 2002 555 2063 di
572 2003 640 2063 illas
656 2003 796 2080 deaeque
811 2005 890 2063 male
905 2003 1051 2079 perdant!
1071 2001 1151 2060 adeo

166 2105 346 2164 perversum
373 2095 564 2149 commentae
588 2102 687 2162 genus
711 2088 908 2164 inpudicitiae
930 2087 1013 2148 viros
1036 2087 1151 2146 ineunt.

167 2173 241 2248 quid
258 2188 332 2247 ergo
348 2172 517 2232 mirandum
533 2178 580 2232 est
594 2172 760 2233 maximum
774 2171 962 2234 medicorum
976 2187 1013 2231 ac
1025 2179 1153 2232 naturae

167 2255 384 2332 peritissimum
404 2257 433 2316 in
455 2254 616 2316 mendacio
639 2257 763 2332 prendi,
796 2273 864 2316 taum
879 2263 924 2317 tot
945 2255 1076 2316 laminae
1097 2270 1152 2330 po·

167 2340 311 2416 dagricae
334 2342 504 2414 calvaeque
530 2339 611 2401 sinti
641 2341 824 2403 beneficium
852 2356 947 2402 sexus
976 2339 1041 2400 suis
1071 2338 1152 2399 vitiis

166 2426 366 2502 perdiderunt
385 2433 429 2498 et,
459 2426 530 2500 quia
550 2425 692 2486 feminam
709 2433 872 2496 exuerant,
899 2426 1061 2485 damnatae
1083 2430 1154 2483 sunt

123 2523 157 2578 al
166 2508 281 2572 morbis
301 2507 450 2572 virilibus.
494 2509 620 2584 Antiqui
641 2510 751 2570 medici
766 2510 946 2571 nesciebant
961 2510 1035 2568 dare
1051 2508 1154 2568 cibum

166 2596 293 2672 saepius
315 2603 345 2656 et
366 2595 437 2655 vino
458 2593 564 2654 fulcire
585 2609 680 2654 venas
704 2594 859 2655 cadentes.
888 2593 1067 2652 nesciebant
1082 2608 1153 2652 san·

165 2680 288 2754 guinem
304 2678 422 2740 mittere
443 2685 473 2740 et
489 2677 636 2740 diutinam
651 2677 889 2753 aegrotationem
903 2678 1014 2737 balneo
1031 2677 1153 2738 sudori-

165 2764 287 2838 busque
299 2764 412 2824 laxare.
435 2763 615 2824 nesciebant
627 2779 749 2824 crurum
761 2763 883 2822 vinculo
894 2759 1155 2836 brachiorumque

165 2849 308 2908 latentem
324 2848 385 2907 vim
405 2847 479 2907 etin
495 2848 596 2908 medio
612 2848 771 2908 sedentem
786 2847 826 2907 ad
842 2854 979 2907 extrema
993 2859 1153 2906 revocare.

166 2946 227 2991 non
244 2940 309 2992 erat
323 2946 454 2990 necesse
470 2930 707 3008 circumspicere
721 2932 814 2992 multa
829 2930 1012 2991 auxiliorum
1027 2944 1152 3004 genera,

123 3028 234 3084 cacum
257 3023 363 3076 essent
389 3017 592 3090 periculorum
616 3016 818 3092 paucissima:
852 3030 933 3075 nunc
957 3030 1033 3073 vero
1061 3029 1153 3088 quam

164 3102 257 3175 longe
272 3107 494 3178 processerunt
507 3102 588 3162 mala
605 3099 794 3162 valitudinis!
817 3099 874 3160 bas
886 3114 997 3159 usuras
1009 3098 1153 3172 volupta-

166 3184 239 3246 tium
256 3186 418 3262 pendimus
433 3185 650 3247 ultramodum
665 3185 776 3261 fasque
796 3184 1035 3259 concupitarum.
1064 3182 1155 3241 innu-

165 3271 327 3332 merabiles
350 3287 422 3332 esse
442 3270 567 3333 morbos
589 3287 651 3331 non
671 3268 846 3330 miraberis:
876 3282 994 3342 coquos
1015 3281 1153 3325 numera.

166 3364 269 3419 cessat
289 3372 379 3418 omnc
402 3353 537 3417 studium
561 3363 591 3415 et
612 3353 749 3414 liberalia
769 3351 903 3429 professi
926 3352 992 3411 sine
1012 3349 1076 3410 ulla
1093 3350 1154 3408 lre-

167 3442 291 3517 quentia
307 3441 438 3503 desertis
457 3438 576 3514 angulis
594 3438 779 3513 praesident.
807 3437 836 3496 in
858 3436 1013 3496 rhetorum
1029 3448 1066 3493 ac
1087 3431 1155 3508 phi-

165 3526 365 3606 losophorum
378 3524 494 3587 scholis
509 3520 644 3584 solitudo
656 3529 717 3582 est:
737 3529 766 3583 at
779 3536 869 3597 quam
882 3519 1019 3579 celebres
1032 3517 1155 3577 culinae
