2422 3862
177 250 220 314 96
468 249 501 308 L.
523 248 670 308 ANNAEI
693 247 868 308 SENECAE

178 399 413 479 superbissimi,
449 399 673 472 crudelissimi,
709 399 1007 459 contumeliosissimi
1040 416 1155 462 sumus.

176 487 253 548 haec
264 492 363 545 tamen
377 482 533 559 praecepti
544 483 601 542 mei
614 498 732 542 summa
744 489 806 542 est=
822 482 868 542 sio
878 498 947 543 cum
959 483 1103 545 interiore
1114 485 1155 544 vi·

177 586 249 644 vas,
267 568 524 645 quemadmodum
538 574 638 628 tecum
651 567 841 642 superiorem
852 567 931 628 velis
942 565 1058 628 vivere.
1083 584 1156 645 quo-

177 655 255 715 tiens
276 655 306 713 in
328 659 459 712 mentem
480 650 610 724 venerit,
634 658 781 726 quantum
801 651 856 711 tibi
872 649 902 710 in
919 665 1042 712 servum
1058 652 1155 727 liceat,

178 738 280 798 veniat
294 739 324 797 in
340 742 470 796 mentem
484 735 670 796 tantumdem
681 733 712 795 in
723 742 754 796 te
765 734 888 796 domino
901 743 954 796 tuo
965 735 1069 796 licere.
1098 738 1157 811 „At

136 830 253 896 laege,
276 822 393 896 inquis,
417 821 533 880 nullum
550 818 649 880 habeo
666 819 852 880 dominum.“
886 799 975 880 Bona
992 827 1078 880 aetas
1094 830 1155 882 est:

177 906 304 967 forsitan
317 904 454 964 habebis.
470 903 582 974 nescis,
597 920 658 978 qua
668 909 767 964 aetate
774 902 901 964 Hecuba
913 902 1031 964 servire
1043 920 1155 981 coepe·

177 990 229 1064 rit,
253 1005 314 1066 qua
331 989 479 1062 Croesus,
496 1003 556 1064 qua
568 987 657 1048 Darei
669 995 781 1063 mater,
798 1004 859 1064 qua
874 987 997 1061 Platon,
1013 1005 1076 1063 qua
1086 989 1155 1050 Dio-

136 1082 169 1136 13
176 1081 294 1149 genesi
318 1073 397 1132 Vive
409 1088 476 1133 cum
489 1088 579 1132 servo
593 1073 765 1143 clementer,
789 1072 915 1133 comiter
927 1088 1069 1148 quoque,
1085 1082 1116 1134 et
1126 1073 1154 1133 in

77 1162 82 1168 ’
178 1173 350 1219 sermonem
371 1156 452 1216 illurn
476 1156 600 1216 admitte
615 1164 645 1217 et
659 1156 689 1215 in
708 1156 867 1216 consilium
883 1156 958 1216 etin
973 1155 1154 1218 convictum.

176 1243 243 1302 Hoc
264 1245 332 1303 loco
350 1240 532 1300 adclamabit
547 1238 621 1315 milri
634 1246 698 1300 tota
714 1257 823 1301 manus
839 1240 1054 1301 delicatorum:
1089 1241 1155 1316 „Ni-

177 1325 219 1385 hil
232 1326 291 1384 hac
304 1341 338 1384 re
352 1325 508 1398 humilius,
531 1322 607 1384 nihil
621 1325 770 1400 turpius.“
805 1325 870 1386 Hos
887 1340 945 1400 ego
961 1325 1088 1384 eosdem
1104 1325 1154 1385 de·

137 1416 170 1470 ll
179 1410 365 1485 prehendam
385 1408 553 1469 alienorum
574 1423 733 1470 servorum
754 1411 929 1489 osculantes
944 1423 1076 1469 manum.
1114 1409 1156 1469 Ne

177 1494 252 1553 illud
267 1492 390 1569 quidem
403 1493 528 1566 videtis,
551 1509 644 1568 quam
661 1509 780 1554 omnem
795 1491 938 1553 invidiam
954 1492 1087 1554 maiores
1104 1509 1155 1554 no·

178 1579 231 1639 stri
258 1578 408 1663 dominis,
438 1592 558 1637 omnem
584 1579 795 1638 contumeliam
824 1578 922 1659 servis
948 1575 1156 1656 Quaxerintt

177 1657 516 1736 Dominum‘patrem
550 1661 723 1721 familiae
755 1662 1003 1737 adpellaverunt,
1036 1677 1155 1734 servos,

178 1747 262 1822 quod
283 1747 372 1808 etiam
392 1746 422 1806 in
444 1744 543 1823 mimis
563 1745 783 1820 adhuo'duret,
806 1745 1033 1807 familiares.
1069 1746 1154 1808 Insti-

176 1838 298 1892 tuerunt
317 1831 397 1890 diem
419 1831 545 1907 festum,
574 1845 637 1890 uon
663 1844 724 1906 quo
746 1830 815 1890 solo
836 1846 904 1890 oum
925 1830 1025 1892 servis
1043 1830 1157 1891 domini

177 1921 385 1987 vescerentur,
407 1913 463 1974 sed
475 1922 536 1990 quo
553 1913 661 1989 nuque
672 1914 806 1975 honores
821 1913 880 1975 illis
892 1913 922 1973 in
934 1914 1025 1975 domo
1038 1930 1153 1990 gerere,

177 2000 225 2060 ius
249 2000 351 2059 dicere
373 1998 575 2074 permiserunt
595 2003 625 2058 et
641 1997 765 2059 domum
780 1999 923 2074 pusillam
936 1999 1155 2075 rempublicam

138 2086 248 2143 loesse
269 2081 488 2143 iudicaverunt.
525 2079 603 2155 Quid
618 2090 714 2156 ergo?
736 2098 843 2143 omnes
858 2097 968 2143 servos
983 2083 1155 2145 admovebo

177 2181 302 2226 mensae
317 2172 423 2226 meaet
444 2166 510 2226 Non
522 2165 618 2240 magis
634 2183 725 2241 quam
737 2182 843 2227 omnes
855 2165 979 2227 liberos.
1006 2167 1115 2242 Erras,
1131 2165 1156 2228 si

177 2248 334 2312 existimas
357 2265 406 2310 me
423 2250 571 2325 quosdam
590 2252 678 2325 quasi
699 2249 881 2312 sordidioris
898 2266 1013 2328 operae
1028 2252 1156 2312 reiectu-

177 2350 258 2408 rum,
284 2341 317 2394 ut
341 2341 414 2410 puta
440 2334 524 2394 illum
543 2333 707 2395 mulionem
728 2342 758 2396 et
777 2336 861 2395 illurn
881 2335 1063 2396 bubulcum=
1095 2351 1155 2397 non

178 2419 351 2479 ministeriis
367 2420 436 2480 illos
450 2418 634 2490 aestimabo,
652 2420 708 2480 sed
720 2419 866 2481 moribus.
890 2418 949 2481 sibi
961 2420 1094 2496 quisque
1106 2419 1157 2480 dat

177 2519 293 2564 mores:
323 2502 490 2564 ministeria
510 2519 602 2563 casus
624 2503 774 2579 adsignat.
816 2502 943 2579 Quidam
966 2512 1098 2565 coenent
1115 2511 1157 2564 te·

178 2604 261 2662 curn,
286 2589 357 2663 quia
378 2586 461 2661 digni
483 2593 567 2662 sunt,
590 2587 729 2663 quidam,
751 2595 785 2648 ut
799 2589 868 2648 sint.
900 2588 927 2648 si
943 2586 1016 2664 quid
1032 2588 1157 2648 enimin

177 2673 235 2731 illis
257 2688 295 2732 ex
317 2670 443 2733 sordida
465 2672 700 2733 conversatione
720 2671 833 2733 servile
853 2679 914 2748 est,
946 2672 1157 2733 honestiorum

139 2753 336 2816 loconvictus
357 2755 500 2815 excutiet.
541 2755 607 2815 Non
629 2762 690 2831 est,
719 2757 759 2816 mi
778 2756 889 2831 Lucili,
920 2757 1005 2831 quod
1027 2757 1156 2817 amicum

176 2845 291 2900 tantum
312 2837 342 2898 in
365 2839 431 2899 loro
453 2845 482 2898 et
506 2838 536 2896 in
559 2840 642 2900 curia
660 2856 808 2916 qrraeras=
835 2840 861 2901 si
876 2841 1038 2916 diligenter
1051 2841 1156 2901 adten-

177 2923 274 2995 deris,
298 2929 329 2982 et
348 2922 429 2982 dorni
448 2922 594 2984 invenies.
624 2940 718 3001 saepe
733 2924 814 2986 bona
828 2923 955 2986 materia
971 2930 1076 2985 cessat
1091 2925 1157 2985 sine

177 3006 309 3068 artifice=
331 3013 444 3081 tempta
462 3013 491 3066 et
507 3008 659 3083 experire.
696 3008 958 3082 Quemadmodum
974 3011 1086 3070 stultus
1101 3017 1157 3082 est,

178 3091 230 3166 qui
246 3107 358 3165 equum
374 3099 530 3167 empturus
542 3109 602 3152 non
616 3091 717 3168 ipsum
729 3093 865 3169 inspicit,
883 3094 939 3155 sed
951 3099 1078 3154 stratum
1091 3093 1157 3153 eius

177 3191 213 3235 ao
229 3175 348 3236 frenos:
370 3173 416 3236 sic
431 3177 629 3239 stultissimus
644 3185 705 3253 est,
723 3176 775 3253 qui
789 3177 942 3259 bominem
957 3184 1009 3238 aut
1020 3193 1061 3238 ex
1072 3186 1157 3238 veste

176 3268 229 3321 aut
249 3275 288 3320 ex
310 3260 506 3334 condicione,
537 3277 617 3338 quae
638 3262 732 3323 vestis
753 3260 846 3325 m'odo
863 3261 953 3343 nobis
970 3262 1158 3325 circumdata

136 3349 236 3417 ttest,
267 3345 415 3405 aestimat.
451 3345 587 3418 „Servus
609 3352 685 3407 est.“
721 3347 777 3409 sed
798 3349 931 3410 fortasse
951 3345 1029 3407 liber
1044 3348 1156 3408 animo.

170 3443 306 3501 „servus
328 3435 405 3491 est.“
437 3430 496 3491 hoc
518 3431 559 3491 illi
582 3430 724 3492 nocebitt
755 3433 898 3507 ostende,
926 3429 997 3510 quis
1020 3432 1156 3494 nonsit:

154 3510 373 3574 ad‘uslihr‘dr'nr'
382 3516 489 3592 servit,
509 3516 591 3580 allus
605 3517 766 3593 avaritiae,
783 3516 863 3580 alius
873 3515 1041 3590 ambituum,
1052 3532 1160 3577 omnes
