2422 3862
253 257 422 319 EPlSTUL.
437 257 531 320 Mea.
551 259 624 319 LlB.
638 260 704 319 XV.
727 260 784 320 ΕΡ.
796 270 822 322 2
840 266 912 336 (94.)
1007 263 1070 327 291

95 412 176 488 quit,
196 412 291 471 lalsas
307 411 469 485 opiniones
484 410 627 471 debonis
644 418 674 470 et
688 410 790 484 malis,
808 412 837 471 in
854 413 956 474 locum
971 422 1071 476 autem

93 512 198 556 earum
220 510 310 554 veras
331 509 463 570 repone:
492 502 523 554 et
544 493 615 553 nihil
636 494 760 556 habebit
780 496 961 571 admonitio,
987 500 1072 573 quod

94 584 194 656 agal.“
218 575 382 638 Ordinatur
397 578 464 638 sine
482 578 575 640 dubio
590 577 776 640 istaratione
789 581 922 654 animus,
939 582 994 640 sed
1011 599 1070 643 non

93 666 150 725 isla
166 671 290 723 tantum.
311 678 380 721 nam
397 662 536 738 quamvis
551 664 738 737 argumentis
753 663 914 724 collectum
930 664 977 739 sil,
992 682 1073 741 quae

93 748 175 809 bona
193 747 335 821 malaque
350 747 426 820 sint,
449 746 644 806 nihilominus
660 746 774 807 habent
790 755 955 823 praecepta
970 758 1072 824 partes

93 849 176 894 suas.
199 837 228 890 et
242 831 403 905 prudentia
420 837 450 891 et
462 831 576 891 iustitia
591 830 702 891 ciliciis
717 838 852 892 constat:
868 832 970 893 officia
984 849 1072 908 prae-

93 915 190 991 ceptis
214 915 426 989 disponunlur.
454 914 616 975 Praeterea
638 916 740 990 ipsum
763 917 803 975 de
818 915 905 975 malis
919 916 1115 992 bonisquear

92 1000 235 1060 iudicium
263 999 460 1058 confirmatur
484 998 655 1059 ciliciorum
681 1000 894 1072 exsecutione,
921 1001 1074 1076 adquam

93 1090 259 1159 praecepta
274 1083 454 1158 perducunt.
478 1090 608 1157 utraque
626 1083 705 1143 enirn
721 1084 799 1143 inter
814 1098 849 1142 se
865 1086 1073 1146 consentiunt:

80 1183 150 1228 -nee
174 1167 224 1227 illa
246 1174 378 1242 possunt
399 1166 602 1242 praeoedere,
625 1174 659 1227 ut
675 1182 738 1227 non
752 1167 829 1227 haee
845 1176 1027 1243 sequantur,
1044 1178 1075 1229 et

92 1253 169 1312 haec
190 1252 326 1311 ordinem
349 1257 520 1326 sequuntur
538 1267 637 1312 suum.
669 1251 750 1312 unde
771 1253 900 1326 adparet
914 1251 965 1312 illa
986 1270 1074 1329 prae-

93 1335 214 1396 cedere.
246 1336 407 1410 ,‚lniinita‚
429 1333 542 1410 inquit,
566 1343 730 1411 praeoepla
746 1341 847 1397 sunt.“
879 1335 1003 1397 Falsum
1018 1341 1117 1398 estio

93 1436 164 1479 nam
180 1419 219 1479 de
239 1419 379 1480 maximis
401 1436 437 1480 ac
458 1420 643 1480 necessariis
665 1420 757 1479 rebus
775 1437 836 1480 non
858 1428 929 1480 sunt
949 1420 1074 1481 infinita.

94 1513 201 1565 tenues
218 1510 317 1566 autem
334 1503 523 1565 differentias
538 1504 669 1576 habent,
692 1519 769 1578 quas
785 1503 911 1577 exigunt
925 1509 1074 1578 tempora,

96 1591 178 1659 loca,
196 1604 359 1664 personae.
390 1589 447 1649 sed
463 1588 512 1648 his
535 1602 660 1663 quoque
675 1586 786 1647 dantur
801 1593 967 1661 praecepta
982 1603 1074 1661 gene-

92 1675 177 1732 ralia.
217 1674 352 1746 „Nema
373 1672 484 1747 inquit,
507 1672 679 1746 praeceptis
703 1681 788 1731 curat
808 1670 973 1731 insaniam:
1003 1675 1117 1746 ergoad

93 1773 132 1816 ne
158 1756 298 1816 malitiam
325 1757 480 1832 quidem.“
510 1756 664 1816 Dissimile
689 1763 746 1816 est.
775 1771 845 1814 narn
872 1755 898 1815 si
923 1755 1073 1815 insaniam

94 1841 268 1913 sustuleris,
296 1841 410 1901 sanitas
434 1839 553 1899 reddita
574 1846 635 1899 est:
669 1840 696 1898 si
717 1839 812 1898 lalsas
833 1838 995 1914 opiniones
1022 1855 1072 1898 ex-

94 1924 257 1997 clusimus,
288 1941 350 1985 non
381 1925 480 1985 statim
511 1923 649 1998 sequitur
672 1923 830 1998 dispectus
857 1939 959 1982 rerum
983 1939 1074 1998 agen-

95 2008 218 2067 darum:
246 2015 277 2068 ut
297 2018 457 2083 sequatur,
480 2014 581 2068 tamen
604 2005 770 2068 admonitio
792 2006 1008 2069 conroborabit
1028 2022 1070 2066 re

95 2101 174 2152 etam
200 2091 239 2151 de
263 2093 352 2154 bonis
380 2094 531 2167 malisque
550 2093 739 2153 sententiam.
776 2091 853 2152 lllud
876 2107 1001 2167 quoque
1022 2091 1075 2151 ial-

96 2193 163 2236 sum
185 2184 247 2249 est,
269 2175 343 2236 nihil
366 2177 451 2252 apud
471 2177 598 2237 insanos
623 2176 776 2252 proficere
797 2184 972 2251 praecepta.
1007 2191 1076 2235 nam

96 2260 355 2335 quemadmodum
378 2263 445 2322 sola
462 2277 523 2322 non
545 2270 689 2337 prosunt,
716 2261 762 2320 sie
783 2261 969 2321 curationem
992 2260 1076 2320 adiu·

96 2352 177 2404 vant.
202 2352 232 2404 et
248 2344 437 2406 denuntiatio
452 2352 483 2406 et
497 2345 655 2419 castigatio
669 2346 797 2405 insanos
815 2346 959 2407 coercuit.
982 2345 1028 2404 De
1043 2344 1075 2402 il-

96 2429 133 2488 lis
148 2443 230 2488 nunc
246 2427 363 2486 insanis
378 2429 503 2502 loquor,
523 2427 634 2502 quibus
650 2445 737 2489 mens
753 2435 836 2488 mota
850 2436 913 2501 est,
929 2444 991 2487 non
1010 2441 1072 2485 ere·

97 2520 160 2586 pta.
183 2510 317 2583 ,‚Leges,
334 2510 445 2584 inquit,
460 2511 668 2585 utlaeiamus,
685 2512 771 2586 quod
783 2518 919 2585 oportet,
937 2526 1000 2571 non
1012 2507 1119 2568 eiii-37

97 2596 196 2654 ciunt:
219 2600 249 2652 et
267 2593 340 2667 quid
358 2593 439 2653 aliud
456 2599 527 2652 sunt
543 2610 634 2668 quarn
650 2594 741 2654 minis
756 2595 850 2653 mixta
866 2596 1078 2668 praeceptai“

97 2679 230 2737 Primum
252 2677 387 2738 omnium
409 2677 449 2737 ob
469 2676 529 2738 hoc
547 2677 617 2737 illae
633 2693 695 2738 non
712 2677 913 2752 persuadent,
938 2678 1011 2751 quia
1025 2676 1078 2735 rni-

99 2770 224 2834 nantur,
253 2768 283 2821 at
299 2761 377 2822 haec
392 2778 453 2823 non
469 2768 599 2836 cogunt,
621 2763 679 2822 sed
693 2768 831 2823 exorant.
861 2760 980 2821 Deinde
994 2761 1078 2836 leges

99 2863 117 2905 a
140 2848 257 2906 scelere
280 2845 448 2908 deterrent:
481 2854 647 2922 praecepta
666 2847 696 2905 in
720 2846 855 2908 cilicium
871 2846 1078 2906 adhortantur.

98 2929 154 2988 llis
171 2930 272 3005 adice,
289 2931 373 3007 quod
388 2933 473 3006 leges
489 2947 614 3008 quoque
626 2932 790 3007 proliciunt
801 2932 841 2990 ad
854 2932 955 2992 bonos
969 2946 1080 3002 mores,

100 3015 204 3089 ulique
231 3016 257 3074 si
279 3033 340 3076 non
362 3022 476 3076 tantum
497 3015 661 3091 imperant,
682 3016 739 3076 sed
762 3016 885 3076 docent.
919 3015 1123 3085 inhaereas

100 3099 250 3159 dissentio
267 3098 483 3172 aPosidonio,
501 3100 552 3174 qui
568 3117 624 3176 pro
640 3116 694 3174 eo,
710 3099 795 3175 quod
808 3099 944 3160 Platonis
961 3098 1080 3174 legibus

100 3181 220 3243 adiecta
240 3184 391 3259 principia
413 3188 498 3243 sunl:
522 3184 659 3259 „Legem
682 3184 795 3258 [enim‚
819 3187 939 3259 inquit]
956 3182 1082 3243 brevem

101 3282 173 3326 esse
200 3275 335 3340 oportet,
363 3283 423 3342 quo
449 3266 570 3328 facilius
595 3269 633 3329 alo
659 3267 797 3342 inperitis
819 3273 969 3327 teneatur.
998 3267 1083 3326 velut

100 3351 214 3410 emissa
236 3350 380 3411 divinitus
404 3367 464 3411 vox
487 3350 541 3410 sit:
562 3351 678 3423 iubeat,
700 3367 762 3411 non
777 3349 922 3424 disputet.
950 3348 1024 3409 nihil
1039 3348 1069 3407 vi

100 3435 190 3494 delur
211 3433 283 3494 mihi
305 3433 459 3510 frigidius,
485 3431 558 3494 nihil
580 3435 712 3510 ineptius
729 3450 820 3509 quam
836 3436 885 3494 lex
902 3439 995 3507 [eum]
1011 3447 1081 3507 pro-

100 3522 279 3594 logumene=
306 3518 370 3593 die,
397 3518 469 3594 quid
491 3533 540 3577 me
560 3519 636 3578 velis
658 3518 788 3579 fecisses
814 3533 876 3578 non
899 3518 1003 3640 disum
1025 3513 1082 3574 sed

867 3607 906 3662 la
