2422 3862
251 205 420 267 unsrun.
438 206 533 269 non.
554 208 626 267 nna.
638 209 689 266 1v.
712 190 846 283 nnn(
882 213 904 281 a
1022 208 1065 271 cn

94 376 159 422 esse
175 360 229 436 qui
245 367 372 421 mortem
382 361 483 420 timeat
496 375 585 435 quam
599 359 651 436 qni
663 368 859 421 senectutem.
877 378 945 421 nam
962 379 1064 437 qucrn-

94 445 256 507 admodum
273 452 417 506 seuectus
434 445 671 505 adulescentiam
690 444 842 520 sequitur,
864 444 904 508 ita
919 462 1001 506 mors
1017 463 1064 507 se-

94 536 254 592 nectutem.
278 529 382 589 vivere
397 527 493 589 noluit
507 527 559 605 qui
573 529 648 589 mori
664 545 723 589 non
736 530 808 589 vult.
833 529 892 589 vita
904 531 983 589 enim
996 547 1065 590 cum

95 613 277 689 exceptione
298 613 403 673 mortis
421 613 491 672 data
512 619 572 672 cst:
599 612 638 673 ad
653 612 731 673 hanc
746 614 813 674 itur.
838 628 929 687 quam
945 613 1014 679 idco
1030 615 1064 673 ti-

95 713 173 770 mere
189 695 344 758 dementis
360 704 421 769 cst,
450 697 521 772 quia
538 704 620 757 certa
635 704 865 771 exspectantur,
894 697 986 757 dubia
1003 713 1064 756 mc-

95 788 224 843 tuuntur.
261 781 347 841 Mors
368 780 580 842 necessitatem
600 779 692 841 habet
709 796 838 855 aequam
860 788 890 841 et
911 781 1105 842 invictamzll

96 866 160 941 quis
178 865 269 941 queri
288 871 389 940 potest
403 865 432 923 in
448 880 484 924 ea
499 864 680 925 condicione
697 880 731 925 se
747 881 832 938 esse,
854 865 883 923 in
900 881 960 941 qua
976 881 1064 926 nomo

95 965 151 1010 non
167 955 238 1010 est?
253 947 351 1024 prima
365 957 464 1009 autem
480 965 552 1023 pars
565 956 612 1009 est
629 947 789 1023 aequitatis
801 951 979 1023 aequalitas.
1003 949 1065 1009 Sed

95 1049 173 1094 nunc
192 1049 420 1108 supervacuum
436 1039 484 1093 est
499 1041 624 1094 naturae
638 1049 764 1093 causam
781 1048 887 1108 agere,
909 1049 988 1109 quae
1003 1050 1064 1094 non

95 1119 181 1178 aliam
197 1118 294 1179 noluit
314 1120 412 1192 legem
433 1125 567 1178 nostram
589 1132 770 1192 essequam
792 1133 893 1177 suam:
919 1117 1064 1193 quicquid

96 1200 275 1278 conposuit,
301 1201 441 1274 resolvit,
460 1200 605 1276 quicquid
619 1200 758 1274 resolvit,
786 1200 930 1276 conponit
948 1202 1063 1262 iterum.
1076 1203 1106 1255 tu

95 1287 155 1346 Iam
166 1301 243 1347 vero
258 1285 285 1344 si
297 1285 346 1345 cui
358 1284 490 1360 contigit,
505 1292 538 1344 ut
550 1283 632 1345 illum
644 1293 787 1346 senectus
798 1286 904 1346 leviter
917 1285 1065 1346 emitteret

96 1386 153 1431 non
168 1375 298 1445 repente
312 1371 451 1431 avulsum
468 1370 556 1441 vitae,
573 1370 629 1429 scd
644 1368 808 1430 minutatim
824 1368 1021 1431 subductum:
1045 1385 1063 1429 o

96 1471 152 1515 nae
166 1455 252 1514 iilum
268 1468 360 1533 agere
374 1454 487 1528 gratias
502 1452 550 1512 dis
566 1451 707 1514 omnibus
724 1455 820 1526 dccet,
837 1454 920 1528 quod
937 1454 1063 1517 satiatus

95 1539 133 1598 ad
146 1536 286 1613 requiem
301 1537 415 1598 homini
430 1537 644 1611 necessariam,
659 1540 743 1599 lasso
759 1544 882 1613 gratam,
899 1541 1063 1613 perductus

96 1629 150 1682 est.
173 1622 281 1682 ‘Vides
297 1622 448 1697 quosdam
463 1629 605 1697 optantes
619 1629 758 1694 mortem,
786 1622 952 1697 etquidem
968 1623 1064 1698 magis

96 1721 186 1781 quam
201 1706 303 1780 rogari
325 1706 405 1767 solet
426 1706 494 1766 vita.
517 1705 622 1766 nescio
635 1713 720 1767 nuos
736 1705 905 1765 existimem
920 1707 1064 1766 maiorem

95 1790 183 1850 nobis
196 1790 329 1851 animum
340 1791 422 1864 dare,
438 1791 490 1866 qui
506 1791 678 1865 deposcunt
691 1798 818 1850 mortem
833 1806 871 1849 an
887 1792 937 1866 qui
953 1789 1064 1850 hilares

95 1890 160 1933 eam
177 1873 333 1949 quietique
349 1875 560 1949 opperiantur,
577 1874 719 1949 quoniam
734 1874 809 1934 illud
823 1889 862 1934 ex
876 1874 960 1934 rabie
975 1874 1063 1934 inter-

96 1958 166 2018 dum
181 1972 218 2018 ac
239 1958 398 2033 repentina
417 1959 621 2033 indignatione
639 1958 686 2029 fit,
713 1957 790 2018 hacc
802 1974 840 2017 cx
854 1958 965 2018 iudicio
981 1964 1064 2018 certo

96 2042 296 2116 tranquillitas
312 2048 369 2102 est.
392 2043 472 2104 venit
486 2043 596 2117 aliquis
612 2042 649 2101 ad
665 2048 791 2103 mortem
808 2043 916 2104 iratusz
938 2048 1064 2104 mortem

95 2127 266 2186 venientem
280 2141 369 2186 nemo
385 2126 488 2187 hilaris
504 2125 630 2202 excipit,
653 2125 710 2187 nisi
733 2127 783 2202 qui
806 2143 841 2187 se
862 2127 900 2189 ad
916 2127 996 2187 iilam
1012 2127 1064 2187 diu

96 2218 336 2285 conposuerunt.
368 2210 479 2271 Fateor
498 2226 571 2285 ergo
592 2211 632 2271 ad
646 2210 798 2270 bominem
818 2211 888 2271 mihi
905 2228 1008 2272 carum
1026 2228 1062 2270 cx
1073 2222 1105 2275 13

94 2295 233 2368 pluribus
253 2310 302 2354 me
323 2294 424 2355 causis
445 2293 634 2370 frequentius
656 2296 787 2368 venisse,
817 2301 849 2356 ut
871 2297 995 2369 scirem,
1024 2311 1062 2354 an

94 2377 179 2438 ilium
195 2377 306 2439 totiens
324 2379 463 2439 eumdem
480 2379 659 2454 invenirem,
676 2379 823 2455 numquid
838 2396 907 2440 curn
923 2379 1062 2454 corporis

95 2462 211 2522 viribus
223 2463 409 2523 minueretur
421 2464 511 2523 animi
523 2464 618 2539 vigor.
633 2463 684 2539 qni
696 2463 741 2522 sic
754 2464 911 2524 crescebat
923 2464 973 2533 ilii,
987 2478 1062 2538 quo-

95 2546 185 2606 modo
201 2547 388 2607 manifestior
401 2549 496 2608 notari
509 2551 588 2608 solet
601 2548 779 2622 agitatorum
793 2547 913 2619 laetitia,
929 2562 996 2607 cum
1015 2562 1063 2606 sc-

96 2630 187 2703 ptimo
203 2631 303 2706 spatio
319 2633 438 2707 palmae
460 2632 716 2708 adpropinquant.
739 2630 866 2691 Dicebat
880 2630 1001 2705 quidem
1016 2629 1106 2698 ilie14

93 2713 216 2788 Epicuri
238 2714 411 2790 praeceptis
432 2716 623 2792 obsequens:
645 2717 795 2790 „primum
811 2731 935 2790 sperare
950 2731 985 2774 se
999 2717 1063 2776 nul·

94 2798 153 2857 lum
165 2799 302 2859 dolorem
316 2815 388 2860 esse
401 2797 429 2858 in
443 2801 493 2860 iiio
509 2808 645 2862 extremo
653 2799 800 2860 anhelitu:
817 2799 843 2859 si
859 2808 957 2860 tamen
972 2807 1063 2873 esset,

93 2880 206 2942 babere
221 2882 408 2958 aliquantum
428 2882 457 2944 in
476 2885 544 2961 ipsa
564 2884 709 2946 brevitate
724 2881 833 2944 solatii.
855 2884 970 2945 nultum
985 2884 1064 2943 enim

94 2964 231 3027 dolorem
247 2968 369 3042 longum
381 2982 467 3041 esse,
484 2967 536 3044 qui
551 2984 679 3044 magnus
693 2976 749 3030 est.
786 2966 923 3028 Ceterum
939 2984 1063 3030 succur-

94 3064 196 3110 surum
219 3050 277 3110 sibi
298 3052 388 3112 etiam
410 3052 439 3111 in
461 3052 528 3127 ipsa
552 3053 748 3113 distractione
771 3051 888 3112 animae
911 3052 1064 3127 corporis·
1128 3092 1133 3099 -

94 3149 167 3208 quc,
183 3131 211 3193 si
227 3150 296 3195 cum
311 3136 446 3196 cruciatu
461 3136 491 3194 id
506 3137 606 3209 fieret,
622 3137 792 3211 postitium
808 3137 944 3196 dotorem
961 3151 996 3196 se
1009 3134 1063 3196 do·

92 3217 154 3277 lere
167 3234 227 3279 non
245 3234 350 3295 posse.
371 3237 432 3280 non
449 3221 588 3280 dubitare
602 3227 702 3281 autem
718 3236 768 3294 se,
790 3220 862 3295 quin
879 3220 982 3280 senilis
1002 3219 1063 3278 ani·

91 3316 140 3360 mu
154 3301 184 3360 in
201 3302 307 3377 primis
323 3301 416 3364 labris
437 3310 522 3364 esset
543 3319 601 3363 nec
623 3320 734 3378 magna
752 3305 783 3365 vi
807 3303 1027 3364 distraheretur
1048 3318 1066 3362 a

93 3399 232 3461 corpore.
255 3384 355 3462 Ignis,
379 3388 429 3461 qui
445 3390 594 3448 valentem
610 3385 767 3448 materiam
785 3387 969 3465 occupauit,
986 3401 1076 3459 anua

91 3476 120 3528 ct
139 3469 289 3531 interdurn
307 3469 395 3530 ruina
410 3472 659 3551 exstinguendus
675 3483 740 3540 esta
765 3476 840 3554 iiie,
862 3472 921 3551 uui
934 3467 1096 3533 adimentis
