2422 3862
168 222 233 288 ³14
394 279 397 284 .
456 221 490 281 L.
511 220 659 288 ANNAEI
682 219 858 281 SENECAE

169 392 279 454 quam
301 373 477 450 apertius
503 389 614 449 quam
640 388 765 433 coram
786 372 928 434 Catone
952 384 1154 450 peccatum

140 468 237 527 aest.
281 458 390 520 Credat
412 459 523 533 aliquis
537 456 699 534 pecuniam
714 472 786 518 esse
807 465 960 519 versatam
979 459 1015 519 in
1037 474 1081 520 eo
1101 460 1153 519 iu·

169 544 292 617 dicio,
316 543 353 602 in
379 556 452 618 quo
478 557 568 602 reus
590 548 673 602 erat
693 540 854 603 clodius
879 542 925 602 ob
950 542 988 602 id
1008 543 1152 603 adulte·

168 629 282 701 rium,
303 626 404 702 quod
419 640 501 687 cum
516 624 1036 700 Caesarisuxoreinoperto
1059 640 1153 686 com-

169 713 331 771 miserat
351 709 514 771 violatis
536 707 798 783 religionibus
819 710 887 771 eius
901 709 1053 785 sacrificii,
1068 711 1153 786 quod

170 811 228 872 pro
252 794 368 869 populo
394 793 461 853 fieri
482 793 593 853 dicitur
615 793 661 853 sie
685 792 835 855 submotis
860 801 947 854 extra
971 802 1154 869 conseptum

171 878 313 941 omnibus
329 877 412 949 viris,
428 883 461 936 ut
476 877 613 951 picturae
625 892 750 952 quoque
761 879 967 937 masculorum
979 878 1153 939 animalium

169 965 393 1034 contegentem
420 961 505 1035 atqui
523 959 586 1021 dati
608 960 761 1021 iudicibus
782 962 894 1020 nummi
916 968 988 1021 sunt
1001 969 1045 1034 et,
1069 963 1154 1038 quod

170 1045 230 1105 hac
244 1044 417 1104 etiamnunc
432 1045 574 1118 pactione
589 1045 709 1119 turpius
730 1050 792 1118 est,
815 1053 922 1120 stupra
944 1045 1072 1120 insuper
1090 1061 1152 1106 ma·

169 1137 326 1189 uonmum
344 1135 375 1188 et
394 1127 694 1189 adolescentulorum
717 1127 863 1187 nobilium
882 1129 999 1189 stillarii
1015 1131 1084 1188 loco
1100 1145 1152 1189 ex-

142 1221 240 1281 aaeta
264 1219 344 1272 sunt.
387 1211 488 1272 Minus
515 1212 640 1271 crimine
661 1228 754 1286 quam
775 1212 969 1272 absolutione
993 1220 1152 1287 peecatum

172 1303 234 1356 est=
255 1295 396 1356 adulterii
410 1311 481 1355 reus
497 1296 646 1355 adulteria
660 1294 765 1355 divisit
779 1310 835 1355 nec
850 1304 920 1356 ante
931 1294 988 1356 luit
1001 1297 1041 1357 de
1056 1298 1153 1358 salute

172 1395 317 1449 murus,
335 1395 427 1453 quam
442 1379 556 1439 similes
574 1380 622 1438 sui
635 1378 755 1439 iudices
771 1395 846 1440 suos
861 1379 1003 1440 reddidit.
1031 1380 1108 1440 haec
1122 1381 1150 1440 iu

172 1479 210 1524 eo
226 1463 340 1523 iudicio
354 1463 435 1523 lacta
450 1471 536 1537 sunt,
557 1464 587 1522 in
604 1480 675 1538 quo,
691 1463 717 1523 sl
735 1461 807 1522 nihil
822 1463 914 1538 aliud,
931 1464 1004 1524 Cato
1021 1465 1152 1524 testimo-

171 1548 253 1608 nium
267 1547 395 1608 dixerat.
423 1546 495 1622 Ipsa
513 1563 622 1621 ponam
638 1547 743 1619 verba,
760 1547 832 1621 quia
845 1563 896 1608 res
910 1547 1003 1608 fidem
1018 1548 1152 1607 excedit:

142 1639 161 1692 4
236 1632 398 1691 Cicunorus
412 1630 625 1691 Errsrnnnnnu
640 1645 681 1692 nn
695 1636 832 1690 Amicum
848 1647 936 1690 mesa
947 1631 969 1689 l.
994 1631 1156 1692 nocerent

171 1716 215 1776 cd
228 1733 268 1788 se,
280 1718 425 1791 promsit,
441 1719 612 1788 intercessit,
626 1717 717 1776 dedit.
744 1715 813 1776 Iam
828 1732 906 1788 vcro,
922 1732 940 1776 o
954 1717 989 1776 di
1000 1715 1075 1788 doni,
1089 1731 1153 1775 rem

168 1798 340 1875 perditam!
366 1803 455 1860 etiam
475 1806 573 1861 noctes
591 1806 742 1860 certorum
762 1803 918 1860 nomicum
937 1806 1024 1874 atque
1043 1800 1153 1859 adule-

170 1888 368 1945 scentulorum
381 1885 520 1945 nobilium
534 1885 763 1946 introductiones
778 1886 928 1946 nonnullis
940 1884 1085 1944 iudicibm
1092 1899 1153 1958 pro

171 1969 317 2029 mercedis
331 1972 448 2029 minuo
460 1968 596 2041 sument.

142 2066 160 2117 5
233 2051 301 2111 Non
316 2059 407 2111 vacat
420 2051 460 2111 de
474 2052 571 2126 pretio
588 2051 690 2125 queri,
710 2052 779 2125 plus
795 2051 825 2110 in
840 2050 1074 2110 accessionibus
1089 2049 1152 2109 luit.

172 2135 248 2207 „Vis
263 2136 365 2194 severi
378 2133 459 2194 illius
476 2140 624 2194 uxoremt
642 2134 723 2195 dabo
738 2135 828 2193 illam.
852 2135 899 2193 vis
916 2132 1041 2194 divitis?
1063 2132 1153 2192 huius

172 2232 298 2292 quoque
316 2218 369 2276 tibi
385 2218 549 2291 praestabo
564 2217 768 2278 concubitum.
797 2217 977 2278 adulterium
998 2216 1058 2277 nisi
1075 2217 1153 2276 lece-

171 2300 230 2373 ris,
249 2300 371 2360 damna.
415 2301 469 2360 lllu
484 2301 629 2376 lormosa,
645 2319 736 2377 quam
752 2302 921 2375 desideras,
936 2302 1047 2360 veniet.
1074 2301 1153 2360 illius

171 2384 226 2445 tibi
246 2393 368 2445 noctem
389 2385 532 2459 promitto
554 2400 611 2445 neo
628 2385 752 2446 differo=
775 2386 851 2445 intra
866 2384 1153 2459 conperendinatio-

171 2484 242 2529 nem
264 2467 344 2528 fides
365 2468 510 2544 promissi
530 2469 589 2527 mei
611 2469 772 2529 exstabil.“
815 2468 887 2528 Plus
908 2476 957 2527 est
971 2468 1154 2528 distribuere

172 2551 322 2615 adulteria
343 2570 436 2628 quam
459 2553 577 2612 laceret
604 2552 665 2613 hoc
685 2568 760 2612 vero
780 2552 927 2611 matribus
948 2550 1081 2610 lamiliae
1102 2550 1153 2609 de·

141 2640 311 2698 enuntiare
325 2644 382 2697 est.
411 2638 450 2697 Hi
464 2636 582 2696 iudices
596 2634 732 2695 Clodiani
747 2651 766 2695 a
780 2643 888 2695 senatu
904 2636 1053 2709 petierant
1068 2648 1153 2708 prae-

173 2723 299 2791 sidium,
326 2722 410 2795 quod
431 2736 493 2780 non
514 2728 579 2780 erat
598 2718 656 2778 nisi
671 2719 858 2779 damnaturis
875 2717 1099 2788 necessarium,
1126 2724 1155 2776 et

172 2805 409 2878 inpetraverant.
431 2804 534 2878 itaque
549 2806 704 2878 eleganter
716 2804 775 2862 illis
788 2803 911 2863 Catulus
927 2802 1069 2862 absoluto
1084 2815 1154 2860 reo:

172 2886 253 2957 Quid
261 2901 319 2956 vos,
331 2883 431 2959 inquit
439 2888 627 2961 praesidium
640 2904 660 2947 u
674 2889 756 2948 nois
765 2883 931 2962 petebatis?
945 2903 985 2945 an
996 2903 1034 2945 ne
1044 2887 1157 2945 nummi

171 2970 251 3029 vobis
263 2967 475 3043 cuperentur?
496 2968 574 3030 inter
587 2971 646 3031 hos
660 2977 760 3030 tamen
777 2972 864 3031 iocos
879 2970 992 3044 inpune
1006 2969 1072 3029 tulit
1087 2975 1155 3026 ante

172 3051 316 3112 iudicium
332 3052 466 3126 adulter,
482 3054 511 3112 in
527 3054 640 3115 iudicio
654 3055 740 3128 leno,
756 3055 809 3129 qui
823 3054 1050 3113 damnationem
1065 3053 1155 3126 peius

142 3142 161 3199 t
173 3133 280 3208 effugit
304 3153 395 3210 quam
421 3137 538 3198 meruit.
582 3136 749 3212 Quicquam
776 3138 873 3198 luisse
900 3137 1075 3212 corruptius
1097 3133 1156 3193 illis

172 3218 309 3280 moribus
324 3221 434 3296 credis,
450 3221 563 3296 quibus
579 3221 674 3281 libido
689 3237 751 3282 non
764 3221 864 3281 ¹sacris
878 3220 1017 3291 inhiberi,
1034 3235 1096 3279 non
1112 3218 1156 3278 iu-

173 3301 262 3362 diciis
283 3311 417 3378 poterat,
440 3304 551 3380 quibus
573 3305 602 3364 in
617 3320 655 3364 ea
670 3306 740 3379 ipsa
755 3306 951 3380 quaestione,
974 3319 1054 3378 quae
1070 3310 1157 3362 extra

173 3386 314 3447 ordinem
327 3389 594 3451 senatusconsulto
609 3388 819 3463 exercebatur,
835 3391 904 3464 ptus
922 3404 1013 3463 quam
1028 3401 1155 3461 quaere·

172 3470 275 3546 batur,
296 3472 463 3533 admissum
486 3478 554 3534 estl
583 3473 801 3547 quaerebatur,
823 3488 862 3532 an
881 3478 954 3549 post
974 3470 1156 3531 adulterium
