2422 3862
188 237 363 300 uusuuu.
377 238 473 299 uua.
495 208 568 300 uua
579 240 660 300 vm.
683 239 739 299 uu.
753 250 778 302 1.
788 251 815 302 a
827 249 883 316 oo.
898 249 957 314 γι.)
1006 243 1067 308 mu

92 396 148 456 hoo
164 392 343 469 speciosius
361 393 571 467 spectaculum
594 393 663 467 iuit,
687 403 800 468 quanto
815 393 973 457 honestius
991 397 1068 458 mori

48 536 51 543 .
92 477 213 540 discum
231 477 374 537 homiues
389 492 481 552 quam
496 476 649 536 occidere.
671 477 749 551 Quid
765 485 860 554 ergo?
879 481 964 554 quod
975 482 1107 545 animia?

50 618 53 631 ,
92 562 200 639 perditi
217 574 346 638 quoque
363 560 510 638 [noxiosi]
525 560 653 634 habent,
678 578 736 622 nou
752 562 907 624 habebunt
921 564 971 637 ilii,
987 581 1066 638 quos

41 656 51 705 t
92 647 242 708 adversus
258 645 319 706 hos
333 660 428 707 casus
442 645 585 705 instruxit
599 644 690 720 ionga
704 646 859 707 meditatio
880 654 909 707 et
922 649 1068 723 magistra

91 747 189 792 rerum
206 730 343 792 omnium
358 731 458 789 ratio?
491 729 545 788 iiia
564 745 623 790 nos
638 728 730 789 docet
745 731 797 791 fati
813 731 914 791 varios
929 748 1001 793 esse
1016 749 1066 792 uu·

93 831 216 888 tessus,
235 815 330 875 finem
344 813 502 873 eumdem=
525 811 597 871 nihil
619 821 719 873 autem
737 815 904 888 iuteresse,
925 817 1008 877 unde
1023 819 1066 876 iu·
1168 876 1172 885 ,

93 899 182 976 cipiat
195 898 283 974 quod
299 897 392 956 venit
435 897 551 956 Eadem
569 896 620 956 ilia
631 898 708 959 ratio
723 906 841 973 mouet,
862 907 910 973 ut,
936 902 962 960 si
987 901 1108 976 iicetid

94 984 230 1045 uotiuis
247 984 323 1056 [sitae
333 982 451 1042 dolore:
472 984 501 1040 si
512 987 610 1041 autem
621 997 678 1041 aon
688 990 778 1057 potes,
796 986 945 1064 mumma]
961 1003 1066 1061 quem·

95 1068 256 1129 admodum
282 1073 372 1140 potes
398 1072 429 1124 et
449 1063 596 1140 quicquid
627 1066 800 1139 obvenerit,
833 1066 874 1126 ad
894 1070 955 1128 vim
982 1071 1066 1130 udie

95 1153 216 1212 rendam
241 1149 296 1211 tibi
321 1148 460 1209 invadas.
504 1149 687 1210 luimiosum
711 1159 758 1210 est
782 1158 870 1226 rapto
893 1152 1013 1214 vivere:
1037 1161 1068 1214 at

97 1244 197 1298 eontra
211 1232 452 1310 pulcheru'mum
467 1232 544 1292 mori
559 1241 658 1308 rapto.
694 1234 781 1293 Vale.

391 1369 608 1427 EPISTULA
628 1372 661 1425 li.
690 1373 761 1442 (71.)

342 1466 453 1517 suasca
471 1467 583 1518 Lucum
603 1479 655 1517 suo
673 1479 811 1518 assurum.

173 1569 314 1631 Subinde
328 1584 377 1628 me
392 1569 432 1630 de
446 1569 539 1629 rebus
555 1570 684 1643 singuiis
699 1569 836 1630 consulis
855 1570 966 1631 oblitus
980 1578 1066 1631 vasto
1079 1583 1092 1634 1

94 1670 147 1715 uos
164 1654 243 1714 mari
256 1653 361 1714 dividi.
386 1669 454 1713 eum
468 1669 579 1727 magna
593 1669 666 1728 pars
683 1653 803 1714 consilii
820 1653 903 1714 sitin
918 1662 1066 1728 tempore,

94 1755 222 1800 necesse
238 1745 287 1798 est
301 1737 439 1810 evenire,
462 1745 495 1797 ut
516 1737 556 1797 de
578 1736 761 1811 quibusdam
780 1737 874 1796 rebus
895 1745 966 1799 tuuc
983 1738 1023 1796 ad
1037 1744 1067 1796 te

93 1825 264 1900 perferatur
277 1821 428 1882 sententia
448 1836 530 1893 mea,
554 1836 622 1880 oum
644 1818 704 1878 iam
726 1823 876 1880 contraria
890 1820 992 1895 potior
1010 1829 1066 1882 est

93 1907 219 1968 consilia
234 1905 315 1966 enim
328 1904 421 1965 rebus
436 1913 589 1979 aptantur.
611 1919 662 1963 res
678 1913 803 1964 nostrae
815 1906 960 1978 seruntur,
975 1906 1066 1964 immo

94 1992 270 2054 volvuntur:
294 2004 368 2064 ergo
384 1988 715 2050 consiliumnusoi
731 1988 802 2048 sub
823 1989 920 2048 diem
936 1988 1065 2049 debet:

93 2077 143 2154 [et]
169 2075 233 2136 hoo
257 2089 383 2150 quoque
408 2074 497 2132 nimis
518 2072 637 2133 tardum
658 2078 720 2130 est:
742 2072 812 2131 sub
834 2090 961 2146 manu,
984 2074 1067 2148 quod

93 2160 189 2234 aiunt,
212 2164 365 2218 nascatur.
411 2156 732 2231 Quemadmodum
753 2158 1066 2218 auteminvenia-

92 2253 165 2318 tur,
181 2242 395 2304 ostendam.
417 2240 579 2315 QuotienS,
595 2240 668 2316 quid
683 2239 860 2315 fugiendum
876 2241 915 2303 sit
928 2250 982 2303 aut
993 2242 1095 2318 quida

92 2327 273 2404 petendum,
296 2327 384 2386 voles
400 2325 494 2397 seire,
513 2325 553 2383 ad
568 2340 717 2385 summum
733 2325 859 2400 bonum,
885 2333 937 2400 [et]
954 2343 1067 2402 propo-

93 2414 182 2474 situm
199 2410 293 2471 totius
310 2411 388 2469 vitae
409 2417 489 2483 tuae,
503 2411 634 2483 respice.
671 2409 711 2467 ilii
733 2410 812 2468 enim
827 2412 1000 2470 consentire
1014 2410 1067 2469 de-

92 2497 155 2571 bet,
176 2494 325 2573 quicquid
339 2493 473 2569 agimus:
496 2509 568 2552 nou
591 2491 776 2566 disponet
797 2493 966 2568 singula,
988 2494 1068 2553 nisi

94 2579 627 2641 euiiamvitaesuaesumma
646 2578 936 2651 propositaest.
967 2592 1067 2650 nemo,

94 2663 234 2740 quamvis
262 2669 388 2738 paratos
410 2661 522 2720 habeat
547 2661 683 2733 colores,
706 2659 930 2721 similitudinem
950 2660 1066 2734 reddet,

92 2748 149 2809 uisi
174 2749 235 2808 iam
261 2753 397 2819 constat,
419 2743 494 2820 quid
516 2746 587 2804 velit
616 2744 751 2818 pingere.
796 2743 866 2805 ideo
894 2761 1068 2822 peccamus,

94 2832 163 2907 quia
178 2832 218 2893 de
234 2829 372 2906 partibus
387 2830 468 2889 vitae
481 2844 589 2890 omnes
605 2828 825 2902 deliberamus,
848 2829 887 2890 de
902 2838 964 2891 tota
978 2846 1068 2891 nemo

93 2917 250 2977 deliberat.
290 2913 376 2975 Scire
390 2912 495 2984 debet,
516 2913 589 2987 quid
605 2920 688 2988 petat
702 2913 766 2984 ille,
790 2913 841 2989 qui
856 2914 994 2991 sagittam
1007 2915 1097 2975 vult3

93 3001 220 3071 mittere,
241 3005 271 3058 et
286 3005 357 3058 tuno
373 2998 504 3072 dirigere
518 3013 555 3056 ae
571 2997 722 3057 moderari
737 3013 829 3058 mauu
844 3002 946 3060 telum.
967 3007 1070 3061 errant

93 3083 222 3145 consilia
237 3089 357 3153 nostra,
379 3080 526 3157 quianon
543 3080 668 3154 habent,
693 3097 755 3156 quo
771 3081 947 3158 dirigantur.
979 3085 1069 3159 Igno·

92 3168 183 3243 tanti,
207 3182 301 3244 quem
315 3173 435 3241 portum
450 3172 548 3240 petat,
572 3165 673 3225 nuilus
696 3180 772 3225 suus
786 3174 896 3228 ventus
916 3177 972 3229 est
1017 3184 1068 3228 ne-

93 3268 184 3314 eesse
198 3260 247 3313 est
260 3251 385 3310 muitum
405 3251 435 3309 iu
450 3249 513 3309 vita
532 3258 638 3309 nostra
658 3265 749 3308 casus
772 3251 885 3325 possit,
908 3253 980 3328 quia
996 3253 1069 3311 vivi·

92 3354 160 3398 mus
176 3351 263 3397 casu.
301 3335 489 3409 Quibusdam
509 3325 617 3393 autem'
634 3334 748 3405 evenit,
771 3340 805 3393 ut
818 3337 968 3410 quaedam
989 3337 1099 3396 sciret

94 3437 128 3482 se
141 3421 291 3482 nesciant
337 3417 593 3495 quemadmodum
612 3415 788 3492 quaerimus
804 3434 899 3495 saepe
914 3437 979 3491 eos,
1002 3436 1070 3479 curn

95 3507 207 3580 quibus
226 3510 357 3577 stamus,
377 3501 420 3565 ita
438 3503 625 3580 pierumque
649 3500 745 3564 finem
765 3502 1076 3576 summiuoxix'xaao-

868 3589 930 3654 U*
