2422 3862
221 234 390 315 uersuum
404 225 498 295 Mon.
521 235 672 296 Liaxv.
692 235 788 298 aaa.
808 241 880 312 (os.)
985 238 1049 304 ³05
1072 259 1075 264 ·

60 394 248 468 poterunt
269 388 416 447 valere:
444 402 578 463 perse
605 388 849 452 inefficaces
870 400 970 455 sunt
1016 393 1089 466 Sibe

59 475 202 536 volumus
216 471 332 532 habere
347 471 498 546 obligatos
519 478 549 531 et
563 469 665 546 malis,
688 472 801 548 quibus
822 473 883 534 iam
897 481 1047 552 tenentur,

61 559 210 631 avellere,
237 555 371 629 discant,
394 554 467 630 quid
488 557 614 630 malum,
637 556 712 631 quid
732 557 846 618 bonum
867 559 915 618 sit.
949 560 1050 622 sciant

60 640 163 703 omnia
184 647 304 715 praeter
319 638 459 700 virtutem
481 646 598 699 mutare
616 655 743 713 nomen,
765 641 858 702 modo
875 643 956 703 mala
969 641 1045 717 lieri,

59 725 153 786 modo
174 724 265 785 bona.
311 722 572 797 Quemadmodum
595 724 725 798 primum
749 723 871 786 militiae
892 727 1047 788 vinculum

59 816 108 870 est
127 805 235 882 religio
258 813 288 868 et
308 807 466 881 signorum
491 822 578 867 amor
602 815 633 869 et
656 807 821 868 deserendi
845 810 948 885 netas,
973 817 1046 872 tunc

58 893 171 954 deinde
186 890 275 952 facile
292 898 393 951 cetera
404 890 566 966 exiguntur
578 891 822 968 mandanturque
835 893 1045 956 iusiurandum

58 973 193 1037 adactis:
213 974 256 1035 ita
269 975 298 1034 in
314 974 361 1049 iis,
380 992 461 1051 quos
478 975 554 1036 velis
570 977 608 1037 ad
621 976 742 1037 beatam
757 978 850 1037 vitam
864 978 1044 1054 perducere,

58 1061 157 1138 prima
185 1059 381 1119 fundamenta
408 1059 549 1119 iacienda
577 1066 649 1122 sunt
673 1068 703 1122 et
728 1059 914 1123 insinuanda
937 1063 1044 1124 virtus.

57 1145 150 1205 huius
166 1144 298 1218 quadam
315 1144 534 1219 superstitione
547 1149 716 1205 teneantur.
746 1144 826 1206 hanc
838 1152 950 1207 ament.
974 1163 1044 1207 cum

57 1229 117 1288 hac
133 1227 235 1288 vivere
251 1228 358 1298 velint,
376 1225 444 1288 sine
460 1227 519 1288 hac
535 1228 640 1289 nolint.
668 1227 767 1305 „Quid
782 1236 878 1305 crgot
899 1247 960 1291 non
977 1231 1041 1305 qui·
1052 1241 1086 1298 36

59 1311 130 1373 dam
152 1311 218 1370 sine
232 1311 419 1373 institutione
441 1312 544 1373 subtili
559 1320 729 1374 evaserunt*
742 1314 831 1389 probi
851 1328 1044 1390 magnosque

57 1397 216 1472 proiectus
238 1393 378 1456 adsecuti
403 1404 488 1470 sunt,
516 1396 587 1456 dum
609 1398 700 1458 nudis
726 1404 842 1458 tantum
868 1398 1043 1472 praeceptis

58 1481 317 1555 obsequunturt“
359 1480 484 1542 Fateor=
515 1481 572 1541 sed
592 1481 664 1540 ielix
685 1480 744 1542 illis
763 1480 918 1555 ingenium
939 1481 994 1540 luit
1014 1487 1045 1541 et

58 1564 205 1625 salutaria
227 1562 256 1623 in
276 1563 404 1625 transitu
423 1564 533 1640 rapuit.
560 1580 630 1624 nam
645 1572 679 1625 ut
693 1563 723 1623 di
737 1564 913 1623 inmortales
929 1564 1042 1623 nullam

58 1647 194 1710 didicere
216 1648 354 1708 virtutem
376 1664 443 1709 cum
464 1649 545 1707 omni
565 1648 637 1708 editi
655 1654 685 1708 et
704 1663 778 1723 pars
793 1655 920 1707 naturae
936 1663 1043 1708 eorum

58 1740 106 1792 cst
119 1734 220 1794 bonos
236 1747 321 1808 esse,
338 1733 378 1793 ita
393 1732 517 1807 quidam
532 1747 571 1790 ex
585 1730 760 1792 hominibus
776 1731 929 1806 egregiam
945 1730 1042 1793 sortiti

56 1817 191 1878 indolem
212 1815 243 1875 in
264 1831 316 1891 ea,
339 1832 419 1892 quae
439 1816 517 1875 tradi
533 1815 647 1891 solent,
669 1816 852 1891 perveniunt
867 1815 933 1876 sine
948 1817 1041 1890 longo

58 1899 232 1975 magisterio
248 1909 278 1960 et
288 1899 419 1961 honestu
431 1900 574 1974 conplexi
584 1907 662 1974 sunt,
680 1899 888 1974 cumprimum
901 1899 1040 1960 audiero:

56 1984 153 2059 (unde
168 1984 226 2045 ista
247 1992 308 2045 tam
323 1981 448 2060 rapacia
462 1983 581 2044 vimutis
596 1983 718 2059 ingenia
733 1984 781 2043 vel
796 1999 836 2042 ex
849 1999 884 2043 se
899 1980 1041 2054 tertiliat)

57 2075 87 2128 at
112 2068 170 2128 illis
196 2077 248 2130 aut
266 2067 427 2130 hebetibus
449 2075 479 2128 et
500 2067 618 2130 obtusis
639 2076 692 2129 aut
711 2069 791 2127 mala
816 2066 1041 2129 consuetudine

58 2152 197 2214 obsessis
220 2150 272 2212 diu
293 2153 401 2229 robigo
423 2153 593 2214 animorum
608 2152 776 2213 effricanda
791 2159 847 2212 est.
893 2151 1081 2226 ceterumdi

57 2243 89 2296 ut
104 2237 172 2298 illos
189 2237 218 2296 in
234 2236 347 2298 bonum
364 2254 480 2314 pronos
496 2236 584 2299 citius
599 2237 702 2300 educit
716 2238 756 2298 ad
772 2252 906 2310 summa,
930 2244 960 2298 et
979 2236 1038 2296 hos

55 2319 262 2381 inbecilliores
279 2322 434 2382 adiuvabit
447 2321 597 2398 malisque
612 2321 809 2398 opinionibus
825 2320 970 2395 extrahet,
987 2320 1039 2395 qui

54 2405 115 2465 illis
141 2405 424 2481 philosophiae
449 2406 595 2481 placita
620 2405 793 2467 tradiderit:
824 2418 1040 2480 quaequam

54 2489 134 2549 sint
154 2487 400 2562 necessaria,
421 2489 465 2549 sic
484 2489 555 2549 licet
575 2490 692 2549 videas.
737 2489 891 2562 Quaedam
906 2484 1041 2546 insident

54 2569 155 2642 nobie,
174 2585 253 2644 quae
269 2585 327 2630 nos
342 2569 382 2628 ad
397 2571 456 2630 alia
470 2572 585 2646 pigros,
600 2571 640 2631 ad
655 2572 714 2631 alia
724 2571 903 2630 temerarios
917 2568 1039 2628 iaciunt.

54 2672 113 2717 nec
132 2654 211 2714 haec
231 2653 360 2714 audacia
374 2655 498 2729 reprimi
513 2661 616 2730 potest
630 2670 687 2714 nec
702 2653 753 2712 illa
766 2650 874 2713 inertia
889 2652 1038 2727 suscitari,

55 2740 115 2800 nisi
131 2754 244 2798 causae
259 2754 364 2799 eornm
380 2740 561 2814 eximuntur,
577 2738 655 2798 ialsa
669 2734 828 2798 admiratio
843 2744 872 2797 et
887 2737 965 2797 iulsa
978 2737 1039 2797 tor·

55 2824 147 2884 mido.
171 2822 248 2883 haec
259 2840 317 2884 nos
331 2824 476 2899 quamdiu
488 2824 658 2900 possident,
671 2822 759 2882 dicas
769 2820 854 2882 licet:
869 2821 949 2897 „hoc
961 2820 1040 2897 patri

53 2914 214 2984 praestare
229 2907 335 2982 debes,
352 2907 411 2968 hoo
425 2909 538 2984 liberis,
553 2908 614 2969 hoc
627 2906 741 2982 amicis,
757 2905 817 2966 hoc
827 2905 1037 2982 hospitibus“=

55 2998 250 3067 temptantem
266 2993 392 3053 avaritia
403 2993 552 3054 retinebit.
576 2992 651 3052 sciet
662 3007 719 3067 pro
733 2991 829 3066 patria
840 2991 1038 3067 pugnandum

55 3092 142 3137 esse:
174 3075 366 3137 dissuadebit
386 3077 485 3138 timor.
519 3077 595 3137 sciet
619 3091 676 3151 pro
696 3074 802 3135 amicis
823 3075 1037 3136 desudandum

55 3176 128 3220 esse
143 3161 181 3220 ad
199 3169 366 3222 extremum
382 3178 482 3236 usque
494 3160 653 3222 sudorem=
677 3159 733 3220 sed
745 3158 872 3220 deliciae
883 3159 1037 3220 vetabunt.
1058 3233 1062 3240 .

56 3244 132 3305 sciet
146 3245 175 3303 in
192 3262 289 3306 uxore
304 3244 516 3321 gravissimum
533 3261 605 3307 esse
619 3260 717 3320 genus
732 3243 859 3304 iniuriae
872 3243 1036 3319 paelicenr=

55 3328 210 3389 sedilium
227 3330 319 3390 libido
335 3328 365 3391 in
381 3330 531 3391 contraria
548 3328 685 3406 inpingit.
720 3326 799 3388 Nihil
814 3344 888 3404 ergo
903 3327 1080 3403 proderitild

55 3414 129 3472 dare
144 3420 322 3491 praecepta,
339 3414 398 3476 nisi
413 3414 497 3490 prius
513 3413 666 3478 amoveris
681 3413 845 3474 obstatura
854 3409 1057 3485 maecenas.

55 3513 116 3557 Ποῖ)
142 3497 240 3571 ¹²²³de
261 3515 351 3574 ‘luam
370 3500 513 3578 proderit
536 3518 626 3566 arma
646 3501 681 3563 in
708 3501 896 3573 conspectu
914 3484 1081 3564 posuisse

84 3598 182 3634 srnrca
199 3600 270 3639 nuit.
288 3589 333 3643 HI.
873 3584 917 3636 au
