2422 3862
181 215 246 282 Μ
472 214 507 274 L.
528 211 676 274 ANNAEI
696 211 872 273 SENECAE

180 368 375 448 propiusque
397 366 590 440 admovisse,
615 364 672 426 nisi
694 380 809 427 usurae
828 381 938 427 manus
952 366 1169 442 expediuntur.

180 453 276 518 titud
290 459 472 529 praesepta,
487 464 568 526 quae
582 448 708 523 damus,
724 448 825 524 possit
837 449 959 510 animus
974 451 1027 526 ire,
1044 453 1168 514 solven-

136 539 241 606 asdus
262 544 320 598 est
362 535 509 596 Putemus
529 533 662 608 aliquem
683 533 801 607 lacere,
827 533 912 608 quod
938 542 1074 611 oportet:
1105 554 1167 599 non

181 623 274 684 laoiet
286 619 433 690 adsidue,
450 635 512 679 non
528 617 620 677 faciet
633 617 811 692 aequaliter.
833 618 951 680 neseiet
963 619 1055 693 enim,
1072 637 1168 695 quare

131 704 137 716 ’
181 707 282 768 faeiat.
314 703 417 778 aliqua
436 703 487 763 vel
507 717 584 762 casu
602 703 652 760 vel
678 699 897 763 exercitatione
921 702 1049 764 exibunt
1073 714 1167 781 reeta,

180 791 238 851 sed
254 804 316 850 non
332 787 390 846 erit
404 787 435 846 in
450 801 543 846 manu
556 787 673 860 regula,
688 785 728 846 ad
744 801 835 861 quam
850 785 1021 864 exigantur,
1037 789 1087 848 eui
1102 805 1166 851 ore·

180 874 234 934 dat
246 880 331 933 reeta
345 885 426 945 esse,
442 885 521 945 quae
535 869 616 930 leoit.
645 869 713 930 Non
729 869 883 946 promittet
896 886 932 930 se
945 871 1036 932 talem
1051 873 1082 932 in
1096 889 1165 950 per-

137 964 322 1033 qopetuum,
349 953 403 1030 qui
426 954 527 1015 bonus
554 969 630 1014 casu
652 960 709 1014 est.
752 953 871 1014 Deinde
892 953 1094 1029 praestabunt
1113 958 1165 1018 tibi

180 1041 316 1101 fortasse
333 1047 516 1116 praerepta,
537 1045 572 1098 ut
586 1036 671 1113 quod
687 1043 811 1113 oportet
823 1038 931 1113 facias,
949 1054 1012 1100 non
1026 1049 1164 1117 praesta·

179 1125 263 1199 bunt,
279 1131 313 1184 ut
323 1123 580 1200 quemadmodum
596 1128 732 1199 oportet:
754 1123 780 1182 si
794 1121 855 1183 hoo
867 1139 929 1184 non
944 1130 1110 1199 praestant,
1125 1125 1164 1184 ad

178 1208 407 1269 virtutemnon
434 1207 615 1282 perducunt
647 1206 738 1267 laoiet
764 1206 848 1282 quod
874 1214 997 1283 oportet
1022 1208 1163 1282 monitus,

180 1292 334 1354 eonoedoz
356 1291 414 1353 sed
427 1290 460 1351 id
474 1307 583 1366 parum
597 1296 654 1365 est,
670 1290 816 1366 quoniam
831 1291 954 1365 quidem
966 1307 1029 1352 non
1040 1289 1072 1352 in
1082 1291 1164 1353 laeto

135 1385 170 1441 41
179 1378 246 1438 laus
262 1383 325 1452 est,
341 1377 397 1436 sed
413 1373 511 1448 ineo,
529 1374 788 1450 quemadmodum
803 1375 865 1434 liat.
911 1375 988 1450 Quid
1004 1384 1053 1437 est
1067 1391 1164 1437 ooena

179 1467 361 1538 sumptuosa
375 1458 558 1534 flagitiosius
573 1465 604 1519 et
619 1466 793 1535 equestrem
806 1474 933 1520 censum
945 1466 1164 1521 consumente?

179 1546 254 1620 quid
268 1553 331 1606 tam
346 1544 470 1618 dignum
484 1544 627 1604 censoria
641 1550 729 1616 nota,
752 1543 779 1603 si
795 1545 875 1617 quis,
895 1552 929 1605 ut
941 1543 991 1604 isti
1006 1558 1164 1619 ganeones

177 1630 353 1705 loquuntur,
369 1626 427 1687 sibi
442 1626 501 1688 hoe
514 1634 545 1687 et
554 1627 646 1702 genio
659 1641 716 1688 suo
728 1633 885 1701 praestett
898 1634 930 1688 et
939 1627 1049 1688 totiens
1061 1633 1163 1686 tamen

178 1711 321 1774 sestertio
342 1711 482 1771 aditiales
502 1726 618 1772 ooenae
633 1710 847 1784 frugalissimis
863 1711 937 1772 viris
952 1711 1164 1772 constiterunt.

178 1797 287 1858 eadem
300 1811 363 1869 res,
377 1794 405 1854 si
419 1795 510 1870 gulae
525 1796 622 1866 datur,
637 1795 735 1869 turpis
751 1803 807 1869 est,
823 1795 850 1855 si
862 1795 980 1871 honori,
994 1793 1162 1871 reprehen-

177 1882 297 1942 sionem
317 1877 433 1954 effugit.
459 1895 521 1939 non
542 1878 621 1938 enim
636 1879 771 1951 luxurie,
795 1880 852 1939 sed
868 1880 1000 1956 inpensa
1014 1879 1160 1941 solemnis

133 1971 234 2031 laest.
262 1964 389 2024 Mrrllum
403 1963 534 2038 ingentis
551 1963 667 2022 formae
677 1995 721 2008 -
732 1979 829 2038 quare
843 1971 944 2025 autem
959 1978 1021 2023 non
1037 1964 1162 2039 pondus

177 2047 278 2109 adicio
300 2056 330 2108 et
350 2047 522 2122 aliquorum
539 2047 640 2122 gulam
662 2047 774 2108 inritat
796 2054 928 2122 quatuor
941 2048 1047 2123 pondo
1068 2055 1099 2108 et
1113 2063 1161 2107 se·

176 2130 284 2191 libram
299 2132 396 2192 luisse
412 2129 734 2192 aiebant-Tiberius
747 2131 861 2192 caesor
874 2131 1002 2192 missum
1018 2130 1077 2192 sibi
1093 2148 1161 2192 oum

176 2214 207 2273 in
229 2215 388 2275 macellum
411 2214 523 2274 deterri
543 2223 573 2276 et
594 2215 698 2275 venire
717 2213 876 2276 iussisset:
905 2214 1031 2291 „amiei‚
1054 2217 1160 2292 inquil,

176 2297 280 2359 omnia
299 2313 348 2357 me
368 2298 491 2373 fallunt,
511 2297 572 2359 nisi
593 2299 685 2360 istum
706 2299 832 2360 mullum
845 2307 898 2361 aut
911 2299 1041 2376 Apicius
1055 2300 1161 2361 emerit

175 2389 229 2444 aut
247 2381 280 2442 P.
303 2379 480 2443 Octavius.“
510 2383 590 2445 ultra
613 2398 701 2459 spem
722 2383 764 2444 illi
791 2383 966 2444 coniectura
990 2383 1159 2461 processit:

174 2467 279 2529 licitati
304 2473 384 2529 sunt.
416 2467 489 2528 vicit
509 2464 654 2528 Octavius
678 2475 709 2528 et
728 2467 882 2542 ingentem
905 2476 1091 2530 consecutus
1113 2473 1160 2528 est

173 2549 251 2614 inter
265 2567 341 2614 suos
352 2552 488 2627 gloriam,
504 2568 574 2613 oum
585 2553 722 2628 quinque
734 2553 883 2612 sestertiis
895 2553 1021 2614 emisset
1031 2552 1158 2629 piscem,

173 2652 265 2711 quem
281 2637 394 2699 caesar
409 2636 602 2711 vendiderat,
618 2651 658 2697 ne
673 2635 802 2710 Apicius
817 2636 940 2712 quidem
956 2644 1080 2697 emerat
1102 2653 1157 2696 nu·

171 2737 291 2781 merare
305 2728 422 2782 tantum
437 2719 563 2783 Octavio
585 2721 641 2782 luit
653 2727 757 2795 turpe=
787 2736 858 2780 nam
878 2721 943 2794 ille,
965 2720 1017 2795 qui
1033 2726 1155 2792 emerat,

172 2809 205 2862 ut
217 2802 338 2864 Tiberio
356 2804 494 2877 mitteret,
510 2820 696 2880 quamquam
710 2804 794 2864 illum
810 2819 936 2880 quoque
949 2803 1155 2879 reprehende-

172 2888 244 2960 rim,
267 2887 433 2948 admiratus
454 2894 503 2948 est
521 2906 601 2962 rem,
624 2905 685 2965 qua
704 2888 822 2964 putavit
837 2888 998 2949 caesarem
1019 2887 1154 2962 dignum.

129 2969 280 3030 manico
297 2970 407 3046 aliquIs
422 2987 515 3047 aegro
530 2973 666 3049 adsidet:
690 2973 867 3048 probamus.
889 2980 919 3032 at
931 2971 992 3033 hoe
1004 2970 1155 3032 heredita-

171 3053 211 3112 tis
226 3069 321 3114 eausa
335 3055 422 3118 laeit=
446 3059 547 3118 vultur
562 3065 618 3134 est,
634 3057 766 3117 cadaver
777 3063 946 3133 exspectat.
976 3056 1094 3116 Eadem
1104 3061 1157 3115 aut

170 3137 272 3213 tulpia
285 3146 356 3201 sunt
373 3148 424 3202 aut
436 3141 582 3202 honestem
602 3142 704 3213 refert,
723 3157 819 3217 quaro
833 3148 886 3203 aut
897 3139 1155 3215 quemadmodum

171 3221 254 3284 liant
276 3225 377 3286 omnia
391 3233 492 3287 autem
505 3225 638 3287 honesta
651 3223 734 3301 fient,
749 3224 777 3286 si
788 3225 919 3288 honesto
932 3240 991 3284 nos
1001 3221 1153 3284 addixeri-

170 3323 238 3369 mus
258 3309 353 3387 idque
372 3327 467 3371 unum
487 3311 519 3370 in
539 3310 633 3371 rebus
654 3310 795 3372 humanis
816 3310 931 3371 bonum
956 3305 1153 3368 iudiearirnus

21 3449 25 3453 ,
131 3399 311 3470 idquaeque
337 3411 376 3454 ex
397 3411 434 3456 eo
456 3403 541 3457 sunt:
570 3401 672 3455 eetera
692 3394 722 3454 in
744 3394 824 3455 diem
843 3394 926 3454 bona
948 3400 1027 3453 sunt.
1072 3391 1152 3466 Ergo

69 3554 105 3636 Ι

168 3475 284 3555 infigi
305 3478 418 3540 debet
438 3476 647 3557 persuasio
671 3479 717 3540 ad
738 3486 856 3540 totam
876 3474 1152 3555 pertinensvi·
