2422 3862
183 240 247 305 226
357 260 359 265 ·
467 239 502 300 L.
524 237 672 299 ANNAEI
694 237 870 298 SENECAE

180 409 217 454 se
232 394 351 454 fortuna
366 390 520 465 submisit,
542 390 644 451 omnia
662 391 785 466 quidem
799 390 857 451 sub
871 397 916 463 te,
940 405 1020 464 quae
1035 405 1092 463 pro
1109 406 1162 450 ex-

181 476 360 538 celsissimis
388 474 553 546 habentur,
584 475 756 550 adspicies,
782 474 838 534 sed
864 480 965 533 tamen
990 472 1096 534 venies
1122 475 1163 535 ad

181 576 299 622 summa
314 575 370 635 per
386 561 518 635 planum.
546 559 633 617 Vale.

480 693 697 752 EPISTULA
718 696 765 751 lll.
787 701 800 767 (
837 698 859 765 .)

434 789 545 842 Seneca
563 793 676 843 Lucum
696 802 749 843 suo
766 804 907 846 susurru.

150 919 165 970 1
241 896 444 971 Peperceram
464 893 517 954 tibi
539 902 568 956 et
583 893 730 971 quicquid
746 895 858 956 nodosi
872 895 973 956 adhuc
993 903 1161 972 supererat,

180 980 409 1057 praeterieram,
438 985 597 1040 contentus
623 979 712 1054 quasi
733 987 855 1054 gustum
878 980 931 1041 tibi
952 981 1027 1040 dare
1047 996 1161 1051 eorum,

181 1079 279 1140 quae
300 1063 483 1124 anostris
499 1063 697 1134 dicuntur,
718 1071 756 1123 ut
771 1064 958 1138 probetur
974 1065 1100 1124 virtus
1116 1063 1162 1122 ad

180 1147 412 1222 explendam
439 1147 588 1208 beatam
616 1148 733 1207 vitam
760 1150 848 1208 sola
876 1147 974 1208 satis
1003 1145 1161 1208 eiiicax.

178 1231 270 1292 Iubes
285 1246 334 1289 me
350 1229 496 1306 quicquid
513 1237 560 1291 est
574 1230 842 1306 interrogationum
857 1239 910 1292 aut
923 1238 1095 1291 nostrarum
1109 1236 1162 1289 aut

180 1314 221 1374 ad
251 1313 472 1374 traductionem
502 1322 639 1376 nostram
671 1316 909 1390 excogitatarum
934 1314 1161 1390 conprenderet

181 1397 266 1474 quod
281 1398 308 1458 si
324 1398 425 1458 lacere
439 1398 581 1472 voluero,
596 1415 658 1459 non
674 1399 731 1459 erit
745 1401 890 1475 epistula,
906 1401 963 1460 sed
977 1399 1062 1459 liber.
1085 1397 1164 1456 Illud

181 1483 291 1543 totiens
307 1483 913 1558 testorhoemeargumentorum
930 1497 1163 1558 generenon

181 1567 383 1627 delectari.
417 1566 516 1627 Pudet
534 1569 563 1628 in
580 1567 675 1627 aciem
692 1567 881 1629 descendere
898 1583 955 1643 pro
970 1568 1018 1627 dis
1034 1564 1162 1628 homini·

180 1650 301 1726 busque
316 1658 493 1726 susceptam
508 1653 619 1712 subula
633 1658 789 1711 armatum.

151 1757 168 1809 2
242 1734 336 1808 „Qui
363 1735 635 1811 prudensest‚
674 1743 710 1795 et
738 1742 961 1813 temperans
988 1742 1057 1797 est.
1099 1735 1164 1809 qui

180 1826 417 1894 temperans,
441 1827 556 1880 estet
576 1828 772 1880 constans.
804 1821 1071 1896 quiconstans
1087 1825 1161 1889 est,

179 1901 480 1977 inperturbatus
496 1911 564 1965 est.
588 1905 652 1978 qui
668 1902 969 1980 inperturbatus
988 1911 1061 1978 est,
1077 1902 1163 1963 sine

179 1986 433 2047 tristitiaest.
466 1985 633 2063 quisine
655 1988 912 2059 tristitiaest‚
937 1989 1073 2049 beatus
1089 1993 1162 2047 est:

179 2085 271 2143 ergo
293 2071 464 2145 prudens
485 2071 622 2132 beatus
643 2080 702 2133 est
722 2079 757 2133 et
776 2073 984 2148 prudentia
1005 2072 1051 2131 ad
1072 2072 1160 2132 bea»

180 2161 253 2214 tam
276 2153 392 2213 vitam
416 2157 514 2214 satis
536 2161 629 2215 est.“

150 2251 168 2304 3
241 2235 319 2295 Huic
341 2238 513 2299 collectioni
542 2239 602 2299 hoc
623 2240 715 2299 modo
739 2238 1010 2316 Peripateticorum
1038 2239 1162 2314 quidam

180 2320 382 2394 respondent,
407 2329 440 2383 ut
459 2323 700 2397 inperturbatum
720 2331 751 2384 et
771 2331 962 2386 constantem
981 2331 1011 2383 et
1031 2323 1098 2382 sine
1113 2323 1163 2381 tri-

181 2403 262 2465 stitia
283 2404 328 2463 sic
344 2404 592 2481 interpretentur,
614 2414 768 2482 tamquam
790 2407 1093 2483 inperturbatus
1118 2406 1164 2466 di-

181 2496 275 2562 catur,
292 2487 344 2564 qui
358 2504 428 2550 raro
445 2490 638 2564 perturbatur
651 2499 681 2552 et
695 2493 824 2566 modice,
840 2508 901 2554 non
920 2493 969 2567 qui
986 2507 1162 2565 numquam.

179 2573 251 2634 item
266 2572 349 2632 sine
363 2573 529 2635 tristitia
543 2592 611 2636 eum
627 2576 686 2635 dici
702 2575 793 2649 aiunt,
810 2577 935 2652 quinon
948 2583 996 2636 est
1008 2575 1164 2635 obnoxius

181 2657 321 2717 tristitiae
342 2674 400 2718 nec
421 2660 566 2735 frequens
588 2659 738 2720 nimiusve
758 2660 788 2719 in
803 2660 863 2724 hoe
880 2661 964 2721 vitio.
993 2659 1067 2718 illud
1083 2658 1164 2717 enim

180 2740 343 2801 humanam
355 2750 494 2802 naturam
506 2759 630 2818 negare,
639 2744 766 2804 alicuius
780 2745 912 2806 animum
926 2746 1079 2804 inmunem
1092 2757 1165 2802 esse

180 2824 309 2885 tristitia.
352 2827 521 2901 sapientem
548 2844 611 2888 non
630 2829 712 2887 vinci
732 2845 887 2904 moerore,
916 2837 1050 2889 ceterum
1071 2827 1164 2900 tangi.

153 2914 212 2974 tet
227 2915 329 2967 cetera
344 2908 374 2968 in
390 2910 471 2970 hunc
485 2912 610 2972 modum
626 2920 729 2972 sectae
744 2928 821 2973 suae
835 2912 1065 2988 respondentia.
1096 2911 1165 2972 Non

180 2991 228 3051 his
255 2993 363 3051 tollunt
392 2993 545 3069 adiectus,
574 2996 631 3056 sed
651 3003 830 3072 temperant.
860 2998 1039 3073 quantulum
1063 3002 1165 3056 autem

182 3074 314 3149 sapienti
329 3077 455 3150 damus,
472 3078 499 3138 si
515 3079 753 3140 inbecillissimis
769 3081 876 3142 sortior
888 3089 936 3142 est
949 3088 980 3141 et
994 3078 1165 3140 moestissi-

181 3159 239 3218 mis
264 3159 371 3221 laetior
396 3168 425 3221 et
449 3156 693 3225 effrenatissimis
724 3164 910 3226 moderatior
935 3172 966 3225 et
989 3163 1165 3224 humillimis

181 3243 298 3304 nraiort
324 3245 416 3319 Quid,
432 3245 458 3307 si
473 3245 596 3308 miretur
607 3248 798 3310 velocitatem
813 3267 900 3310 suam
911 3249 1015 3311 Ladas
1027 3250 1069 3309 ad
1082 3248 1165 3309 clau·

181 3327 239 3388 dos
254 3329 435 3403 debilesque
448 3330 640 3404 respiciensr

303 3414 370 3474 Illa
383 3417 430 3474 uel
442 3417 571 3476 intactae
584 3420 689 3490 sepelis
699 3433 759 3493 per
772 3434 886 3479 summa
899 3421 1014 3479 volaret

285 3502 444 3574 promeae
458 3518 517 3565 nec
528 3519 624 3565 eursu
637 3513 757 3566 teneros
770 3505 903 3565 locasset
917 3505 1036 3574 aristas,
