2422 3862
177 200 351 282 εειεεεεζ
362 220 458 284 noa.
480 222 551 285 uua
566 223 643 285 xix.
664 222 722 285 nr.
733 231 760 284 4.
772 234 798 331 εΞ
812 195 887 311 (na
900 229 975 298 m.)
1012 223 1077 291 ειε

92 372 163 435 furit
177 379 237 445 aut,
255 372 340 446 quod
353 372 450 433 lurori
467 372 565 433 simile
577 381 641 447 εει,
661 372 816 448 irascitur,
837 374 989 436 turbatum
1006 392 1079 438 esse

94 456 235 532 corporis
250 463 363 516 molum
378 471 436 517 nec
451 454 506 530 ire,
521 457 578 517 sed
594 455 687 517 lentii
708 465 821 532 quanto
837 456 897 520 hoc
914 460 1012 534 magis
1027 475 1077 524 ac-

93 541 197 601 cidere
211 540 333 614 ingcnio
349 548 455 614 putas,
477 541 562 616 quod
580 548 677 602 totum
700 540 801 602 animo
822 543 1005 618 permixtum
1020 553 1076 617 est,

93 625 132 685 ab
154 625 206 685 illo
229 623 367 698 fingitur,
392 624 435 685 illi
456 630 565 698 paret,
583 623 657 685 inde
671 625 770 699 legem
787 625 871 701 petit.
917 626 1107 701 Quomodod

92 708 298 769 Maecenas
314 708 423 768 vixerit
436 706 540 769 notius
554 715 617 782 est,
637 724 727 784 quam
747 716 781 769 ul
795 711 912 770 narrari
928 727 1010 772 nunc
1025 712 1077 772 dc·

91 793 173 866 beat,
194 793 350 868 quomodo
366 791 581 867 ambulaverit,
598 809 689 868 quam
704 791 854 855 delicatus
869 794 970 869 luerit,
986 813 1078 871 quarn

93 878 223 953 cupierit
238 875 344 949 videri,
364 893 456 951 quam
469 875 541 936 vilia
555 892 613 937 sua
626 879 721 937 latere
732 876 873 939 noluerit.
897 879 972 953 quid
983 887 1079 954 ergot

93 978 154 1023 non
179 962 276 1021 oratio
298 962 365 1020 eius
386 975 485 1035 aeque
508 961 610 1023 soluta
629 969 677 1021 εει
696 977 787 1037 quarn
802 962 871 1037 ipse
888 961 1079 1025 discinctus?
1094 997 1108 1012 .·

92 1061 153 1106 non
177 1052 237 1106 tam
258 1045 403 1118 insignita
422 1043 504 1105 illius
527 1045 621 1105 verba
641 1052 713 1105 sunt
733 1061 824 1121 quam
846 1047 962 1121 cultus,
986 1063 1078 1124 quarn

93 1130 270 1201 comitatus,
293 1145 385 1203 quarn
401 1128 526 1202 domus,
550 1145 640 1204 quam
655 1136 756 1189 aanor?
782 1130 883 1204 magni
905 1132 951 1191 vir
963 1130 1077 1207 ingenii

92 1213 199 1287 iuerat,
213 1215 240 1273 si
254 1213 329 1273 illud
340 1213 457 1287 egisset
467 1211 518 1272 via
527 1213 667 1284 rectiore,
684 1214 711 1272 si
722 1230 782 1274 non
795 1213 923 1275 vitasset
933 1213 1076 1290 intellegi,

92 1297 120 1356 si
132 1314 192 1357 non
205 1298 295 1357 etiarn
308 1297 338 1355 in
351 1296 490 1357 oratione
502 1295 664 1357 dilllueret.
682 1296 801 1358 videbis
814 1297 918 1373 itaque
929 1300 1076 1375 eloquen-

95 1381 165 1441 tiam
191 1380 267 1441 ebrii
294 1379 443 1453 hominis,
468 1379 633 1441 involutam
659 1388 691 1442 et
716 1388 865 1442 errantem
887 1388 918 1442 et
936 1383 1077 1444 licentiae

95 1466 226 1543 plenam.
269 1465 439 1526 Mnucnnns
454 1481 492 1524 εε
512 1481 601 1525 εεεεε
617 1480 682 1524 εεο.
714 1464 793 1538 Quid
810 1465 950 1539 turpiusl
984 1465 1106 1526 Amnes

91 1552 229 1624 siluisque
253 1553 323 1624 ripa
345 1551 526 1610 comantibus
546 1549 612 1608 aide
636 1552 802 1610 ulciacum
824 1550 960 1609 lintribus
980 1557 1076 1610 arent.

92 1636 233 1707 uer'sopue
247 1635 324 1694 uado
339 1636 489 1694 remittunt
501 1634 609 1694 borlas.
622 1665 665 1676 -
681 1631 779 1705 buida
800 1632 826 1691 si
842 1632 911 1705 quis

174 1717 308 1790 feminae
321 1720 473 1778 cincinnos
486 1720 601 1792 crispat
611 1723 641 1778 el
655 1717 748 1776 labris
761 1717 945 1777 columbatur

176 1805 357 1878 incipiiqne]
372 1804 537 1876 suspirans,
552 1807 585 1861 ut
596 1803 710 1862 ceruice
726 1804 807 1861 lassa
819 1798 992 1872 fanantur*

177 1888 304 1945 nemoris
316 1889 449 1961 tyranni.

92 1967 331 2029 Inremediabilis
347 1969 458 2042 factio:
479 1972 628 2030 rimantur
646 1970 742 2043 epulis
756 1970 923 2043 luponapue
937 1972 1078 2042 temptant

93 2052 193 2112 domos
218 2060 248 2112 et
270 2069 322 2128 spe
344 2060 465 2114 mortem
489 2057 614 2128 enipunt
638 2086 680 2098 -
706 2053 829 2113 Genium
849 2052 928 2126 festo
954 2054 1006 2112 viar
1024 2067 1077 2112 stro

93 2142 191 2197 testem
214 2171 257 2181 -
281 2141 410 2198 tenuisuc
434 2141 515 2198 cerci
538 2141 593 2211 pla
612 2143 642 2199 et
665 2152 821 2212 crepacem
843 2141 951 2198 molam
973 2135 1077 2209 focum
1135 2152 1138 2157 ’

94 2229 191 2280 mater
205 2227 259 2281 εει
271 2238 351 2280 uxor
365 2224 528 2283 investiant.
1057 2266 1060 2270 ι

155 2304 222 2363 Νοε
241 2304 350 2376 statim,
370 2321 438 2364 cum
453 2305 530 2366 haec
548 2304 669 2380 legeris,
684 2305 745 2365 hoe
760 2306 813 2366 tibi
832 2312 979 2378 occurret,
995 2303 1106 2370 lruncb

93 2402 181 2458 esse,
205 2388 256 2460 qui
278 2388 386 2447 solutis
403 2388 512 2448 tunicis
527 2390 558 2448 in
574 2390 650 2450 urbe
665 2404 789 2463 semper
804 2388 986 2450 incesserit?
1006 2402 1076 2446 narn

94 2470 269 2528 etiamnum
286 2470 422 2529 absentis
438 2470 579 2532 Caesaris
595 2471 731 2548 partibus
749 2473 938 2545 iungeretur,
957 2470 1077 2542 signum

93 2551 277 2612 adisoincto
294 2551 469 2627 petebatur:
490 2552 573 2613 hunc
586 2569 674 2624 esse,
699 2553 794 2626 quiin
809 2551 966 2625 tribunali,
982 2553 1011 2610 in
1027 2568 1076 2612 ro-

93 2637 180 2709 stris,
201 2637 232 2694 in
253 2635 335 2696 ornni
350 2635 472 2709 publico
495 2644 585 2698 coetu
600 2638 645 2696 sic
659 2636 849 2710 adparuerit,
870 2643 903 2697 ut
918 2634 1009 2710 pallio
1025 2649 1077 2693 ve·

92 2722 207 2781 laretur
222 2728 314 2795 caput
328 2717 464 2780 exclusis
480 2719 633 2795 utrimque
648 2719 788 2793 auribus,
807 2735 868 2779 non
883 2719 969 2778 aliter
986 2734 1077 2794 quarn

92 2804 122 2865 in
134 2806 225 2865 mimo
239 2805 349 2864 divites
362 2802 480 2878 fugitivi
492 2805 605 2865 solent:
620 2803 701 2864 hune
713 2803 850 2876 essendi
862 2810 933 2863 tunc
946 2803 1077 2864 maxime

93 2889 233 2949 civilibus
248 2887 336 2949 bellis
351 2887 559 2964 strepentibus
573 2894 604 2948 et
618 2886 748 2948 sollicita
761 2887 837 2948 urbe
853 2893 882 2947 et
894 2893 1010 2948 armata
1025 2903 1075 2949 co·

93 2973 215 3033 milatus
230 2972 280 3032 hic
295 2972 384 3033 interit
399 2971 429 3032 in
447 2972 588 3049 publico,
602 2972 760 3048 spadones
775 2972 847 3044 duo,
862 2972 960 3046 magis
975 2979 1075 3032 tamen

92 3057 148 3115 viri
164 3074 256 3131 quam
271 3056 355 3131 ipse:
380 3057 461 3118 hunc
475 3073 547 3119 esse
560 3055 611 3132 qui
624 3071 752 3116 uxorem
765 3055 884 3116 miliens
896 3056 991 3127 duxit,
1008 3071 1076 3116 curn

93 3157 184 3200 unam
207 3140 356 3201 habuerit.
400 3141 484 3202 Haec
505 3141 598 3202 verbe
619 3148 680 3201 tam
707 3139 837 3214 inprobe
862 3147 991 3213 structa,
1016 3146 1104 3203 tomi

92 3225 288 3298 neglegenter
308 3223 443 3298 abiecta,
465 3233 526 3286 tarn
546 3232 653 3286 contra
673 3224 927 3285 consuetudinem
942 3221 1076 3284 omnium

93 3308 195 3381 posita
209 3306 375 3369 ostendunt
389 3324 491 3371 mores
508 3325 633 3386 quoque
650 3325 712 3370 non
727 3307 827 3368 minus
843 3322 944 3368 noros
958 3313 989 3367 et
1005 3321 1075 3380 pra·

92 3407 150 3453 vos
165 3399 195 3451 ει
216 3393 387 3468 singulares
405 3393 511 3454 inisse.
554 3393 687 3454 Maxima
699 3395 766 3454 laus
781 3391 824 3456 illi
838 3391 978 3452 tribuitur
990 3402 1074 3447 man-

93 3472 280 3537 suetudinis=
310 3475 450 3553 pepercit
469 3476 589 3554 gladio,
610 3478 761 3552 sanguine
779 3474 925 3537 abstinuit
942 3485 1000 3532 nec
1014 3470 1076 3530 ulla
