2422 3862
380 449 414 531 l.
441 449 581 534 llllll
609 450 781 537 solacio

445 603 497 653 ΑΙ)
525 604 710 658 LUCILIUM

142 720 628 821 EPISTULARUM
670 726 1026 829 Mttllltlltl

472 893 608 957 LIBER
628 895 689 958 vn.

399 1185 617 1244 EPISTULA
643 1189 664 1243 Ι.
694 1188 765 1260 (6³.)

346 1279 456 1331 Seneca
474 1282 585 1334 Lucum
604 1293 656 1333 suo
675 1293 814 1333 sacurem.

153 1383 315 1444 Moleste
340 1384 424 1445 lero
447 1384 679 1447 decessisse
703 1387 880 1449 Flaccum
908 1386 1099 1449 amicuml

94 1475 209 1540 tuum,
232 1469 319 1542 plus
346 1475 468 1528 tamen
494 1470 770 1546 aequodolere
795 1480 831 1533 te
856 1472 956 1530 nolo.
984 1471 1067 1546 illud,

95 1560 200 1612 utnon
217 1552 338 1625 doleas,
363 1553 414 1613 vix
435 1555 555 1616 audebo
572 1556 710 1630 exigere:
733 1562 763 1615 et
782 1570 854 1616 esse
869 1554 977 1614 melius
991 1555 1067 1616 scio.

95 1636 152 1696 sed
176 1637 223 1696 cui
246 1637 304 1697 ista
329 1637 455 1698 firmitas
482 1640 573 1699 animi
600 1641 754 1714 continget
780 1640 838 1700 nisi
861 1636 920 1697 iam
942 1639 1068 1699 multum

95 1737 189 1796 supra
213 1720 364 1782 fortunam
390 1725 491 1784 elatat
512 1721 594 1783 illum
616 1739 742 1799 quoque
762 1723 821 1784 ista
840 1737 890 1781 res
906 1721 1068 1797 vellicabit,

94 1806 148 1866 sed
176 1812 290 1868 tantum
315 1807 476 1867 vellicabit.
513 1808 602 1868 nobis
618 1815 717 1868 autem
734 1807 853 1883 ignosci
875 1813 977 1882 potest
997 1823 1068 1882 pro

95 1888 190 1964 lapsis
216 1889 256 1949 ad
280 1890 436 1967 lacrimas,
456 1892 482 1953 si
503 1908 565 1953 non
592 1892 702 1952 nimiae
726 1893 939 1964 decurrerunt,
960 1890 987 1949 si
1008 1890 1069 1966 ipsi

94 1973 161 2036 illas
181 1975 396 2049 repressimus.
429 1976 491 2036 Nec
513 1976 588 2036 sicci
601 1977 661 2037 sint
673 1976 752 2038 oculi
767 1977 881 2037 amisso
897 1976 995 2036 amico
1012 1989 1069 2035 nec

93 2058 198 2119 ssuant.
218 2058 436 2122 lacrimandum
451 2067 512 2136 est,
536 2077 595 2121 non
612 2062 802 2137 plorandum.
832 2063 944 2122 Duram
959 2058 1012 2120 tibi
1027 2061 1101 2119 let

93 2158 162 2218 gem
176 2141 285 2202 videor
299 2161 427 2220 ponere,
452 2162 520 2206 cum
540 2155 699 2221 poetarum
715 2145 901 2208 Graecorum
917 2145 1068 2206 maximus

94 2227 142 2288 ius
162 2226 256 2287 flendi
280 2229 398 2290 dederit
416 2229 447 2289 in
469 2247 562 2291 unum
585 2231 742 2292 dumtaxat
757 2231 852 2305 diem,
875 2246 943 2291 cum
959 2229 1070 2290 dixerit

94 2312 183 2371 etiam
198 2312 326 2373 Niobam
341 2314 379 2373 de
401 2313 468 2374 cibo
485 2316 661 2390 cogitasset
687 2314 832 2390 Quaeris,
854 2314 936 2376 unde
951 2313 1012 2373 siut
1026 2314 1068 2372 la-

95 2388 311 2471 mentationes,
332 2397 415 2458 unde
436 2399 581 2460 inmodici
602 2398 717 2460 lletusi
740 2415 794 2475 per
817 2399 958 2458 lacrimas
979 2412 1068 2472 argu-

94 2487 195 2541 menta
211 2481 356 2541 desiderii
372 2484 547 2558 quaerimus
563 2492 592 2545 et
607 2484 744 2545 dolorem
760 2483 999 2558 consequimur,
1013 2481 1070 2541 sed

95 2565 294 2625 ostendimus.
331 2582 421 2627 nemo
441 2568 535 2627 tristis
557 2568 616 2629 sibi
630 2574 691 2628 est:
721 2584 739 2628 o
755 2567 907 2628 infelicem
922 2563 980 2626 sibi
995 2567 1069 2626 stul·

94 2649 201 2710 titiam!
225 2656 273 2710 est
288 2650 392 2726 aliqua
406 2658 436 2710 et
447 2651 563 2712 doloris
576 2651 710 2713 ambitio.
735 2650 833 2726 „Quid
846 2656 942 2724 ergot
956 2648 1068 2724 inquis,
1082 2663 1101 2720 3

95 2733 260 2795 obliviscar
275 2734 404 2795 amicit“
443 2735 573 2796 Brevem
592 2735 635 2796 illi
655 2735 738 2812 apud
758 2744 788 2796 te
803 2734 981 2795 memoriam
998 2751 1069 2810 pro-

49 2834 54 2840 ·
95 2818 201 2891 mittis,
218 2817 245 2879 si
260 2835 329 2879 cum
345 2821 452 2880 dolore
468 2836 612 2881 mansura
626 2827 687 2880 est:
709 2821 768 2880 iam
782 2819 872 2880 istam
887 2819 1016 2880 lrontenr
1031 2818 1070 2878 ad

94 2904 189 2964 risum
216 2903 369 2979 quaelibet
395 2904 516 2966 lortuita
542 2921 593 2965 res
615 2905 786 2966 transferet.
824 2920 884 2965 non
907 2902 1016 2965 differo
1038 2903 1070 2963 in

95 2989 214 3064 longius
240 2996 375 3063 tempus,
401 3006 462 3064 quo
489 2989 673 3049 desiderium
699 3004 789 3050 omne
816 2990 980 3062 mulcetur,
1008 3002 1069 3063 quo

95 3073 184 3132 ctiam
200 3072 338 3132 acerrimi
354 3074 452 3134 luctus
467 3072 613 3133 residunt.
636 3089 706 3134 cum
722 3075 851 3149 primum
861 3081 891 3133 tc
904 3073 1070 3133 observare

95 3157 240 3230 desieris,
265 3159 366 3232 imago
382 3156 442 3218 ista
456 3158 595 3218 tristitiae
609 3158 764 3218 discedet:
786 3172 868 3218 nunc
883 3157 952 3231 ipse
967 3164 1069 3217 custo·

95 3241 141 3301 dis
154 3241 292 3307 dolorem
306 3248 400 3301 tuum.
424 3241 479 3302 sed
492 3241 676 3303 custodienti
691 3258 816 3317 quoque
828 3240 957 3301 elabitur
968 3255 1069 3315 eoque

95 3325 198 3399 citius,
222 3343 283 3401 quo
303 3335 351 3386 est
365 3327 479 3398 acrior,
503 3326 624 3387 desinit.
661 3326 695 3385 ld
718 3341 861 3400 agamus,
883 3332 916 3384 ut
936 3323 1102 3384 iucundae

97 3410 184 3472 nobis
200 3411 383 3471 amissorum
398 3410 452 3471 fiat
465 3410 657 3472 recordatio·-
669 3424 763 3472 nemo
778 3409 912 3471 libenter
928 3407 1085 3465 ababuc·

93 3493 146 3563 dit,
171 3495 256 3565 qnod
278 3511 340 3555 non
362 3495 431 3559 sine
455 3505 612 3564 tormento
637 3498 841 3579 cogitaturus
862 3499 933 3555 esta
958 3480 1117 3547 suamab
