2422 3862
130 253 172 315 52
414 251 446 310 L.
469 249 616 309 ANNAEI
640 247 815 349 SENECAE

127 409 226 479 Haec,
249 404 360 480 quibus
382 402 549 464 delectatur
569 405 693 478 volgus,
717 408 838 462 tenuem
854 401 968 465 hahent
984 419 1021 462 ac
1036 418 1103 480 per·

128 490 273 553 lusoriam
296 490 496 561 voluptatem,
529 494 559 548 et
579 487 797 561 quodcumque
819 485 1012 548 invecticium
1032 503 1102 563 gau·

128 575 210 637 dium
234 581 295 647 est,
324 570 521 633 fundamento
543 579 640 632 caret:
669 570 745 642 hoc,
773 571 812 630 de
834 587 895 647 quo
916 571 1042 647 loquor,
1066 573 1105 633 ad

128 659 213 736 quod
231 666 261 720 te
283 671 378 717 conor
398 655 583 729 perducere,
613 655 745 716 solidum
766 664 827 729 est,
857 660 909 728 [et]
933 657 1017 731 quod
1034 657 1105 732 plus

98 751 115 806 6
126 750 229 820 pateat
249 742 410 802 introrsus.
451 739 528 812 Fac,
550 755 605 799 oro
627 747 672 811 te,
699 737 797 798 Lucili
817 739 989 814 carissime,
1021 740 1106 816 quod

125 845 219 889 unum
241 833 345 901 potest
366 829 418 896 [te]
440 830 599 898 praestare
620 823 753 883 felicem:
781 822 878 884 disice
903 832 932 885 et
958 827 1106 886 conculca

126 913 198 984 ista,
223 925 303 986 quae
318 908 510 970 extrinsecus
527 908 705 983 splendent,
729 922 808 981 quae
822 908 875 968 tibi
893 909 1106 983 promittuntur

126 997 165 1057 ab
191 995 250 1054 alio
275 995 324 1053 vel
345 1009 385 1052 ex
403 993 479 1051 atior
508 992 548 1051 ad
569 1008 675 1053 verum
694 992 809 1052 bonum
832 1000 939 1066 specta
954 995 1038 1054 etde
1055 1002 1105 1055 tuo

126 1080 236 1155 gaude.
260 1078 333 1154 quid
348 1082 395 1136 est
408 1084 509 1136 autem
524 1075 583 1137 hoc
599 1078 645 1137 de
659 1083 750 1136 tuot
771 1077 882 1151 teipso
896 1081 979 1139 ettui
993 1079 1106 1154 optima

126 1171 222 1238 parte.
260 1161 482 1236 Corpusculum
503 1177 642 1236 quoque,
666 1161 784 1221 etiamsi
800 1160 873 1221 nihil
887 1161 954 1222 fieri
972 1164 1039 1224 sine
1054 1162 1105 1224 illo

126 1254 243 1323 potest,
273 1246 370 1320 magis
395 1246 604 1306 necessariam
628 1260 694 1304 rem
719 1245 812 1305 crede
835 1262 926 1320 quam
948 1263 1105 1323 magnam:

126 1347 222 1392 vanas
245 1330 380 1404 subgerit
399 1331 587 1405 voluptates,
620 1328 707 1388 brevi
734 1329 951 1405 paenitendas,
985 1348 1022 1392 ac
1048 1332 1105 1392 nisi

125 1431 236 1491 magna
251 1413 460 1475 moderatione
475 1420 695 1489 temperentur,
714 1415 744 1474 in
760 1414 944 1475 contrarium
959 1416 1105 1477 abituras.

124 1501 170 1560 Ita
190 1500 275 1560 dico:
303 1499 334 1558 in
349 1498 508 1574 praecipiti
523 1498 681 1573 voluptas:
704 1499 744 1558 ad
759 1499 896 1559 dolorem
911 1501 1024 1576 vergit,
1047 1500 1106 1561 nisi

126 1584 251 1645 modum
272 1591 383 1644 teneat.
416 1583 539 1643 modum
564 1588 664 1643 autem
684 1589 788 1643 tenere
809 1583 839 1642 in
855 1599 893 1645 eo
910 1583 1035 1646 difficile
1050 1591 1120 1671 est·

127 1669 211 1744 quod
231 1668 345 1729 bonum
363 1683 435 1729 esse
452 1666 631 1726 credideris.
659 1666 723 1726 veri
737 1667 810 1728 boni
824 1667 955 1729 aviditas
970 1675 1034 1729 tuta
1051 1677 1106 1729 εει.

97 1753 204 1828 aputu
220 1753 260 1814 sit
279 1753 377 1825 istud,
397 1750 583 1826 interrogas,
608 1757 660 1811 aut
674 1751 756 1811 unde
772 1751 901 1813 subeat?
929 1753 1045 1814 dicam=
1068 1769 1106 1812 cx

125 1838 207 1898 bona
229 1835 432 1910 conscicntia,
458 1851 498 1895 ex
519 1834 657 1896 honestis
672 1834 825 1907 consiliis,
850 1852 887 1895 ex
903 1835 996 1898 rectis
1013 1838 1106 1898 actio·

125 1920 231 1993 nibus,
260 1937 300 1981 ex
324 1926 499 1995 contemptu
524 1920 731 1994 fortuitorum,
759 1935 798 1979 ex
824 1920 946 1995 placido
971 1922 1053 1983 ritae
1079 1929 1108 1981 ει

126 2005 270 2067 continuo
291 2012 399 2064 tenore
419 2019 512 2063 unam
529 2002 695 2078 prementis
710 2004 806 2063 viam:
833 2019 903 2064 nam
918 2006 976 2079 illi,
1001 2005 1107 2081 quiex

126 2089 192 2149 aliis
212 2086 381 2163 propositis
396 2087 425 2146 in
442 2087 501 2147 alia
515 2087 705 2149 transsiliunt
720 2095 771 2148 aut
784 2103 824 2148 nc
836 2090 1028 2151 transsiliunt
1042 2091 1106 2166 qui-

127 2172 212 2244 dem,
235 2172 290 2232 sed
305 2187 382 2232 casu
397 2171 530 2245 quodam
549 2173 797 2244 transmittuntur,
822 2175 979 2248 quomodo
994 2175 1108 2235 habere

128 2257 292 2331 quicquam
307 2262 422 2315 certum
438 2270 653 2317 mansurumve
667 2265 799 2331 possunt
810 2259 957 2334 suspensi
973 2267 1004 2320 et
1018 2259 1108 2334 vagit

97 2338 220 2403 &Pauci
234 2347 321 2414 sunt,
345 2340 397 2415 qui
413 2338 542 2399 consilio
560 2355 595 2400 se
609 2356 729 2416 suaque
744 2340 925 2418 disponant:
946 2344 1041 2405 ceteri
1056 2359 1106 2404 eo·

126 2440 193 2484 rum
213 2439 314 2499 more,
338 2439 418 2499 quae
434 2421 609 2484 fluminibus
630 2424 780 2499 innatant,
804 2443 866 2487 non
882 2437 971 2502 eunt,
994 2428 1051 2488 sed
1065 2429 1106 2502 [-

126 2518 242 2571 runtur.
265 2525 303 2569 ex
321 2508 432 2582 quibus
448 2507 507 2566 alia
520 2510 618 2569 lenior
631 2511 714 2589 unda
728 2511 856 2573 detinuit
868 2528 906 2572 ac
920 2513 1042 2575 mollius
1057 2527 1107 2572 ve·

97 2606 101 2620 ·
126 2594 186 2668 xit,
214 2593 274 2652 alia
296 2591 504 2651 vehementior
525 2592 640 2669 rapuit,
668 2592 728 2655 alia
747 2596 888 2671 proxima
910 2597 998 2672 ripae
1016 2613 1107 2657 cursu

126 2679 345 2751 languescente
366 2676 524 2750 deposuit,
552 2679 611 2739 alia
632 2685 752 2741 torrens
766 2680 888 2756 inpetus
903 2681 935 2740 in
950 2696 1035 2741 mare
1047 2682 1107 2742 eie·

128 2758 177 2821 cit.
213 2761 287 2820 Ideo
304 2760 551 2821 constituendum
566 2770 628 2837 est,
652 2765 726 2838 quid
743 2765 887 2839 velimuS,
903 2772 933 2826 et
945 2765 975 2825 in
988 2780 1027 2826 eo
1040 2781 1106 2842 per·

128 2844 345 2905 severendum.

98 2939 117 2995 p
190 2928 248 2987 Hic
262 2935 310 2988 est
324 2929 412 2990 locus
428 2929 569 2990 solvendi
584 2933 665 2993 aeris
680 2928 780 2991 alieni.
814 2948 946 3007 possum
962 2934 1043 2993 enim
1055 2948 1106 2993 vo·

128 3029 195 3073 cem
217 3011 269 3072 tibi
288 3012 411 3088 Epicuri
433 3014 476 3074 tui
496 3015 627 3075 reddere
642 3024 672 3077 et
690 3016 769 3076 hanc
785 3017 948 3092 epistulam
961 3017 1106 3077 liberare:

126 3096 331 3156 Molestum
356 3105 416 3158 est
444 3113 596 3175 semper
624 3101 739 3162 vitem
771 3099 970 3161 inchoare.
1005 3108 1058 3162 aut
1083 3100 1107 3160 si

127 3181 188 3240 hoc
202 3181 295 3241 modo
312 3181 409 3257 magis
425 3198 538 3244 sensus
554 3191 657 3258 potest
671 3184 816 3258 exprimi:
837 3185 935 3246 Male
956 3185 1106 3256 uiuunt,

90 3265 193 3341 toqui
221 3280 374 3341 semper
400 3268 536 3336 vivere
560 3266 766 3342 incipiunt.
807 3268 970 3344 „Quaret“
996 3270 1107 3346 inquis.

129 3346 285 3411 desiderat
299 3352 378 3411 enim
394 3352 640 3426 explanationem
655 3352 714 3412 ista
728 3369 805 3413 vox:
828 3355 899 3430 quia
912 3370 1038 3431 semper
1051 3354 1107 3414 illis

127 3433 296 3508 inperfecta
316 3436 377 3497 vita
399 3443 456 3496 est.
488 3450 550 3495 non
570 3442 794 3510 potestantem
818 3445 899 3498 stare
922 3448 1049 3515 paratus
1070 3437 1107 3499 ad

114 3525 262 3594 mortem,
293 3520 348 3597 qui
367 3520 464 3584 modo
487 3519 594 3599 incipit
612 3520 730 3582 uiuere.
758 3521 794 3581 id
815 3523 971 3596 agendum
986 3531 1054 3598 est,
1077 3529 1106 3583 ut
