2422 3862
141 227 206 292 334
425 226 459 288 L.
481 225 629 286 ANNAEI
650 224 826 286 SENECAE

139 396 178 441 eo
194 386 256 451 est,
271 395 309 439 ac
323 379 350 438 si
366 393 473 438 onrnes
487 377 568 438 idem
581 377 727 451 sentiant,
744 377 816 451 quia
831 376 914 437 aliud
928 377 1042 438 sentire
1057 395 1122 444 non

99 475 132 529 la
138 470 285 539 possunt:
307 462 347 522 ad
367 460 496 536 gloriam
516 469 569 522 aut
588 462 700 520 lamam
714 477 776 522 non
792 468 840 520 est
854 460 930 520 satis
945 460 1036 521 unius
1053 467 1121 540 opi-

139 549 200 607 nio.
227 545 288 605 illic
302 545 384 605 idem
398 551 501 620 potest
513 561 575 605 una
588 544 753 616 sententia,
777 544 861 620 quod
877 543 1025 617 omnium,
1048 548 1122 622 quia

139 629 287 700 omnium,
304 629 331 688 si
346 636 540 703 perrogatur,
556 645 618 689 una
631 629 702 688 erit=
725 627 774 687 hic
789 628 911 687 diversa
926 625 1121 692 dissimilium

138 712 252 775 iudicia
270 718 355 785 sunt,
377 712 543 773 dissimiles
563 712 714 772 adtectus.
743 711 837 771 dubia
851 711 953 771 omnia
967 712 1118 787 invenies,

139 798 231 869 levia,
247 804 403 871 suspecta.
436 801 525 870 putas
542 800 574 855 tu
590 810 687 870 posse
700 810 793 854 unam
807 792 941 856 omnium
959 810 1032 856 esse
1048 813 1118 857 scn-

137 881 288 942 tentiamt
306 896 367 940 non
390 887 437 940 εει
456 879 545 938 unius
562 895 624 938 una
638 878 804 941 sententia:
829 877 871 937 illi
886 879 987 952 placet
1001 895 1118 942 verum.

138 963 273 1024 veritatis
293 980 355 1024 una
375 963 437 1036 vie,
459 978 520 1022 una
542 961 638 1023 iacies
659 968 720 1022 est:
749 961 833 1036 apud
852 960 915 1022 hos
936 961 1015 1022 lalsa
1036 972 1117 1038 sunt,

139 1048 250 1123 quibus
271 1047 493 1108 adsentiuntur.
524 1061 692 1121 numquam
713 1051 813 1105 autem
836 1044 921 1104 salsis
946 1048 1119 1107 constantia

96 1139 200 1198 uesta
220 1129 377 1191 variantur
392 1138 422 1191 et
434 1129 596 1190 dissident.
618 1127 701 1204 „Sed
714 1131 797 1201 laus,
812 1128 925 1203 inquil,
945 1128 1020 1188 nihil
1034 1131 1118 1191 aliud

138 1229 230 1287 quarn
245 1229 307 1272 vox
323 1221 386 1272 est=
414 1229 476 1272 vox
494 1220 594 1273 autem
609 1213 722 1272 bonurn
737 1229 798 1273 non
814 1216 892 1272 est.“
923 1210 997 1272 (lum
1014 1214 1118 1277 dicant

137 1297 301 1357 claritatem
322 1310 393 1356 esse
414 1296 534 1356 laudem
557 1297 707 1356 bonorum
728 1313 747 1355 a
766 1295 856 1356 bonis
870 1295 1035 1370 redditam,
1056 1296 1117 1357 ium

136 1396 198 1440 non
213 1381 252 1439 ad
268 1394 376 1440 vocem
391 1379 539 1452 referunt,
555 1381 610 1439 sed
625 1379 665 1438 ad
680 1380 869 1440 sententiam.
892 1379 963 1439 licet
976 1381 1056 1441 enim
1071 1381 1116 1440 vir

135 1464 237 1524 bonus
261 1469 375 1534 taceat,
401 1463 457 1521 sed
482 1462 615 1536 aliquem
642 1463 756 1532 iudicet
777 1462 901 1536 dignum
921 1463 1012 1523 laude
1033 1478 1115 1538 esse,

94 1548 276 1613 inlaudatus
292 1554 348 1606 εει.
371 1546 531 1606 Praeterea
546 1546 628 1606 aliud
643 1553 691 1606 est
707 1548 808 1619 laus,
824 1546 907 1606 aliud
921 1546 1115 1608 laudatio=

135 1632 212 1692 haee
223 1638 254 1691 et
266 1646 371 1690 vocem
384 1628 492 1704 exigit:
512 1630 615 1704 itaque
627 1645 716 1690 nemo
729 1630 802 1689 dicit
813 1630 932 1690 laudem
947 1630 1116 1704 funebrem,

136 1716 192 1775 sed
217 1714 439 1786 laudationem,
465 1714 553 1773 cuius
576 1713 709 1774 olfieium
728 1713 867 1773 oratione
890 1719 1016 1773 constat.
1044 1729 1115 1773 cum

134 1798 263 1859 dicimus
286 1799 418 1873 aliquem
439 1797 530 1856 laude
553 1796 693 1871 dignum,
717 1813 777 1857 non
801 1797 896 1857 verba
915 1794 956 1856 illi
979 1794 1116 1871 benigna

133 1881 305 1955 hominum,
326 1883 383 1942 sed
403 1881 515 1941 iudicia
536 1880 747 1954 promittimus.
782 1895 856 1954 ergo
875 1881 944 1939 laus
964 1879 1055 1940 etiam
1071 1888 1114 1940 ta·

134 1965 184 2025 citi
205 1975 252 2026 est
270 1966 350 2026 bene
367 1963 527 2024 sentientis
544 1980 580 2024 ac
597 1965 711 2024 bonurn
725 1964 823 2024 virum
838 1963 922 2038 apud
937 1979 972 2022 se
987 1965 1111 2025 laudan-

92 2050 180 2113 16tis.
212 2050 345 2123 Deinde,
368 2057 399 2108 ut
419 2048 497 2121 dixi,
519 2049 560 2107 ad
581 2049 713 2109 animum
733 2049 865 2107 retertur
885 2049 970 2119 laus,
990 2064 1051 2108 non
1073 2049 1113 2107 ad

134 2132 241 2203 verba,
266 2148 344 2207 quae
356 2140 535 2206 conceptam
547 2133 667 2193 landem
678 2139 806 2206 egerunt
817 2140 847 2191 et
858 2130 887 2190 in
900 2128 1035 2192 notitiem
1049 2134 1113 2206 plu·

132 2212 210 2273 rium
226 2216 371 2274 emittunt.
399 2215 516 2288 laudat,
539 2218 590 2290 qui
607 2215 793 2276 laudandum
809 2229 881 2274 esse
893 2214 1018 2275 iudicat.
1044 2231 1114 2275 cum

132 2298 266 2372 tragicus
278 2298 328 2356 ille
340 2298 423 2373 apud
434 2315 491 2357 nos
504 2299 545 2359 ait
556 2304 745 2374 mopnifioum
754 2315 817 2359 esse
827 2299 952 2358 laudari
961 2314 981 2356 α
990 2300 1115 2360 laudato

132 2385 209 2451 viro,
224 2382 315 2442 laude
331 2381 440 2456 digno,
457 2383 505 2441 ait.
529 2391 643 2443 etcum
659 2398 757 2457 aeque
772 2381 915 2456 antiquus
931 2390 1023 2455 poeta
1038 2381 1092 2442 ait:

502 2470 734 2539 causaliter-tes,

132 2568 192 2612 non
209 2551 414 2612 laudationem
430 2547 518 2623 dicit,
541 2565 620 2625 quae
635 2549 802 2623 corrumpit
816 2555 907 2612 artes.
942 2547 1017 2608 nihil
1032 2550 1111 2608 enim

132 2651 231 2711 aeque
248 2643 277 2696 et
290 2635 494 2712 eloquentiam
516 2641 546 2694 et
561 2650 652 2694 omne
667 2634 749 2693 aliud
767 2632 900 2693 studium
917 2632 1042 2693 auribus
1060 2632 1111 2692 de-

92 2720 226 2779 riditum
251 2720 366 2781 vitiavit
391 2735 482 2794 quam
509 2718 668 2793 popularis
692 2716 848 2777 adsensio.
883 2716 978 2776 Fama
1003 2731 1112 2776 vocem

131 2802 236 2875 utique
258 2802 428 2874 desiderat,
450 2802 572 2862 claritas
593 2817 666 2861 non.
700 2806 802 2875 potest
816 2800 895 2859 enim
912 2800 986 2859 citra
1001 2814 1111 2861 vocem

81 2915 105 2925 -·
131 2884 309 2957 contingere
325 2891 467 2944 contenta
481 2886 605 2946 iudicio.
633 2887 725 2960 plena
740 2889 802 2956 est,
822 2900 882 2942 non
904 2891 1019 2944 tantum
1033 2884 1112 2942 inter

129 2966 274 3038 tacentia,
295 2967 351 3026 sed
372 2968 462 3026 etiarn
481 2969 559 3029 inter
572 2968 775 3029 reclamantis.
809 2966 886 3040 Quid
903 2967 1021 3026 intersit
1034 2968 1111 3026 inter

131 3048 294 3109 claritatem
306 3057 336 3110 et
346 3052 472 3126 gloriam
485 3053 598 3112 dicam:
622 3051 719 3126 gloria
731 3054 892 3112 multorum
904 3049 1025 3111 iudiciis
1038 3065 1110 3120 con·

89 3138 204 3206 lestat,
221 3135 341 3194 claritas
357 3136 518 3196 bonorum.
546 3136 676 3211 ‚,Cuius‚
696 3136 808 3211 inquit,
830 3135 944 3196 bonum
960 3140 1008 3194 est
1023 3134 1109 3194 clari-

129 3225 192 3290 tas,
213 3218 244 3276 id
266 3226 314 3278 est
333 3221 400 3280 leus
420 3220 504 3281 bono
522 3219 645 3280 abonis
661 3219 802 3279 reddita?
828 3227 928 3280 utrum
942 3218 1056 3277 laudati
1072 3233 1111 3276 an

129 3301 328 3361 laudantisl“
354 3303 536 3377 Utriusque:
560 3319 674 3377 meum,
698 3302 749 3379 qui
770 3304 892 3376 laudor,
914 3302 986 3377 quia
1000 3309 1111 3362 natura

128 3402 177 3447 me
196 3392 348 3446 amantem
369 3387 503 3448 omniurn
517 3387 636 3462 genuit,
659 3396 688 3449 el
709 3389 786 3447 bene
808 3386 921 3448 iecisse
942 3387 1065 3460 gaudeo
1082 3393 1112 3446 et

128 3479 232 3545 gratos
246 3485 295 3530 me
310 3469 465 3532 invenisse
480 3469 622 3533 virtulum
634 3471 816 3547 interpretes
832 3472 942 3556 laetor:
966 3469 1026 3531 hoc
1042 3470 1109 3546 pln-
