2422 3862
179 259 241 325 152
467 261 499 322 L.
520 257 668 319 ΑΝΝΑΕΙ
691 257 874 319 ΞΕΝΕΟΑΕ

481 463 698 522 EPISTULA
718 465 752 520 V.
774 466 846 535 (bb)
868 525 870 529 ,

432 559 542 610 sunnon
556 559 670 610 Lucrtro
687 571 738 610 suo
756 570 895 610 saturnu.

152 674 165 727 1
240 663 313 723 Ula
328 661 539 723 communibus
554 661 670 722 initium
687 662 809 733 faciam,
828 677 882 721 ver
898 662 1018 737 aperire
1033 679 1069 722 se
1083 679 1154 725 coe·

178 748 236 825 pit,
261 745 319 807 sed
332 745 392 806 iarn
407 745 582 806 inclinatum
596 746 626 805 in
641 753 802 820 aestatem,
818 762 879 821 quo
895 755 1035 822 tempore
1054 750 1152 809 calere

178 831 323 903 debebat,
346 829 474 904 intepuit
488 845 545 889 nec
560 830 660 889 adhuc
675 829 716 889 illi
733 829 812 889 fides
828 837 884 890 est.
913 845 1010 905 saepe
1025 831 1151 891 enimin

177 916 308 976 hiemem
328 913 508 973 revolvitur=
530 915 579 973 vis
600 914 694 986 scire,
715 928 805 989 quam
826 911 952 973 dubium
973 914 1074 975 adhuc
1094 914 1154 974 sitl

179 999 314 1060 nondum
330 1012 378 1056 me
390 997 543 1058 committo
557 996 684 1071 trigidae
700 1012 807 1057 verae:
824 996 925 1056 adhuc
939 997 1073 1072 rigorem
1086 999 1152 1058 eius

179 1084 319 1156 infringo.
356 1081 441 1155 „Hoc
467 1088 528 1153 cst,
551 1081 667 1156 inquis,
694 1097 750 1140 nec
776 1080 907 1141 calidum
931 1096 990 1140 nec
1011 1081 1152 1156 trigidum

179 1168 272 1242 pati.“
305 1166 351 1226 lta
365 1173 426 1238 est,
442 1165 482 1224 mi
498 1165 605 1225 Lucili=
620 1164 680 1223 iarn
695 1171 779 1225 aetas
792 1181 861 1225 mea
876 1171 1017 1225 contenta
1032 1173 1082 1226 est
1094 1181 1151 1225 suo

181 1251 301 1325 frigore.
335 1249 388 1309 vix
408 1249 508 1309 inedia
527 1250 680 1323 regelatur
694 1255 818 1309 aestate.
853 1249 955 1323 itaque
970 1249 1066 1309 maior
1080 1264 1151 1323 pars

150 1333 211 1393 tin
229 1333 415 1393 vestimentis
436 1332 563 1407 degitur.
598 1335 668 1406 Ago
685 1333 798 1406 gratias
817 1331 982 1406 senectuti,
1004 1332 1090 1408 quod
1104 1347 1152 1391 me

178 1418 289 1478 lectulo
314 1417 429 1481 adfixit.
467 1416 573 1492 quidni
602 1415 714 1491 gratias
742 1416 782 1475 illi
807 1416 867 1476 hoc
891 1417 1014 1475 nomine
1042 1422 1153 1490 agam?

179 1501 326 1577 quicquid
344 1500 493 1560 debebam
511 1501 607 1575 nolle,
630 1515 689 1559 non
707 1514 849 1574 possum:
873 1515 942 1559 curn
953 1498 1065 1559 libellis
1079 1498 1152 1558 mihi

178 1584 327 1661 plurimus
349 1600 451 1644 sermo
470 1591 526 1645 est.
558 1584 587 1643 si
609 1585 732 1658 quando
755 1583 980 1644 intervenerunt
1001 1583 1152 1659 epistulae

178 1676 262 1740 tuae,
286 1676 385 1729 tecum
401 1683 473 1728 esse
490 1667 562 1728 milri
578 1666 685 1726 videor
698 1673 728 1726 et
742 1668 787 1728 sic
802 1666 930 1728 adficior
944 1667 1061 1740 animo,
1077 1674 1151 1727 tam·

178 1769 270 1829 quam
285 1750 339 1813 tibi
354 1769 416 1812 non
429 1752 611 1823 rescribam,
635 1751 689 1810 sed
707 1751 922 1827 respondeam.
949 1752 1052 1827 itaque
1067 1751 1152 1810 etde

177 1838 251 1910 hoc,
275 1837 358 1912 quod
379 1835 517 1912 quaeris,
546 1834 635 1910 quasi
656 1835 825 1909 conloquar
846 1844 961 1909 tecurn,
984 1836 1076 1910 quale
1103 1834 1151 1909 sit,

148 1927 238 1980 tuna
252 1919 463 1981 scrutabimur.
500 1919 678 1993 Quaeris,
702 1918 1150 1995 anamnebonumopta·

179 2005 256 2064 bile
284 2005 349 2065 sit:
381 2003 566 2078 „sibonum
592 2009 654 2077 est,
682 2003 799 2078 inquis,
824 2004 940 2064 fortiter
965 2004 1100 2079 torqueri
1121 2011 1149 2065 et

179 2103 289 2162 magno
306 2088 406 2148 animo
420 2087 467 2148 uri
482 2095 512 2147 et
527 2086 675 2161 patienter
690 2095 861 2162 aegrotare,
879 2087 1031 2162 sequitur,
1045 2094 1080 2148 ut
1093 2088 1151 2147 ista

180 2171 325 2247 optabilia
348 2169 417 2230 sint.
453 2170 526 2231 nihil
548 2177 649 2230 autern
669 2168 760 2230 video
779 2186 818 2230 ex
838 2171 906 2231 istis
926 2178 998 2232 voto
1015 2171 1150 2246 dignum.

179 2253 330 2314 neminem
356 2262 438 2314 certe
463 2254 562 2316 adbuc
587 2254 652 2315 scio
679 2269 716 2314 eo
740 2255 862 2314 nomine
883 2262 987 2315 votum
1007 2256 1150 2328 solvisse,

179 2338 264 2414 quod
288 2337 417 2412 flagellis
443 2353 555 2398 caesus
583 2343 667 2397 esset
691 2346 742 2398 aut
768 2339 906 2413 podagra
929 2337 1076 2400 distortus
1099 2346 1152 2398 aut

122 2484 126 2490 ,
151 2423 286 2483 teculeo
299 2423 419 2498 longior
432 2423 560 2483 tactus.⁴‘
595 2420 767 2496 Distingue,
785 2422 824 2481 mi
839 2420 949 2497 Lucili,
971 2423 1044 2497 ista,
1062 2429 1092 2483 et
1106 2422 1150 2482 in·

177 2508 305 2581 telleges
316 2521 388 2566 esse
402 2505 432 2566 in
451 2506 488 2566 iis
505 2506 619 2580 aliquid
636 2506 812 2579 optandum.
840 2512 989 2567 tormenta
1005 2506 1119 2567 abesse
1133 2522 1151 2565 a

177 2590 344 2651 mavelim:
369 2591 425 2650 sed
446 2591 473 2650 si
492 2589 671 2650 sustinenda
685 2588 810 2662 luerint,
833 2597 867 2650 ut
880 2605 929 2649 me
948 2590 1052 2651 inillis
1068 2590 1150 2651 lorti·

177 2682 238 2748 ter,
261 2675 406 2748 honeste,
429 2675 566 2734 animose
586 2689 703 2748 geram,
727 2673 852 2749 optabo.
888 2673 993 2748 quidni
1012 2689 1072 2749 ego
1087 2691 1149 2733 rna-

177 2758 227 2816 lim
238 2775 301 2818 non
316 2757 453 2818 incidere
467 2756 600 2817 bellum?
621 2757 678 2817 sed
693 2756 719 2816 si
734 2757 887 2831 inciderit,
908 2764 943 2818 ut
958 2759 1100 2829 volnera,
1118 2765 1151 2816 ul

177 2842 287 2900 tamem
303 2849 333 2902 et
347 2840 464 2912 omnia,
481 2855 559 2914 quae
579 2839 726 2902 bellorum
741 2842 911 2903 necessitas
927 2842 1039 2915 adlert,
1058 2856 1149 2915 gene-

176 2939 248 2984 rose
265 2925 373 2993 leram,
390 2924 513 2997 optabo.
544 2940 609 2985 nou
624 2941 692 2985 sum
704 2933 764 2986 tam
779 2925 920 2998 demens,
943 2933 976 2986 ut
991 2931 1149 3000 aegrotare

178 3006 312 3082 cupiam:
336 3007 391 3067 sed
407 3007 433 3067 si
448 3009 665 3083 aegrotandum
680 3010 784 3082 luerit,
806 3016 840 3069 nt
854 3008 927 3069 nibil
946 3010 1148 3084 intemperan-

176 3098 236 3164 ter,
262 3091 336 3150 nihil
362 3089 533 3153 effeminate
557 3093 610 3152 fiat
635 3093 758 3167 optabo.
799 3094 843 3154 lta
870 3108 930 3152 non
956 3092 1149 3153 incommoda

179 3174 323 3250 optabilia
339 3181 424 3250 sunt,
446 3176 502 3236 sed
521 3177 631 3250 virtus,
657 3193 719 3251 qua
734 3178 925 3252 perferuntur
944 3177 1149 3237 incommoda.

151 3258 304 3333 bQuidam
320 3274 360 3319 ex
374 3261 488 3320 nostris
503 3261 676 3321 existimant
691 3261 824 3321 omnium
838 3262 966 3321 istorum
981 3263 1090 3322 fortem
1105 3269 1148 3322 to·

177 3342 333 3403 lerantiam
349 3360 411 3405 nou
426 3360 498 3405 esse
513 3342 693 3421 optabilem,
709 3345 765 3405 sed
781 3361 820 3405 ne
835 3345 1069 3406 abominandam
1083 3344 1147 3420 qni·

176 3427 259 3501 dein,
279 3428 349 3504 quia
365 3435 439 3490 voto
455 3445 565 3504 purum
586 3428 700 3489 bonnm
716 3429 777 3504 peti
798 3427 890 3489 debet
909 3434 939 3489 et
954 3429 1147 3504 tranquillum

155 3516 190 3566 et
208 3517 297 3571 extra
312 3514 492 3576 molestiam
509 3514 667 3594 positumt
689 3529 749 3591 ego
765 3512 924 3575 dissentio.
956 3518 1070 3586 dumet
1091 3511 1146 3584 pri-
