<?xml version="1.0" encoding="UTF-8"?>
<!DOCTYPE html PUBLIC "-//W3C//DTD XHTML 1.0 Transitional//EN"
    "http://www.w3.org/TR/xhtml1/DTD/xhtml1-transitional.dtd">
<html xmlns="http://www.w3.org/1999/xhtml" xml:lang="en" lang="en">
 <head>
  <title>
</title>
<meta http-equiv="Content-Type" content="text/html;charset=utf-8" />
  <meta name='ocr-system' content='tesseract 3.04.00' />
  <meta name='ocr-capabilities' content='ocr_page ocr_carea ocr_par ocr_line ocrx_word'/>
</head>
<body>
  <div class='ocr_page' id='page_1' title='image "./lannaeisenecaeo06senegoog_0453.png"; bbox 0 0 2422 3862; ppageno 0'>
   <div class='ocr_carea' id='block_1_1' title="bbox 202 683 1126 851">
    <p class='ocr_par' dir='ltr' id='par_1_1' title="bbox 202 683 1126 851">
     <span class='ocr_line' id='line_1_1' title="bbox 202 683 1126 756; baseline -0.003 -1"><span class='ocrx_word' id='word_1_1' title='bbox 202 689 245 755; x_wconf 75' lang='lat' dir='ltr'>ltu</span> <span class='ocrx_word' id='word_1_2' title='bbox 262 687 401 756; x_wconf 78' lang='lat' dir='ltr'>trustis</span> <span class='ocrx_word' id='word_1_3' title='bbox 419 688 448 755; x_wconf 69' lang='lat' dir='ltr'>li.</span> <span class='ocrx_word' id='word_1_4' title='bbox 465 687 589 756; x_wconf 73' lang='lat' dir='ltr'>illm</span> <span class='ocrx_word' id='word_1_5' title='bbox 613 686 760 754; x_wconf 71' lang='lat' dir='ltr'>summu</span> <span class='ocrx_word' id='word_1_6' title='bbox 780 685 894 752; x_wconf 77' lang='lat' dir='ltr'>ttutts</span> <span class='ocrx_word' id='word_1_7' title='bbox 912 683 1126 752; x_wconf 73' lang='lat' dir='ltr'>resumetur</span> 
     </span>
     <span class='ocr_line' id='line_1_2' title="bbox 285 780 1046 851; baseline -0.003 -3"><span class='ocrx_word' id='word_1_8' title='bbox 285 783 445 850; x_wconf 76' lang='lat' dir='ltr'>ttutttnt</span> <span class='ocrx_word' id='word_1_9' title='bbox 463 784 503 850; x_wconf 70' lang='lat' dir='ltr'>El*</span> <span class='ocrx_word' id='word_1_10' title='bbox 523 783 730 851; x_wconf 72' lang='lat' dir='ltr'>tantulum</span> <span class='ocrx_word' id='word_1_11' title='bbox 750 783 795 848; x_wconf 79' lang='lat' dir='ltr'>ul</span> <span class='ocrx_word' id='word_1_12' title='bbox 814 782 859 849; x_wconf 81' lang='lat' dir='ltr'>tls</span> <span class='ocrx_word' id='word_1_13' title='bbox 878 780 1046 847; x_wconf 72' lang='lat' dir='ltr'>stultit.</span> 
     </span>
    </p>
   </div>
   <div class='ocr_carea' id='block_1_2' title="bbox 571 949 732 958">
    <p class='ocr_par' dir='ltr' id='par_1_2' title="bbox 571 949 732 958">
     <span class='ocr_line' id='line_1_3' title="bbox 571 949 732 958; baseline -0.012 0"><span class='ocrx_word' id='word_1_14' title='bbox 571 949 732 958; x_wconf 80' lang='lat'>——-——</span> 
     </span>
    </p>
   </div>
   <div class='ocr_carea' id='block_1_3' title="bbox 638 1057 661 1115">
    <p class='ocr_par' dir='ltr' id='par_1_3' title="bbox 638 1057 661 1115">
     <span class='ocr_line' id='line_1_4' title="bbox 638 1057 661 1115; baseline 0 0"><span class='ocrx_word' id='word_1_15' title='bbox 638 1057 661 1115; x_wconf 88' lang='lat' dir='ltr'>l.</span> 
     </span>
    </p>
   </div>
   <div class='ocr_carea' id='block_1_4' title="bbox 141 1173 1153 1582">
    <p class='ocr_par' dir='ltr' id='par_1_4' title="bbox 141 1173 1153 1582">
     <span class='ocr_line' id='line_1_5' title="bbox 141 1173 1150 1246; baseline 0 -14"><span class='ocrx_word' id='word_1_16' title='bbox 141 1192 155 1245; x_wconf 85' lang='lat'><em>1</em></span> <span class='ocrx_word' id='word_1_17' title='bbox 230 1174 340 1244; x_wconf 77' lang='lat' dir='ltr'>Quintil.</span> <span class='ocrx_word' id='word_1_18' title='bbox 362 1177 453 1232; x_wconf 68' lang='lat' dir='ltr'>institi⁴</span> <span class='ocrx_word' id='word_1_19' title='bbox 474 1182 546 1233; x_wconf 84' lang='lat' dir='ltr'>orat.</span> <span class='ocrx_word' id='word_1_20' title='bbox 565 1177 608 1242; x_wconf 84' lang='grc' dir='ltr'>Χ,</span> <span class='ocrx_word' id='word_1_21' title='bbox 628 1182 658 1246; x_wconf 87' lang='grc'>1,</span> <span class='ocrx_word' id='word_1_22' title='bbox 679 1179 844 1233; x_wconf 78' lang='lat' dir='ltr'>ras—131.</span> <span class='ocrx_word' id='word_1_23' title='bbox 877 1177 921 1231; x_wconf 88' lang='lat' dir='ltr'>Ex</span> <span class='ocrx_word' id='word_1_24' title='bbox 940 1176 1080 1232; x_wconf 89' lang='lat' dir='ltr'>industria</span> <span class='ocrx_word' id='word_1_25' title='bbox 1099 1173 1150 1232; x_wconf 94' lang='lat' dir='ltr'>Se·</span> 
     </span>
     <span class='ocr_line' id='line_1_6' title="bbox 171 1260 1152 1333; baseline -0.004 -17"><span class='ocrx_word' id='word_1_26' title='bbox 171 1275 271 1316; x_wconf 80' lang='lat' dir='ltr'>necem</span> <span class='ocrx_word' id='word_1_27' title='bbox 294 1260 322 1313; x_wconf 94' lang='lat' dir='ltr'>in</span> <span class='ocrx_word' id='word_1_28' title='bbox 343 1260 419 1314; x_wconf 90' lang='lat' dir='ltr'>omni</span> <span class='ocrx_word' id='word_1_29' title='bbox 439 1276 544 1331; x_wconf 86' lang='lat' dir='ltr'>genere</span> <span class='ocrx_word' id='word_1_30' title='bbox 567 1260 743 1332; x_wconf 76' lang='lat' dir='ltr'>eloquentiae</span> <span class='ocrx_word' id='word_1_31' title='bbox 765 1260 858 1316; x_wconf 90' lang='lat' dir='ltr'>distuli</span> <span class='ocrx_word' id='word_1_32' title='bbox 874 1267 991 1333; x_wconf 90' lang='lat' dir='ltr'>propter</span> <span class='ocrx_word' id='word_1_33' title='bbox 1004 1262 1152 1332; x_wconf 76' lang='lat' dir='ltr'>vulgatam</span> 
     </span>
     <span class='ocr_line' id='line_1_7' title="bbox 171 1343 1153 1416; baseline -0.001 -18"><span class='ocrx_word' id='word_1_34' title='bbox 171 1345 240 1399; x_wconf 88' lang='lat' dir='ltr'>ialso</span> <span class='ocrx_word' id='word_1_35' title='bbox 265 1344 301 1399; x_wconf 93' lang='lat' dir='ltr'>de</span> <span class='ocrx_word' id='word_1_36' title='bbox 323 1360 368 1398; x_wconf 90' lang='lat' dir='ltr'>me</span> <span class='ocrx_word' id='word_1_37' title='bbox 386 1343 560 1415; x_wconf 83' lang='lat' dir='ltr'>opinionem,</span> <span class='ocrx_word' id='word_1_38' title='bbox 583 1344 649 1416; x_wconf 92' lang='lat' dir='ltr'>quia</span> <span class='ocrx_word' id='word_1_39' title='bbox 665 1343 800 1399; x_wconf 90' lang='lat' dir='ltr'>damnare</span> <span class='ocrx_word' id='word_1_40' title='bbox 820 1360 884 1398; x_wconf 87' lang='lat' dir='ltr'>eum</span> <span class='ocrx_word' id='word_1_41' title='bbox 900 1350 927 1400; x_wconf 87' lang='lat' dir='ltr'>et</span> <span class='ocrx_word' id='word_1_42' title='bbox 941 1345 1066 1412; x_wconf 79' lang='lat' dir='ltr'>invisum</span> <span class='ocrx_word' id='word_1_43' title='bbox 1082 1360 1153 1415; x_wconf 89' lang='lat' dir='ltr'>quo-</span> 
     </span>
     <span class='ocr_line' id='line_1_8' title="bbox 170 1426 1152 1499; baseline -0.001 -16"><span class='ocrx_word' id='word_1_44' title='bbox 170 1443 224 1499; x_wconf 92' lang='lat' dir='ltr'>que</span> <span class='ocrx_word' id='word_1_45' title='bbox 240 1426 347 1483; x_wconf 86' lang='lat' dir='ltr'>habere</span> <span class='ocrx_word' id='word_1_46' title='bbox 362 1443 424 1482; x_wconf 86' lang='lat' dir='ltr'>sum</span> <span class='ocrx_word' id='word_1_47' title='bbox 439 1427 570 1483; x_wconf 88' lang='lat' dir='ltr'>creditus.</span> <span class='ocrx_word' id='word_1_48' title='bbox 592 1427 669 1499; x_wconf 91' lang='lat' dir='ltr'>quod</span> <span class='ocrx_word' id='word_1_49' title='bbox 682 1427 783 1484; x_wconf 88' lang='lat' dir='ltr'>accidit</span> <span class='ocrx_word' id='word_1_50' title='bbox 801 1426 882 1496; x_wconf 90' lang='lat' dir='ltr'>mihi,</span> <span class='ocrx_word' id='word_1_51' title='bbox 904 1427 971 1482; x_wconf 89' lang='lat' dir='ltr'>dum</span> <span class='ocrx_word' id='word_1_52' title='bbox 987 1433 1152 1499; x_wconf 88' lang='lat' dir='ltr'>corruptum</span> 
     </span>
     <span class='ocr_line' id='line_1_9' title="bbox 170 1510 1153 1582; baseline -0.002 -16"><span class='ocrx_word' id='word_1_53' title='bbox 170 1518 197 1566; x_wconf 90' lang='lat' dir='ltr'>et</span> <span class='ocrx_word' id='word_1_54' title='bbox 211 1511 338 1567; x_wconf 90' lang='lat' dir='ltr'>omnibus</span> <span class='ocrx_word' id='word_1_55' title='bbox 353 1510 426 1567; x_wconf 90' lang='lat' dir='ltr'>vitiis</span> <span class='ocrx_word' id='word_1_56' title='bbox 439 1512 555 1566; x_wconf 89' lang='lat' dir='ltr'>tractum</span> <span class='ocrx_word' id='word_1_57' title='bbox 570 1510 683 1567; x_wconf 88' lang='lat' dir='ltr'>dicendi</span> <span class='ocrx_word' id='word_1_58' title='bbox 694 1527 784 1582; x_wconf 90' lang='lat' dir='ltr'>genus</span> <span class='ocrx_word' id='word_1_59' title='bbox 796 1527 933 1568; x_wconf 89' lang='lat' dir='ltr'>revocare</span> <span class='ocrx_word' id='word_1_60' title='bbox 949 1511 986 1566; x_wconf 93' lang='lat' dir='ltr'>ad</span> <span class='ocrx_word' id='word_1_61' title='bbox 1003 1511 1153 1567; x_wconf 82' lang='lat' dir='ltr'>severiora</span> 
     </span>
    </p>
   </div>
   <div class='ocr_carea' id='block_1_5' title="bbox 54 1593 1152 1650">
    <p class='ocr_par' dir='ltr' id='par_1_5' title="bbox 54 1593 1152 1650">
     <span class='ocr_line' id='line_1_10' title="bbox 54 1593 1152 1650; baseline 0.001 -2"><span class='ocrx_word' id='word_1_62' title='bbox 54 1630 60 1639; x_wconf 84' lang='lat'>-</span> <span class='ocrx_word' id='word_1_63' title='bbox 169 1594 273 1649; x_wconf 88' lang='lat' dir='ltr'>iudicia</span> <span class='ocrx_word' id='word_1_64' title='bbox 295 1593 449 1650; x_wconf 82' lang='lat' dir='ltr'>contendo:</span> <span class='ocrx_word' id='word_1_65' title='bbox 470 1600 528 1650; x_wconf 92' lang='lat' dir='ltr'>tum</span> <span class='ocrx_word' id='word_1_66' title='bbox 549 1600 641 1650; x_wconf 90' lang='lat' dir='ltr'>autem</span> <span class='ocrx_word' id='word_1_67' title='bbox 660 1597 737 1650; x_wconf 89' lang='lat' dir='ltr'>solus</span> <span class='ocrx_word' id='word_1_68' title='bbox 757 1593 802 1650; x_wconf 91' lang='lat' dir='ltr'>hic</span> <span class='ocrx_word' id='word_1_69' title='bbox 817 1596 874 1649; x_wconf 86' lang='lat' dir='ltr'>tere</span> <span class='ocrx_word' id='word_1_70' title='bbox 891 1595 920 1649; x_wconf 91' lang='lat' dir='ltr'>in</span> <span class='ocrx_word' id='word_1_71' title='bbox 934 1595 1066 1650; x_wconf 88' lang='lat' dir='ltr'>manibus</span> <span class='ocrx_word' id='word_1_72' title='bbox 1081 1593 1152 1649; x_wconf 92' lang='lat' dir='ltr'>ado·</span> 
     </span>
    </p>
   </div>
   <div class='ocr_carea' id='block_1_6' title="bbox 151 1677 1152 3505">
    <p class='ocr_par' dir='ltr' id='par_1_6' title="bbox 151 1677 1152 3505">
     <span class='ocr_line' id='line_1_11' title="bbox 169 1677 1150 1750; baseline -0.001 -18"><span class='ocrx_word' id='word_1_73' title='bbox 169 1677 333 1733; x_wconf 87' lang='lat' dir='ltr'>lescentium</span> <span class='ocrx_word' id='word_1_74' title='bbox 348 1677 405 1732; x_wconf 82' lang='lat' dir='ltr'>tuit</span> <span class='ocrx_word' id='word_1_75' title='bbox 428 1694 512 1750; x_wconf 88' lang='lat' dir='ltr'>quem</span> <span class='ocrx_word' id='word_1_76' title='bbox 526 1694 583 1733; x_wconf 91' lang='lat' dir='ltr'>non</span> <span class='ocrx_word' id='word_1_77' title='bbox 597 1678 729 1750; x_wconf 83' lang='lat' dir='ltr'>equidem</span> <span class='ocrx_word' id='word_1_78' title='bbox 744 1679 857 1733; x_wconf 90' lang='lat' dir='ltr'>omnino</span> <span class='ocrx_word' id='word_1_79' title='bbox 870 1680 994 1734; x_wconf 89' lang='lat' dir='ltr'>conabar</span> <span class='ocrx_word' id='word_1_80' title='bbox 1006 1682 1150 1746; x_wconf 82' lang='lat' dir='ltr'>excutere,</span> 
     </span>
     <span class='ocr_line' id='line_1_12' title="bbox 169 1761 1152 1833; baseline 0 -18"><span class='ocrx_word' id='word_1_81' title='bbox 169 1761 220 1816; x_wconf 91' lang='lat' dir='ltr'>sed</span> <span class='ocrx_word' id='word_1_82' title='bbox 239 1761 450 1832; x_wconf 86' lang='lat' dir='ltr'>potioribus</span> <span class='ocrx_word' id='word_1_83' title='bbox 474 1762 658 1833; x_wconf 81' lang='lat' dir='ltr'>praeferri</span> <span class='ocrx_word' id='word_1_84' title='bbox 680 1778 747 1816; x_wconf 93' lang='lat' dir='ltr'>non</span> <span class='ocrx_word' id='word_1_85' title='bbox 769 1762 944 1829; x_wconf 87' lang='lat' dir='ltr'>sinebam,</span> <span class='ocrx_word' id='word_1_86' title='bbox 972 1776 1063 1832; x_wconf 92' lang='lat' dir='ltr'>quos</span> <span class='ocrx_word' id='word_1_87' title='bbox 1086 1761 1152 1815; x_wconf 92' lang='lat' dir='ltr'>ille</span> 
     </span>
     <span class='ocr_line' id='line_1_13' title="bbox 169 1844 1150 1915; baseline 0.001 -18"><span class='ocrx_word' id='word_1_88' title='bbox 169 1859 236 1898; x_wconf 93' lang='lat' dir='ltr'>non</span> <span class='ocrx_word' id='word_1_89' title='bbox 251 1844 449 1899; x_wconf 76' lang='lat' dir='ltr'>destiterat</span> <span class='ocrx_word' id='word_1_90' title='bbox 464 1846 670 1914; x_wconf 90' lang='lat' dir='ltr'>incessere,</span> <span class='ocrx_word' id='word_1_91' title='bbox 689 1862 751 1900; x_wconf 89' lang='lat' dir='ltr'>cum</span> <span class='ocrx_word' id='word_1_92' title='bbox 767 1844 872 1901; x_wconf 87' lang='lat' dir='ltr'>diversi</span> <span class='ocrx_word' id='word_1_93' title='bbox 887 1845 939 1900; x_wconf 91' lang='lat' dir='ltr'>sibi</span> <span class='ocrx_word' id='word_1_94' title='bbox 954 1844 1087 1899; x_wconf 89' lang='lat' dir='ltr'>conscius</span> <span class='ocrx_word' id='word_1_95' title='bbox 1099 1861 1150 1915; x_wconf 87' lang='lat' dir='ltr'>ge-</span> 
     </span>
     <span class='ocr_line' id='line_1_14' title="bbox 169 1926 1151 2001; baseline 0.001 -21"><span class='ocrx_word' id='word_1_96' title='bbox 169 1927 245 1981; x_wconf 89' lang='lat' dir='ltr'>neris</span> <span class='ocrx_word' id='word_1_97' title='bbox 261 1928 375 1998; x_wconf 89' lang='lat' dir='ltr'>placere</span> <span class='ocrx_word' id='word_1_98' title='bbox 390 1945 421 1983; x_wconf 94' lang='lat' dir='ltr'>se</span> <span class='ocrx_word' id='word_1_99' title='bbox 437 1928 466 1982; x_wconf 90' lang='lat' dir='ltr'>in</span> <span class='ocrx_word' id='word_1_100' title='bbox 482 1928 602 1985; x_wconf 88' lang='lat' dir='ltr'>dicendo</span> <span class='ocrx_word' id='word_1_101' title='bbox 616 1945 717 2001; x_wconf 90' lang='lat' dir='ltr'>posse,</span> <span class='ocrx_word' id='word_1_102' title='bbox 734 1928 833 1999; x_wconf 91' lang='lat' dir='ltr'>quibus</span> <span class='ocrx_word' id='word_1_103' title='bbox 850 1928 888 1982; x_wconf 93' lang='lat' dir='ltr'>illi</span> <span class='ocrx_word' id='word_1_104' title='bbox 897 1929 1059 1999; x_wconf 85' lang='lat' dir='ltr'>placerent,</span> <span class='ocrx_word' id='word_1_105' title='bbox 1076 1926 1151 1983; x_wconf 87' lang='lat' dir='ltr'>diffi-</span> 
     </span>
     <span class='ocr_line' id='line_1_15' title="bbox 169 2009 1151 2084; baseline 0.001 -21"><span class='ocrx_word' id='word_1_106' title='bbox 169 2009 257 2063; x_wconf 90' lang='lat' dir='ltr'>deret.</span> <span class='ocrx_word' id='word_1_107' title='bbox 304 2011 443 2066; x_wconf 81' lang='lat' dir='ltr'>Amabant</span> <span class='ocrx_word' id='word_1_108' title='bbox 461 2020 552 2068; x_wconf 88' lang='lat' dir='ltr'>autern</span> <span class='ocrx_word' id='word_1_109' title='bbox 575 2028 639 2068; x_wconf 88' lang='lat' dir='ltr'>eum</span> <span class='ocrx_word' id='word_1_110' title='bbox 655 2012 745 2084; x_wconf 91' lang='lat' dir='ltr'>magis</span> <span class='ocrx_word' id='word_1_111' title='bbox 765 2027 849 2083; x_wconf 85' lang='lat' dir='ltr'>quarn</span> <span class='ocrx_word' id='word_1_112' title='bbox 870 2011 1064 2079; x_wconf 88' lang='lat' dir='ltr'>imitabantur,</span> <span class='ocrx_word' id='word_1_113' title='bbox 1086 2015 1151 2066; x_wconf 91' lang='lat' dir='ltr'>tan-</span> 
     </span>
     <span class='ocr_line' id='line_1_16' title="bbox 168 2093 1150 2168; baseline 0.003 -23"><span class='ocrx_word' id='word_1_114' title='bbox 168 2098 281 2162; x_wconf 88' lang='lat' dir='ltr'>tumque</span> <span class='ocrx_word' id='word_1_115' title='bbox 298 2094 332 2148; x_wconf 92' lang='lat' dir='ltr'>ab</span> <span class='ocrx_word' id='word_1_116' title='bbox 349 2111 383 2148; x_wconf 94' lang='lat' dir='ltr'>eo</span> <span class='ocrx_word' id='word_1_117' title='bbox 402 2093 578 2165; x_wconf 88' lang='lat' dir='ltr'>defluebant,</span> <span class='ocrx_word' id='word_1_118' title='bbox 594 2102 727 2168; x_wconf 87' lang='lat' dir='ltr'>quantum</span> <span class='ocrx_word' id='word_1_119' title='bbox 741 2095 786 2149; x_wconf 93' lang='lat' dir='ltr'>ille</span> <span class='ocrx_word' id='word_1_120' title='bbox 803 2095 837 2149; x_wconf 90' lang='lat' dir='ltr'>ab</span> <span class='ocrx_word' id='word_1_121' title='bbox 854 2095 973 2164; x_wconf 90' lang='lat' dir='ltr'>antiquis</span> <span class='ocrx_word' id='word_1_122' title='bbox 987 2093 1150 2149; x_wconf 78' lang='lat' dir='ltr'>descende-</span> 
     </span>
     <span class='ocr_line' id='line_1_17' title="bbox 169 2175 1151 2252; baseline 0.004 -25"><span class='ocrx_word' id='word_1_123' title='bbox 169 2180 219 2228; x_wconf 83' lang='lat' dir='ltr'>rat.</span> <span class='ocrx_word' id='word_1_124' title='bbox 242 2175 313 2230; x_wconf 88' lang='lat' dir='ltr'>toret</span> <span class='ocrx_word' id='word_1_125' title='bbox 334 2177 408 2231; x_wconf 88' lang='lat' dir='ltr'>enim</span> <span class='ocrx_word' id='word_1_126' title='bbox 430 2180 582 2249; x_wconf 90' lang='lat' dir='ltr'>optandum</span> <span class='ocrx_word' id='word_1_127' title='bbox 596 2194 682 2252; x_wconf 89' lang='lat' dir='ltr'>pares</span> <span class='ocrx_word' id='word_1_128' title='bbox 698 2184 745 2233; x_wconf 93' lang='lat' dir='ltr'>aut</span> <span class='ocrx_word' id='word_1_129' title='bbox 759 2178 856 2233; x_wconf 87' lang='lat' dir='ltr'>saltem</span> <span class='ocrx_word' id='word_1_130' title='bbox 871 2178 1017 2249; x_wconf 89' lang='lat' dir='ltr'>proximos</span> <span class='ocrx_word' id='word_1_131' title='bbox 1033 2177 1072 2232; x_wconf 93' lang='lat' dir='ltr'>illi</span> <span class='ocrx_word' id='word_1_132' title='bbox 1086 2177 1151 2232; x_wconf 88' lang='lat' dir='ltr'>viro</span> 
     </span>
     <span class='ocr_line' id='line_1_18' title="bbox 168 2255 1151 2334; baseline 0.004 -25"><span class='ocrx_word' id='word_1_133' title='bbox 168 2255 244 2310; x_wconf 80' lang='lat' dir='ltr'>lieri:</span> <span class='ocrx_word' id='word_1_134' title='bbox 260 2258 312 2312; x_wconf 88' lang='lat' dir='ltr'>sed</span> <span class='ocrx_word' id='word_1_135' title='bbox 327 2261 457 2330; x_wconf 82' lang='lat' dir='ltr'>placebat</span> <span class='ocrx_word' id='word_1_136' title='bbox 471 2268 586 2334; x_wconf 90' lang='lat' dir='ltr'>propter</span> <span class='ocrx_word' id='word_1_137' title='bbox 602 2263 663 2317; x_wconf 90' lang='lat' dir='ltr'>sola</span> <span class='ocrx_word' id='word_1_138' title='bbox 677 2262 759 2328; x_wconf 89' lang='lat' dir='ltr'>vitia,</span> <span class='ocrx_word' id='word_1_139' title='bbox 776 2260 854 2317; x_wconf 88' lang='lat' dir='ltr'>etad</span> <span class='ocrx_word' id='word_1_140' title='bbox 869 2277 948 2317; x_wconf 87' lang='lat' dir='ltr'>ease</span> <span class='ocrx_word' id='word_1_141' title='bbox 966 2260 1088 2332; x_wconf 88' lang='lat' dir='ltr'>quisque</span> <span class='ocrx_word' id='word_1_142' title='bbox 1108 2260 1151 2314; x_wconf 93' lang='lat' dir='ltr'>di-</span> 
     </span>
     <span class='ocr_line' id='line_1_19' title="bbox 167 2339 1151 2419; baseline 0.004 -26"><span class='ocrx_word' id='word_1_143' title='bbox 167 2339 276 2409; x_wconf 86' lang='lat' dir='ltr'>rigebat</span> <span class='ocrx_word' id='word_1_144' title='bbox 297 2341 472 2414; x_wconf 78' lang='lat' dir='ltr'>effingenda,</span> <span class='ocrx_word' id='word_1_145' title='bbox 499 2362 572 2418; x_wconf 86' lang='lat' dir='ltr'>quae</span> <span class='ocrx_word' id='word_1_146' title='bbox 597 2351 720 2419; x_wconf 90' lang='lat' dir='ltr'>poterat,</span> <span class='ocrx_word' id='word_1_147' title='bbox 746 2344 863 2410; x_wconf 91' lang='lat' dir='ltr'>deinde,</span> <span class='ocrx_word' id='word_1_148' title='bbox 890 2361 953 2399; x_wconf 90' lang='lat' dir='ltr'>cum</span> <span class='ocrx_word' id='word_1_149' title='bbox 975 2362 1007 2400; x_wconf 87' lang='lat' dir='ltr'>se</span> <span class='ocrx_word' id='word_1_150' title='bbox 1031 2344 1151 2400; x_wconf 87' lang='lat' dir='ltr'>iactaret</span> 
     </span>
     <span class='ocr_line' id='line_1_20' title="bbox 168 2422 1149 2495; baseline 0.006 -20"><span class='ocrx_word' id='word_1_151' title='bbox 168 2422 270 2477; x_wconf 83' lang='lat' dir='ltr'>eodem</span> <span class='ocrx_word' id='word_1_152' title='bbox 294 2427 378 2482; x_wconf 91' lang='lat' dir='ltr'>modo</span> <span class='ocrx_word' id='word_1_153' title='bbox 406 2427 516 2495; x_wconf 88' lang='lat' dir='ltr'>dicere,</span> <span class='ocrx_word' id='word_1_154' title='bbox 544 2427 683 2485; x_wconf 88' lang='lat' dir='ltr'>Senecam</span> <span class='ocrx_word' id='word_1_155' title='bbox 705 2428 864 2484; x_wconf 76' lang='lat' dir='ltr'>infamabat.</span> <span class='ocrx_word' id='word_1_156' title='bbox 891 2429 969 2483; x_wconf 90' lang='lat' dir='ltr'>cuius</span> <span class='ocrx_word' id='word_1_157' title='bbox 993 2433 1021 2482; x_wconf 89' lang='lat' dir='ltr'>et</span> <span class='ocrx_word' id='word_1_158' title='bbox 1044 2429 1149 2482; x_wconf 89' lang='lat' dir='ltr'>multae</span> 
     </span>
     <span class='ocr_line' id='line_1_21' title="bbox 168 2505 1150 2584; baseline 0.008 -27"><span class='ocrx_word' id='word_1_159' title='bbox 168 2505 271 2577; x_wconf 88' lang='lat' dir='ltr'>alioqui</span> <span class='ocrx_word' id='word_1_160' title='bbox 289 2514 317 2564; x_wconf 95' lang='lat' dir='ltr'>et</span> <span class='ocrx_word' id='word_1_161' title='bbox 336 2526 456 2582; x_wconf 88' lang='lat' dir='ltr'>magnae</span> <span class='ocrx_word' id='word_1_162' title='bbox 470 2512 586 2568; x_wconf 88' lang='lat' dir='ltr'>virtutes</span> <span class='ocrx_word' id='word_1_163' title='bbox 602 2514 726 2568; x_wconf 80' lang='lat' dir='ltr'>fuerunt:</span> <span class='ocrx_word' id='word_1_164' title='bbox 749 2512 891 2584; x_wconf 82' lang='lat' dir='ltr'>ingenium</span> <span class='ocrx_word' id='word_1_165' title='bbox 906 2512 988 2567; x_wconf 84' lang='lat' dir='ltr'>facile</span> <span class='ocrx_word' id='word_1_166' title='bbox 1005 2516 1032 2566; x_wconf 90' lang='lat' dir='ltr'>et</span> <span class='ocrx_word' id='word_1_167' title='bbox 1051 2511 1150 2582; x_wconf 91' lang='lat' dir='ltr'>eopio-</span> 
     </span>
     <span class='ocr_line' id='line_1_22' title="bbox 168 2594 1149 2668; baseline 0.007 -27"><span class='ocrx_word' id='word_1_168' title='bbox 168 2602 245 2657; x_wconf 89' lang='lat' dir='ltr'>sum,</span> <span class='ocrx_word' id='word_1_169' title='bbox 266 2594 415 2661; x_wconf 90' lang='lat' dir='ltr'>plurimum</span> <span class='ocrx_word' id='word_1_170' title='bbox 431 2596 529 2666; x_wconf 89' lang='lat' dir='ltr'>studii,</span> <span class='ocrx_word' id='word_1_171' title='bbox 553 2598 638 2652; x_wconf 92' lang='lat' dir='ltr'>multa</span> <span class='ocrx_word' id='word_1_172' title='bbox 659 2612 752 2651; x_wconf 91' lang='lat' dir='ltr'>rerum</span> <span class='ocrx_word' id='word_1_173' title='bbox 769 2595 904 2668; x_wconf 82' lang='lat' dir='ltr'>cognitio,</span> <span class='ocrx_word' id='word_1_174' title='bbox 925 2596 953 2649; x_wconf 89' lang='lat' dir='ltr'>in</span> <span class='ocrx_word' id='word_1_175' title='bbox 976 2610 1032 2666; x_wconf 88' lang='lat' dir='ltr'>qua</span> <span class='ocrx_word' id='word_1_176' title='bbox 1053 2600 1149 2650; x_wconf 89' lang='lat' dir='ltr'>tamen</span> 
     </span>
     <span class='ocr_line' id='line_1_23' title="bbox 168 2666 1148 2752; baseline 0.013 -33"><span class='ocrx_word' id='word_1_177' title='bbox 168 2666 319 2737; x_wconf 85' lang='lat' dir='ltr'>aliquando</span> <span class='ocrx_word' id='word_1_178' title='bbox 334 2677 442 2746; x_wconf 85' lang='lat' dir='ltr'>abhis,</span> <span class='ocrx_word' id='word_1_179' title='bbox 459 2680 559 2751; x_wconf 92' lang='lat' dir='ltr'>quibus</span> <span class='ocrx_word' id='word_1_180' title='bbox 576 2680 742 2751; x_wconf 88' lang='lat' dir='ltr'>inquirenda</span> <span class='ocrx_word' id='word_1_181' title='bbox 756 2679 895 2752; x_wconf 88' lang='lat' dir='ltr'>quaedam</span> <span class='ocrx_word' id='word_1_182' title='bbox 910 2678 1080 2747; x_wconf 90' lang='lat' dir='ltr'>mandabat,</span> <span class='ocrx_word' id='word_1_183' title='bbox 1097 2678 1148 2733; x_wconf 88' lang='lat' dir='ltr'>de·</span> 
     </span>
     <span class='ocr_line' id='line_1_24' title="bbox 167 2755 1149 2821; baseline 0.017 -18"><span class='ocrx_word' id='word_1_184' title='bbox 167 2755 265 2819; x_wconf 86' lang='lat' dir='ltr'>ceptus</span> <span class='ocrx_word' id='word_1_185' title='bbox 282 2763 333 2811; x_wconf 86' lang='lat' dir='ltr'>est.</span> <span class='ocrx_word' id='word_1_186' title='bbox 363 2760 549 2820; x_wconf 84' lang='lat' dir='ltr'>Tractavit</span> <span class='ocrx_word' id='word_1_187' title='bbox 571 2764 828 2819; x_wconf 88' lang='lat' dir='ltr'>etiamomnem</span> <span class='ocrx_word' id='word_1_188' title='bbox 845 2764 921 2818; x_wconf 88' lang='lat' dir='ltr'>lere</span> <span class='ocrx_word' id='word_1_189' title='bbox 941 2761 1149 2821; x_wconf 87' lang='lat' dir='ltr'>studiorum</span> 
     </span>
     <span class='ocr_line' id='line_1_25' title="bbox 167 2837 1151 2921; baseline 0.019 -41"><span class='ocrx_word' id='word_1_190' title='bbox 167 2837 369 2921; x_wconf 81' lang='lat' dir='ltr'>materiam.-</span> <span class='ocrx_word' id='word_1_191' title='bbox 393 2860 470 2899; x_wconf 89' lang='lat' dir='ltr'>nam</span> <span class='ocrx_word' id='word_1_192' title='bbox 495 2853 528 2902; x_wconf 88' lang='lat' dir='ltr'>ct</span> <span class='ocrx_word' id='word_1_193' title='bbox 552 2847 738 2903; x_wconf 89' lang='lat' dir='ltr'>orationes</span> <span class='ocrx_word' id='word_1_194' title='bbox 764 2847 844 2902; x_wconf 89' lang='lat' dir='ltr'>eius</span> <span class='ocrx_word' id='word_1_195' title='bbox 870 2852 903 2901; x_wconf 91' lang='lat' dir='ltr'>et</span> <span class='ocrx_word' id='word_1_196' title='bbox 922 2851 1094 2917; x_wconf 89' lang='lat' dir='ltr'>poemata</span> <span class='ocrx_word' id='word_1_197' title='bbox 1117 2852 1151 2899; x_wconf 90' lang='lat' dir='ltr'>et</span> 
     </span>
     <span class='ocr_line' id='line_1_26' title="bbox 167 2907 1150 3009; baseline 0.024 -49"><span class='ocrx_word' id='word_1_198' title='bbox 167 2907 310 3009; x_wconf 79' lang='lat' dir='ltr'>dialogi</span> <span class='ocrx_word' id='word_1_199' title='bbox 338 2926 509 2987; x_wconf 87' lang='lat' dir='ltr'>teruntur.</span> <span class='ocrx_word' id='word_1_200' title='bbox 560 2933 597 2986; x_wconf 86' lang='lat' dir='ltr'>ln</span> <span class='ocrx_word' id='word_1_201' title='bbox 623 2929 864 3002; x_wconf 88' lang='lat' dir='ltr'>philosophia</span> <span class='ocrx_word' id='word_1_202' title='bbox 891 2945 992 3001; x_wconf 89' lang='lat' dir='ltr'>parum</span> <span class='ocrx_word' id='word_1_203' title='bbox 1014 2929 1150 3000; x_wconf 87' lang='lat' dir='ltr'>diligens,</span> 
     </span>
     <span class='ocr_line' id='line_1_27' title="bbox 165 3005 1150 3072; baseline 0.007 -12"><span class='ocrx_word' id='word_1_204' title='bbox 165 3005 300 3066; x_wconf 77' lang='lat' dir='ltr'>egregius</span> <span class='ocrx_word' id='word_1_205' title='bbox 317 3009 410 3065; x_wconf 87' lang='lat' dir='ltr'>tamen</span> <span class='ocrx_word' id='word_1_206' title='bbox 424 3013 574 3070; x_wconf 86' lang='lat' dir='ltr'>insectator</span> <span class='ocrx_word' id='word_1_207' title='bbox 588 3014 718 3072; x_wconf 90' lang='lat' dir='ltr'>vitiorum</span> <span class='ocrx_word' id='word_1_208' title='bbox 733 3014 790 3068; x_wconf 91' lang='lat' dir='ltr'>fuit.</span> <span class='ocrx_word' id='word_1_209' title='bbox 822 3013 925 3068; x_wconf 89' lang='lat' dir='ltr'>Multae</span> <span class='ocrx_word' id='word_1_210' title='bbox 940 3013 968 3067; x_wconf 91' lang='lat' dir='ltr'>in</span> <span class='ocrx_word' id='word_1_211' title='bbox 986 3029 1021 3067; x_wconf 92' lang='lat' dir='ltr'>eo</span> <span class='ocrx_word' id='word_1_212' title='bbox 1037 3014 1150 3068; x_wconf 87' lang='lat' dir='ltr'>elarae-</span> 
     </span>
     <span class='ocr_line' id='line_1_28' title="bbox 164 3087 1151 3168; baseline 0.009 -27"><span class='ocrx_word' id='word_1_213' title='bbox 164 3087 219 3141; x_wconf 71' lang='lat' dir='ltr'>(er</span> <span class='ocrx_word' id='word_1_214' title='bbox 246 3093 415 3165; x_wconf 83' lang='lat' dir='ltr'>sententiae,</span> <span class='ocrx_word' id='word_1_215' title='bbox 436 3099 521 3153; x_wconf 88' lang='lat' dir='ltr'>multa</span> <span class='ocrx_word' id='word_1_216' title='bbox 544 3099 626 3154; x_wconf 85' lang='lat' dir='ltr'>etiarn</span> <span class='ocrx_word' id='word_1_217' title='bbox 640 3114 749 3153; x_wconf 91' lang='lat' dir='ltr'>morum</span> <span class='ocrx_word' id='word_1_218' title='bbox 771 3098 860 3168; x_wconf 86' lang='lat' dir='ltr'>gratia</span> <span class='ocrx_word' id='word_1_219' title='bbox 880 3096 1020 3168; x_wconf 89' lang='lat' dir='ltr'>legenda,</span> <span class='ocrx_word' id='word_1_220' title='bbox 1040 3096 1095 3151; x_wconf 92' lang='lat' dir='ltr'>sed</span> <span class='ocrx_word' id='word_1_221' title='bbox 1121 3097 1151 3150; x_wconf 94' lang='lat' dir='ltr'>in</span> 
     </span>
     <span class='ocr_line' id='line_1_29' title="bbox 163 3156 1149 3254; baseline 0.007 -26"><span class='ocrx_word' id='word_1_222' title='bbox 163 3156 327 3228; x_wconf 69' lang='lat' dir='ltr'>⁰¹⁰(luessd0</span> <span class='ocrx_word' id='word_1_223' title='bbox 343 3186 472 3253; x_wconf 89' lang='lat' dir='ltr'>corrupta</span> <span class='ocrx_word' id='word_1_224' title='bbox 488 3183 624 3254; x_wconf 86' lang='lat' dir='ltr'>pleraque</span> <span class='ocrx_word' id='word_1_225' title='bbox 639 3187 722 3254; x_wconf 90' lang='lat' dir='ltr'>atque</span> <span class='ocrx_word' id='word_1_226' title='bbox 737 3198 771 3236; x_wconf 90' lang='lat' dir='ltr'>co</span> <span class='ocrx_word' id='word_1_227' title='bbox 789 3180 1044 3252; x_wconf 88' lang='lat' dir='ltr'>perniciosissima,</span> <span class='ocrx_word' id='word_1_228' title='bbox 1069 3181 1149 3251; x_wconf 90' lang='lat' dir='ltr'>quod</span> 
     </span>
     <span class='ocr_line' id='line_1_30' title="bbox 162 3237 1149 3338; baseline 0.016 -37"><span class='ocrx_word' id='word_1_229' title='bbox 162 3237 309 3338; x_wconf 50' lang='lat' dir='ltr'>§bendani</span> <span class='ocrx_word' id='word_1_230' title='bbox 320 3255 446 3317; x_wconf 89' lang='lat' dir='ltr'>dulcibus</span> <span class='ocrx_word' id='word_1_231' title='bbox 456 3264 544 3318; x_wconf 85' lang='lat' dir='ltr'>vitiis:</span> <span class='ocrx_word' id='word_1_232' title='bbox 557 3267 645 3321; x_wconf 91' lang='lat' dir='ltr'>velles</span> <span class='ocrx_word' id='word_1_233' title='bbox 658 3282 721 3321; x_wconf 87' lang='lat' dir='ltr'>eum</span> <span class='ocrx_word' id='word_1_234' title='bbox 729 3281 780 3320; x_wconf 92' lang='lat' dir='ltr'>suo</span> <span class='ocrx_word' id='word_1_235' title='bbox 792 3264 905 3337; x_wconf 91' lang='lat' dir='ltr'>ingenio</span> <span class='ocrx_word' id='word_1_236' title='bbox 918 3263 1039 3329; x_wconf 86' lang='lat' dir='ltr'>dixisse,</span> <span class='ocrx_word' id='word_1_237' title='bbox 1053 3263 1149 3318; x_wconf 88' lang='lat' dir='ltr'>alieno</span> 
     </span>
     <span class='ocr_line' id='line_1_31' title="bbox 159 3320 1150 3423; baseline 0.032 -54"><span class='ocrx_word' id='word_1_238' title='bbox 159 3320 277 3423; x_wconf 76' lang='lat' dir='ltr'>iudicio.</span> <span class='ocrx_word' id='word_1_239' title='bbox 301 3350 367 3395; x_wconf 89' lang='lat' dir='ltr'>narn</span> <span class='ocrx_word' id='word_1_240' title='bbox 381 3345 405 3399; x_wconf 89' lang='lat' dir='ltr'>si</span> <span class='ocrx_word' id='word_1_241' title='bbox 416 3347 509 3418; x_wconf 85' lang='lat' dir='ltr'>aliqua</span> <span class='ocrx_word' id='word_1_242' title='bbox 523 3350 747 3422; x_wconf 88' lang='lat' dir='ltr'>contempsisset,</span> <span class='ocrx_word' id='word_1_243' title='bbox 765 3349 788 3403; x_wconf 90' lang='lat' dir='ltr'>si</span> <span class='ocrx_word' id='word_1_244' title='bbox 802 3353 910 3420; x_wconf 88' lang='lat' dir='ltr'>partem</span> <span class='ocrx_word' id='word_1_245' title='bbox 923 3363 981 3402; x_wconf 92' lang='lat' dir='ltr'>non</span> <span class='ocrx_word' id='word_1_246' title='bbox 994 3347 1150 3418; x_wconf 88' lang='lat' dir='ltr'>concupis-</span> 
     </span>
     <span class='ocr_line' id='line_1_32' title="bbox 151 3409 1146 3505; baseline -0.001 -20"><span class='ocrx_word' id='word_1_247' title='bbox 151 3409 211 3470; x_wconf 49' lang='grc' dir='ltr'>Μ’</span> <span class='ocrx_word' id='word_1_248' title='bbox 234 3426 261 3466; x_wconf 79' lang='lat'>⁸¹</span> <span class='ocrx_word' id='word_1_249' title='bbox 285 3433 344 3479; x_wconf 77' lang='lat' dir='ltr'>110ss</span> <span class='ocrx_word' id='word_1_250' title='bbox 365 3432 462 3491; x_wconf 89' lang='lat' dir='ltr'>omnia</span> <span class='ocrx_word' id='word_1_251' title='bbox 477 3449 530 3491; x_wconf 90' lang='lat' dir='ltr'>sua</span> <span class='ocrx_word' id='word_1_252' title='bbox 547 3439 687 3505; x_wconf 85' lang='lat' dir='ltr'>amasset,</span> <span class='ocrx_word' id='word_1_253' title='bbox 705 3433 838 3488; x_wconf 85' lang='lat' dir='ltr'>sirerum</span> <span class='ocrx_word' id='word_1_254' title='bbox 846 3431 976 3502; x_wconf 81' lang='lat' dir='ltr'>pondera</span> <span class='ocrx_word' id='word_1_255' title='bbox 991 3430 1146 3485; x_wconf 90' lang='lat' dir='ltr'>minutissi-</span> 
     </span>
    </p>
   </div>
   <div class='ocr_carea' id='block_1_7' title="bbox 0 0 1216 3862">
    <p class='ocr_par' dir='ltr' id='par_1_7' title="bbox 0 0 1216 3862">
     <span class='ocr_line' id='line_1_33' title="bbox 0 0 1216 3862; baseline 0 2"><span class='ocrx_word' id='word_1_256' title='bbox 0 0 1216 3862; x_wconf 95' lang='lat' dir='ltr'> </span> 
     </span>
    </p>
   </div>
  </div>
 </body>
</html>
