2422 3862
280 221 452 285 EPISTUL.
467 222 562 285 MOR.
585 223 658 282 LIB.
673 223 695 281 I.
715 221 774 283 ΕΡ.
798 230 839 285 ll.
855 232 897 285 tl.
1038 225 1080 289 23

103 379 127 438 si
146 378 328 453 irrigarem
363 377 444 437 Iurat
466 391 521 451 per
542 377 663 450 genium
685 391 785 435 meum
800 391 836 435 se
851 377 953 436 omnia
968 379 1077 453 lacere,

102 463 130 522 in
150 463 234 524 uulla
254 477 290 521 re
312 474 438 521 cessare
458 475 562 519 curam
582 475 684 534 suam,
707 460 764 519 sed
778 459 846 521 illas
862 461 980 521 vetulas
996 477 1078 523 esse.

102 547 187 621 Quod
200 548 283 606 intra
296 560 355 606 nos
372 543 426 615 sit,
448 558 506 619 ego
521 543 588 604 illas
604 559 783 618 posueram,
802 559 861 619 ego
884 543 1001 605 illarum
1019 547 1078 621 pri-

100 647 179 691 mum
194 630 336 690 videram
356 628 471 690 lolium.
500 626 675 689 Conversus
691 627 732 687 ad
745 627 883 688 ianuam=
906 674 923 700 „
935 630 1005 704 quis
1020 638 1077 705 est,
1092 645 1110 699 3

100 715 237 791 inquam,
258 714 318 774 iste
341 712 517 787 decrepitus
538 720 569 773 et
590 712 697 773 merito
719 712 759 771 ad
781 711 893 772 ostium
914 713 1078 775 admotus‘t
1135 676 1152 761 ἶ

100 801 180 860 toras
195 799 279 862 enirn
293 804 422 873 spectat.
449 796 532 856 unde
552 797 652 857 istunc
667 803 796 856 nanctus
816 803 872 857 est
893 799 967 873 quid
981 806 1011 858 te
1026 799 1077 859 de-
1142 788 1147 803 ’

99 882 221 944 lactavit
240 881 372 942 alienum
393 888 543 942 mortuum
565 882 716 940 tolleret“
754 883 794 940 At
815 881 878 941 ille:
906 926 935 956 ,‚,
944 899 1005 942 non
1026 899 1076 944 co·

97 966 224 1042 gnoscis
239 973 309 1026 met
329 966 442 1041 inquit:
471 980 528 1039 ego
550 980 617 1024 sum
632 964 761 1038 Felicio,
786 965 834 1025 cui
855 965 979 1027 solebas
995 968 1076 1043 sigil-

96 1053 172 1110 laria
191 1050 325 1110 adferre.
360 1065 418 1124 ego
443 1065 510 1110 sum
524 1047 661 1109 Philositi
681 1047 761 1107 vilici
784 1048 880 1123 iilius,
903 1049 1075 1113 deliciolum

95 1138 221 1195 tuum.“‘
254 1132 431 1208 „Perlecte,
452 1132 592 1208 inquam,
613 1133 671 1193 istc
685 1133 803 1192 delirat.
836 1134 971 1208 pupulus
987 1137 1076 1197 etiam

96 1219 240 1280 delicium
261 1233 360 1277 meum
383 1218 481 1278 lactus
502 1223 570 1277 est?
592 1232 721 1292 prorsus
743 1224 845 1291 potest
860 1216 940 1276 fleniz
967 1219 1075 1280 dentes

94 1303 135 1362 illi
152 1319 223 1364 cum
235 1301 365 1375 maxine
380 1301 521 1362 cadunt.“

157 1385 1108 1460 Debeohocsuburbanomeo,quodmilrisene-4

94 1479 182 1532 ctus
207 1485 303 1544 mea,
334 1484 575 1546 quocumque
595 1469 849 1541 adverteram,
875 1470 1074 1544 adparuit:

93 1553 506 1630 complectamurillam
523 1561 559 1612 et
580 1569 763 1614 amemus=
793 1554 908 1628 plena
928 1562 988 1614 est
1008 1571 1074 1616 vo·

94 1636 323 1714 luptatis,.si
337 1637 408 1698 illa
422 1638 527 1697 scias
543 1638 605 1697 uti.
623 1637 803 1697 Gratissima
814 1645 885 1696 sunt
897 1652 997 1711 poma,
1007 1654 1073 1697 cum

94 1723 224 1799 lugiunt.
259 1721 406 1797 pueritiae
427 1722 577 1782 maximus
599 1719 629 1779 in
652 1723 735 1782 exitu
756 1721 851 1780 decor
865 1728 921 1780 est.
954 1721 1074 1782 deditos

96 1809 165 1868 rino
179 1807 265 1882 potio
277 1813 413 1867 extrema
424 1805 568 1877 delectat,
581 1805 646 1879 illa,
660 1821 739 1879 quae
751 1802 873 1878 mergit,
887 1819 966 1879 quae
979 1804 1075 1864 ebrie·

94 1893 148 1953 tati
162 1907 314 1952 summam
330 1906 451 1951 manum
465 1889 593 1965 inponit.
622 1887 710 1961 Quod
728 1889 758 1947 in
774 1903 809 1946 se
823 1888 1073 1950 iucundissimum
1089 1903 1105 1954 5

94 1978 194 2036 omnis
212 1975 355 2050 voluptas
369 1974 475 2048 habet,
496 1974 527 2033 ia
542 1973 634 2032 linem
650 1973 699 2033 sui
715 1970 825 2032 diflert.
854 1971 1075 2034 iucundissima

93 2067 140 2120 est
155 2066 241 2120 aetas
257 2058 378 2119 devexa
392 2057 467 2133 iam,
482 2075 544 2119 non
559 2065 658 2117 tamen
673 2071 836 2132 praeceps.
858 2056 981 2116 atillam
998 2075 1073 2132 quo-

95 2144 201 2218 quein
219 2149 356 2202 extrema
371 2143 475 2216 regula
492 2148 622 2202 stantem
643 2141 746 2201 iudico
768 2140 882 2200 habere
897 2157 971 2202 suas
985 2144 1073 2203 volu-

94 2233 206 2302 ptates.
247 2235 299 2287 aut
318 2225 378 2286 hoc
405 2228 505 2301 ipsum
528 2225 667 2287 succedit
688 2224 718 2284 in
740 2226 840 2285 locum
863 2226 1071 2302 voluptatium,

93 2310 183 2372 nullis
200 2325 302 2386 egere.
326 2325 416 2386 quam
434 2311 523 2371 dulce
543 2318 592 2370 est
612 2309 794 2385 cupiditates
810 2311 956 2385 fatigasse
972 2326 1009 2370 ac
1023 2327 1071 2371 re·

94 2395 238 2470 liquisset
272 2394 459 2466 „Molestum
485 2401 549 2467 est,
575 2394 694 2468 laquie,
723 2401 851 2456 mortem
878 2404 947 2455 onte
963 2397 1102 2462 oculosti

94 2479 238 2539 habere.⁴⁴
269 2476 402 2538 Primum
422 2478 482 2539 ista
501 2486 561 2539 tam
584 2478 651 2538 seni
672 2485 742 2538 onte
763 2480 871 2539 oculos
893 2478 985 2539 debet
999 2494 1072 2539 esse

95 2579 186 2637 quam
202 2561 316 2624 iuveni.
345 2579 405 2623 non
422 2564 502 2624 enim
517 2562 643 2623 citamur
658 2579 697 2624 ex
712 2577 819 2622 censu.
848 2560 967 2623 Deinde
982 2576 1070 2622 nemo

96 2655 151 2707 tam
168 2663 264 2707 senex
281 2654 346 2720 est,
358 2653 391 2707 ut
404 2645 533 2722 inprobe
544 2662 639 2706 unum
652 2647 732 2706 diem
744 2652 856 2721 speret.
877 2661 956 2706 unns
971 2652 1071 2706 autem

93 2730 159 2791 dies
182 2731 298 2806 gradus
320 2731 400 2790 tritae
420 2738 476 2792 est.
507 2736 570 2790 tota
590 2737 676 2791 aetas
691 2728 829 2806 partibus
845 2737 965 2791 constat
979 2737 1009 2790 et
1023 2746 1070 2791 or·

94 2814 147 2875 bes
169 2814 262 2875 habet
278 2814 505 2876 circumductos
527 2811 660 2875 m'aiores
680 2813 865 2874 minoribusz
888 2822 935 2875 est
950 2813 1071 2890 aliquis,

93 2899 143 2973 qui
161 2899 262 2960 omnis
280 2898 490 2973 conplectatur
504 2906 535 2958 et
550 2898 659 2973 cingat.
683 2897 733 2958 hic
750 2900 881 2973 pertinet
896 2898 1018 2959 anatoli
1032 2899 1072 2959 ad

92 2981 172 3042 diem
194 2990 373 3044 extremum.
407 2990 454 3042 est
474 2982 564 3054 alter,
592 2982 644 3058 qui
665 2997 763 3042 annos
778 2982 1004 3043 adulescentiae
1019 2998 1072 3042 ex-

92 3066 194 3128 cludit.
216 3074 265 3128 est
281 3065 334 3142 qui
348 3072 440 3127 totam
457 3066 614 3141 pueritiam
627 3067 742 3128 ambitu
756 3081 814 3126 suo
830 3065 1000 3141 adstringit.
1026 3075 1073 3126 est

91 3151 202 3212 deinde
217 3165 274 3226 per
289 3166 325 3210 se
339 3166 438 3210 annus
450 3151 479 3233 in
496 3167 530 3211 se
543 3149 644 3211 omnia
658 3149 818 3212 continens
832 3156 980 3224 tempora,
996 3166 1072 3225 quo·

93 3249 155 3295 rum
171 3233 497 3310 multiplicationevita
511 3233 704 3310 conponitur.
724 3233 841 3294 mensis
855 3234 968 3294 artiore
983 3249 1069 3308 prae-

92 3318 221 3394 cingitur
236 3319 363 3379 circulo.
403 3319 652 3396 angustissimum
672 3318 764 3378 habet
780 3318 845 3378 dies
861 3333 986 3395 gyrum,
1014 3317 1070 3376 sed

92 3412 121 3462 et
136 3402 185 3465 hio
200 3404 239 3465 ab
251 3402 337 3468 initio
354 3402 391 3462 ad
404 3404 518 3463 exitum
529 3403 626 3475 venit,
642 3402 680 3461 ab
694 3409 762 3461 ortu
774 3402 814 3461 ad
827 3417 985 3462 occasum.
997 3400 1104 3460 ldeo't

91 3483 269 3561 Heraclitus,
286 3487 334 3548 cui
349 3489 518 3561 cognomen
531 3488 604 3552 lecit
616 3485 768 3563 orationis
783 3488 980 3560 obscuritas,
996 3500 1096 3560 ,anns
