2422 3862
121 246 162 310 ea
406 246 439 304 a.
462 243 609 303 Annum
632 196 829 302 seruum

120 399 164 459 sic
184 397 260 457 rami
281 411 374 456 onere
394 397 580 471 lianguntur,
605 395 650 454 sic
669 394 708 453 sd
729 393 928 454 maturitatem
949 410 1010 454 non
1029 412 1097 472 pera

118 479 203 542 venit
216 479 308 541 nimia
322 479 504 540 fecunditas.
538 479 622 538 Idem
634 477 743 538 animis
755 479 1002 553 quoqueevenit,
1019 495 1098 554 quos

118 565 362 626 inmoderate
389 563 565 624 felicitas
592 562 747 636 rumpit,
776 577 838 636 qua
861 577 921 622 non
936 570 1054 624 tantum
1068 564 1098 624 in

89 650 247 710 saliorum
266 647 421 721 iniuriam,
438 647 499 706 sed
519 646 608 706 etiem
628 645 658 704 in
680 661 767 706 suem
782 652 918 706 utuntur.
954 646 1030 720 Quis
1045 647 1098 708 ho·

118 734 173 793 stis
194 733 225 792 iu
246 747 431 807 quemquam
451 738 512 790 tam
524 729 769 790 contumeliosus
783 729 839 790 luit
853 745 944 805 quam
957 732 987 790 in
1004 748 1098 808 quos·

118 817 187 877 dam
203 817 376 891 voluptates
391 831 468 875 suae
479 822 574 874 suntt
602 830 731 889 quorum
744 811 931 889 inpotentiae
946 823 1039 891 etque
1054 817 1098 875 in-

118 917 212 960 sanae
226 899 343 960 libidini
359 899 400 959 ob
414 899 474 959 hoc
488 914 583 959 unum
598 897 703 972 possis
717 898 894 972 ignoscere,
918 899 1004 973 quod
1021 915 1099 976 quae

119 984 236 1059 lacere,
253 984 416 1059 petiunurr.
442 982 654 1042 necimmerito
670 981 719 1041 hic
733 982 802 1042 illos
817 982 902 1042 iuror
915 990 1018 1044 vexat.
1038 999 1099 1044 ne-

119 1084 208 1129 cesse
229 1074 277 1128 est
298 1069 393 1139 enim,
417 1068 447 1127 in
468 1067 639 1127 inmensum
658 1073 748 1126 exeat
762 1065 929 1140 cupiditas,
951 1083 1033 1142 quae
1046 1084 1098 1128 ne-

117 1154 243 1212 turalem
264 1153 389 1212 modum
409 1150 575 1211 transsiliit.
606 1150 656 1210 ille
677 1149 758 1210 enim
776 1149 870 1211 habet
890 1166 979 1210 suum
996 1151 1097 1226 linem,

89 1235 220 1298 dinania
239 1243 270 1296 et
289 1251 329 1295 ex
349 1234 473 1296 libidine
489 1242 555 1297 orta
576 1233 643 1294 sine
657 1234 784 1295 termino
800 1241 879 1295 sunt.
915 1235 1100 1296 Necessaria

118 1320 239 1379 metitur
257 1318 387 1379 utilitas:
414 1334 609 1394 supervacua
633 1334 694 1393 quo
720 1318 858 1394 redigis?
888 1318 1098 1394 voluptatibus

118 1403 221 1477 itaque
244 1418 280 1464 se
300 1411 455 1478 mergunt,
485 1404 597 1479 quibus
621 1403 651 1460 in
677 1401 931 1463 consuetudinem
954 1402 1097 1464 adductis

118 1502 224 1547 carere
244 1503 304 1548 non
327 1495 474 1563 possunt,
495 1496 526 1548 et
544 1488 584 1547 ob
604 1486 664 1546 boc
679 1485 840 1546 miserrimi
854 1494 939 1562 sunt,
961 1487 1045 1561 quod
1061 1501 1097 1546 eo

119 1578 338 1647 pervenerunt,
361 1579 395 1632 ut
415 1571 474 1631 illis
491 1586 570 1647 quae
584 1585 778 1646 supervacue
790 1571 925 1645 inerant,
944 1571 1098 1632 laetasint

119 1656 305 1716 neccssaria.
341 1653 479 1716 serviunt
497 1655 601 1731 itaque
619 1655 842 1729 voluptatibus,
867 1670 935 1726 non,
951 1655 1096 1729 fruuntur,

119 1739 241 1800 cimela
255 1756 326 1813 suu,
349 1738 434 1814 quod
448 1741 595 1800 malorum
608 1738 745 1799 ultimum
754 1745 821 1811 cst,
843 1746 873 1799 et
886 1745 1003 1799 amant:
1027 1745 1097 1799 tunc

119 1831 217 1885 autem
239 1833 288 1885 est
306 1831 517 1884 consummata
536 1823 710 1896 infelicitas,
734 1822 786 1884 ubi
808 1823 907 1898 turpia
922 1839 984 1885 non
998 1823 1097 1884 solum

119 1907 285 1983 delectent,
311 1908 367 1968 scd
385 1906 474 1967 etiam
489 1908 625 1983 placent,
646 1913 677 1965 et
690 1907 803 1968 desinit
816 1921 888 1967 esse
899 1907 1039 1967 remedio
1054 1907 1097 1967 lo·

120 2006 190 2064 cus,
214 1991 266 2053 ubi
281 2007 361 2068 quae
375 1992 495 2052 luerent
508 1991 595 2064 vitia,
618 2006 720 2052 mores
733 1999 813 2051 sunt
850 1991 937 2050 Vale.

410 2126 626 2184 EPISTULA
652 2126 701 2183 ΧΙ.
730 2132 743 2199 (
780 2131 801 2198 .)

371 2221 481 2274 Sunuci
500 2224 611 2274 Lucuro
632 2235 683 2274 suo
703 2234 843 2278 suarum.

91 2385 99 2396 ,
183 2322 288 2396 Quod
311 2324 539 2399 frequenter
554 2323 643 2383 mihi
661 2325 822 2400 scribis,
842 2325 995 2402 gratias
1010 2341 1097 2400 ago=

120 2422 189 2466 nam
212 2424 274 2483 quo
296 2424 358 2469 uno
380 2409 472 2468 modo
494 2415 597 2483 potes,
620 2416 650 2468 te
667 2408 740 2469 mihi
755 2409 903 2470 ostendis
931 2424 1097 2484 numquam

120 2490 281 2566 epistulam
301 2498 383 2553 tuam
404 2492 536 2567 accipio,
558 2500 591 2553 ut
612 2509 673 2554 non
689 2495 905 2567 protinusnm
922 2495 1029 2555 amus.
1066 2491 1099 2554 Si

119 2574 267 2650 imagines
281 2577 371 2637 nobis
387 2576 554 2637 amicorum
567 2576 738 2638 absentium
753 2578 905 2639 iucundae
916 2586 1002 2651 sunt,
1017 2592 1098 2654 quae

119 2660 293 2719 memoriam
312 2666 461 2722 renovant
482 2667 512 2720 et
532 2659 718 2722 desiderium
738 2663 895 2722 absentiae
910 2663 990 2723 lalso
1005 2669 1098 2737 atquc

119 2743 201 2802 inani
213 2743 324 2804 solatio
336 2741 452 2804 levant=
475 2751 588 2818 quanto
600 2743 797 2806 iucundiores
809 2752 881 2808 sunt
890 2745 1005 2820 literae,
1018 2760 1099 2821 quae

120 2842 193 2885 vero
208 2826 297 2886 amici
313 2827 449 2887 absentis
465 2826 608 2903 vestigia,
629 2845 720 2890 veras
735 2837 824 2891 notes
836 2831 1000 2891 adierunt?
1027 2845 1098 2889 nam

120 2910 203 2985 quod
224 2909 254 2969 in
270 2918 439 2984 conspectu
452 2910 660 2974 dulcissimum
673 2921 737 2987 est,
759 2914 790 2973 id
806 2911 894 2975 amici
908 2929 1019 2974 manus
1034 2912 1097 2988 epi-

90 2994 216 3055 ustulac
236 2993 379 3068 inpressa
397 3003 547 3071 praestat,
569 3013 748 3072 agnoscere.
785 2997 921 3059 Audisse
942 3005 973 3058 to
987 2995 1098 3058 scribis

119 3077 320 3152 Serapionem
334 3077 567 3155 philosophum,
585 3097 653 3141 curn
671 3082 749 3143 istuc
760 3082 976 3158 adplicuissen
999 3081 1099 3157 „solet

118 3177 231 3236 magno
252 3178 344 3222 cursu
365 3164 459 3224 verba
480 3166 667 3239 convellere,
697 3182 777 3241 quae
797 3181 859 3226 noar
880 3164 1013 3226 effundit
1026 3181 1098 3247 une,

119 3245 173 3304 sed
191 3245 300 3320 premit
313 3246 344 3307 et
356 3255 453 3324 urget.
474 3251 564 3324 pluro
578 3249 658 3308 enim
671 3248 798 3310 veniunt
810 3266 900 3325 quem
910 3249 1027 3326 quibus
1039 3265 1098 3310 una

117 3345 181 3389 vox
196 3329 459 3403 sufficiatf‘eHoe
474 3349 534 3393 non
551 3332 648 3407 probo
672 3334 707 3392 in
729 3333 987 3410 philosopho,
1010 3333 1099 3394 cuius

116 3412 388 3490 pronuntiatio
419 3432 588 3493 quoque,
618 3417 721 3478 siout
746 3418 841 3493 vita,
866 3417 984 3479 debet
1006 3431 1098 3496 esse

107 3501 338 3573 conposita.-
360 3501 436 3562 nibil
452 3509 556 3564 autem
574 3501 749 3565 ordinatum
762 3509 827 3577 est,
846 3501 934 3578 duod
945 3499 1097 3577 praecipi·
