2422 3862
260 232 430 294 urrsruu.
446 232 540 303 non,
562 232 712 294 nexu.
733 209 826 296 aaa.
849 240 921 310 (as.)
964 235 967 242 ·
1015 239 1078 305 aaa
1101 305 1104 311 ,

98 387 222 448 modum
241 385 396 447 tractanda
411 382 587 461 respublica
605 385 657 460 sit,
680 394 710 447 at
722 385 797 449 illud
812 387 918 462 docet,
936 394 1081 465 quemad-

97 473 222 535 modum
244 473 284 531 sit
303 472 461 531 tractanda
482 475 657 546 paupertas.
693 487 748 546 per
773 477 867 531 totam
888 473 979 532 vitam
1001 491 1082 551 opus

97 558 165 615 eius
181 555 363 616 extenditur.
392 556 437 615 lta
451 555 533 615 nulla
548 554 684 628 fortuna,
701 556 784 615 nulla
797 572 848 616 res
861 565 948 618 actus
959 558 1081 633 supien-

97 639 296 721 tisexcludit.
325 640 357 700 id
371 639 451 699 enim
466 637 569 714 ipsum
584 639 662 713 agit,
679 656 740 714 quo
755 641 815 700 alia
829 656 922 715 agere
937 641 1081 716 prohibe-

96 731 154 783 tur.
183 725 234 785 Ad
248 732 399 800 utrosque
413 739 504 784 casus
520 729 610 798 aptus
625 732 687 798 est,
701 723 854 785 bonorum
866 731 967 786 rector
979 733 1010 786 et
1019 742 1069 787 ma
1145 739 1150 746 ·

95 811 196 868 lorum
212 807 318 869 victor.
351 807 417 883 Sic,
439 809 579 883 inquam,
601 823 637 867 se
651 808 803 883 exercuit,
818 816 852 869 ut
865 809 1007 870 virtutem
1021 818 1121 880 tames

95 891 126 952 in
156 893 301 953 secundis
328 909 420 967 quam
445 893 475 952 in
497 892 638 953 adversis
663 891 821 953 exhiberet
842 909 899 954 nec
926 893 1083 954 materiam

96 978 180 1050 ciue,
205 978 263 1038 sed
281 977 381 1053 ipsam
400 977 577 1037 intueretur.
613 976 717 1052 itaque
739 992 795 1036 nec
818 983 984 1052 paupertas
999 977 1083 1038 illum

95 1076 154 1120 nec
168 1062 258 1121 dolor
272 1077 329 1120 nec
345 1061 492 1136 quicquid
507 1060 590 1121 aliud
605 1060 752 1136 inperitos
767 1061 876 1122 avertit
890 1066 920 1120 et
932 1061 1082 1137 praecipi-

95 1152 143 1204 tes
163 1147 239 1220 agit,
263 1145 412 1221 prohibet.
450 1147 495 1205 Tu
514 1144 598 1205 illum
620 1146 716 1221 premi
737 1152 828 1221 putas
851 1145 959 1205 malis?
982 1145 1081 1205 utitur.

94 1229 163 1289 Non
184 1245 223 1288 ex
245 1229 339 1291 ebore
360 1235 474 1290 tantum
496 1229 619 1290 Phidias
642 1229 760 1290 sciebat
780 1231 882 1288 lacere
903 1229 1124 1292 simulacrazld

95 1314 230 1374 faciebat
246 1329 285 1374 ex
300 1329 381 1373 aere.
411 1315 438 1374 si
453 1330 585 1374 marmor
602 1313 660 1388 illi,
676 1314 703 1374 si
719 1313 819 1374 adhuc
835 1313 972 1374 viliorem
988 1320 1080 1373 mate-

94 1399 171 1457 riam
186 1397 367 1472 obtulisses,
382 1398 521 1472 tecisset,
539 1399 629 1472 quale
644 1414 683 1459 ex
699 1398 749 1458 illa
767 1397 833 1458 fieri
849 1396 996 1474 optimum
1008 1408 1081 1472 pos-

95 1490 159 1543 set:
181 1482 226 1542 sic
242 1483 368 1557 sapiens
384 1482 539 1556 virtutem,
557 1481 584 1542 si
598 1481 716 1561 licebit,
731 1483 761 1541 in
777 1481 891 1543 divitiis
906 1481 1081 1557 explicabit,

94 1568 122 1627 si
137 1565 256 1638 minuS‚
279 1567 309 1627 in
325 1573 517 1642 paupertate.
549 1566 576 1626 si
591 1565 716 1641 poterit,
738 1566 898 1641 lupatria,
922 1567 949 1624 si
970 1566 1080 1638 minus,

93 1652 124 1710 in
143 1651 246 1712 exilio.
275 1652 302 1711 si
317 1651 444 1726 poterit,
458 1652 638 1726 imperator,
654 1650 680 1709 si
695 1651 810 1721 minus,
827 1650 924 1709 miles.
954 1649 980 1708 si
995 1656 1081 1724 pote·

93 1736 147 1808 rit,
162 1735 288 1810 integer,
303 1735 330 1795 si
345 1735 455 1809 minus,
472 1735 593 1796 debilis.
625 1749 850 1810 quamcumque
865 1734 1016 1794 fortunam
1031 1749 1080 1792 ac-

95 1820 218 1895 ceperit,
236 1818 353 1895 aliquid
368 1835 408 1879 ex
422 1820 474 1879 illa
486 1819 684 1879 memorabile
699 1818 819 1878 efficiet.
848 1817 927 1878 certi
943 1825 1014 1877 sunt
1027 1818 1081 1877 do·
1089 1828 1123 1881 41

94 1903 219 1964 mitores
236 1905 382 1978 terarum,
400 1904 453 1979 qui
468 1903 649 1964 saevissima
664 1903 806 1963 animalia
820 1900 903 1963 etad
919 1916 1081 1962 occursum

94 1988 335 2062 expavescentia
359 1988 514 2049 hominem
541 1988 603 2064 pati
633 1987 779 2062 subigunt
802 2003 860 2047 nec
886 1985 1082 2061 asperitatem
1181 1996 1184 2001 ·

94 2072 275 2133 excussisse
290 2074 423 2133 contenti
438 2073 584 2149 usquein
599 2071 829 2133 contubernium
844 2071 996 2145 mitigant:
1017 2071 1080 2129 leo·

94 2157 186 2217 nibus
212 2157 357 2232 magister
385 2173 506 2218 manum
533 2158 668 2217 insertat.
704 2158 859 2218 osculatur
884 2154 983 2230 tigrim
1004 2170 1080 2215 suus

95 2247 212 2302 custos.
254 2241 446 2316 elephantem
467 2242 609 2302 minimus
628 2240 779 2317 Aethiops
808 2240 893 2303 iubet
918 2238 1081 2300 subsidere
1127 2309 1130 2314 ,

92 2327 123 2385 in
145 2341 246 2400 genua
260 2333 291 2386 et
306 2324 463 2386 ambulare
483 2342 537 2403 per
553 2327 668 2387 lunam:
689 2326 734 2385 sic
755 2327 880 2402 sapiens
904 2323 1012 2384 artilex
1033 2330 1081 2383 est

93 2410 239 2471 domandi
255 2410 343 2470 mala.
372 2410 476 2484 dolor,
492 2418 625 2486 egestas,
636 2410 809 2485 ignominia,
827 2423 942 2482 carcer,
958 2406 1080 2466 exilium

94 2502 125 2555 et
145 2492 261 2567 ubique
276 2493 444 2569 horrenda,
467 2496 593 2556 eumad
613 2493 694 2554 hunc
716 2496 899 2570 pervenere,
922 2495 1081 2550 mansueta

93 2583 176 2639 sunt.
220 2576 308 2638 Vale.
862 2600 865 2608 ·
