2422 3862
176 210 240 275 330
277 251 280 257 ·
459 209 491 269 t.
511 207 658 268 ANNAEI
680 207 858 268 selinunte

175 363 277 425 minus
298 361 403 435 nobis,
429 360 482 421 ubi
503 360 586 420 illum
607 357 805 421 inexorabilis
831 359 962 421 latorum
986 361 1162 423 necessitas

176 447 256 520 fixit,
278 446 335 506 sed
356 461 446 506 nemo
466 444 523 504 scit
541 452 693 518 nostrum,
718 459 810 518 quom
830 459 930 519 prope
943 449 1086 509 versetur
1100 452 1162 505 ter-

176 529 291 590 minus=
322 527 369 589 sic
391 531 495 604 itaque
514 528 679 589 formemus
700 527 848 600 animum,
868 535 1023 602 tamquam
1044 528 1085 587 ad
1106 544 1163 588 ex·

176 622 273 674 trema
287 619 410 673 ventum
426 612 474 672 sit
497 610 571 678 nihil
587 609 776 671 differamus.
807 609 955 671 cotidie
976 625 1057 670 curn
1080 611 1162 673 vite

143 697 283 772 eperia
296 695 493 755 iaciamus.
522 693 688 753 Maximum
699 695 789 754 ¹vitue
810 693 914 753 vitium
930 700 992 766 est,
1014 695 1101 768 quod
1114 695 1160 758 in·

176 781 314 856 perfecte
334 793 457 853 semper
477 785 540 849 est,
563 778 648 852 quod
670 776 786 852 aliquid
807 792 847 837 ex
861 777 912 836 illa
929 776 1076 838 differtur.
1107 779 1161 854 qui

176 862 289 924 cotidie
305 859 384 935 ritae
400 876 475 920 suae
491 876 640 920 summam
653 877 778 940 manum
791 861 943 936 inposuit,
961 876 1023 920 non
1043 861 1162 937 indiget

175 953 325 1019 tempore.
353 959 393 1002 ex
406 943 465 1003 hac
483 949 582 1003 eutem
598 942 766 1018 indigentie
780 943 871 1004 timor
881 944 1018 1004 nuscitur
1029 953 1060 1005 et
1073 944 1157 1019 cupi·

177 1028 257 1087 ditas
273 1027 364 1087 luturi
381 1023 682 1087 exedens⁰animunr.
714 1026 791 1089 nibil
807 1033 855 1086 est
874 1026 1016 1087 miserius
1039 1027 1159 1088 dubite-

56 1158 61 1170 .
175 1111 260 1173 tione
283 1110 482 1183 venientium,
508 1125 642 1184 quorsus
664 1110 807 1171 evadent.
839 1119 984 1186 quantum
1010 1111 1050 1172 sit
1072 1112 1158 1187 illud,

177 1195 262 1269 quod
275 1200 384 1268 restet,
405 1202 458 1254 aut
476 1195 581 1268 quale,
607 1200 764 1254 contrecto
778 1209 864 1254 mens
878 1192 1083 1269 inexplicabili
1095 1195 1158 1255 lor-

143 1279 160 1334 9
176 1277 289 1338 midine
307 1277 472 1350 agitaqun.
494 1276 560 1350 Quo
581 1276 674 1337 modo
695 1276 876 1352 effugiemus
896 1277 977 1338 hanc
996 1278 1157 1340 volutatio-

175 1366 268 1421 nem?
286 1376 363 1434 uno,
378 1364 405 1420 si
421 1360 483 1419 vite
497 1367 602 1420 nostre
617 1376 678 1420 non
692 1362 889 1434 prominebit‚
904 1359 932 1420 si
945 1361 979 1420 in
991 1377 1026 1422 se
1040 1361 1157 1438 colligi·

175 1453 232 1506 tur.
255 1444 305 1504 ille
320 1443 400 1504 enim
415 1459 455 1503 ex
469 1444 569 1505 futuro
584 1444 796 1519 suspenditur,
811 1444 861 1504 cui
874 1444 995 1505 inritum
1006 1452 1055 1506 est
1067 1459 1157 1520 pree·

175 1544 264 1589 sensi
291 1528 343 1589 ubi
357 1543 447 1602 vero,
471 1527 617 1603 quicquid
632 1526 704 1586 milri
720 1526 827 1602 debui,
848 1528 1000 1595 redditum
1014 1535 1078 1602 est,
1105 1530 1156 1588 nbi

140 1682 145 1691 ⁵
175 1610 308 1673 stabilita
328 1627 415 1672 meos
436 1611 493 1672 scit
514 1610 587 1670 nihil
605 1611 757 1672 interesse
770 1612 848 1672 inter
863 1611 943 1672 diem
958 1619 988 1672 et
1001 1613 1155 1673 seculumz

175 1696 321 1770 quioquid
342 1694 490 1771 deinceps
511 1694 630 1754 dierum
649 1711 814 1770 rerumque
839 1702 997 1756 venturum
1022 1700 1086 1765 est,
1115 1711 1156 1756 ex

175 1781 235 1838 olto
258 1779 408 1854 prospicit
427 1787 542 1838 etcum
563 1779 657 1839 multo
681 1777 746 1838 risu
761 1779 872 1839 seriem
886 1786 1055 1853 temporum
1070 1779 1156 1853 cogi·

173 1869 225 1923 tot.
243 1862 330 1937 quid
345 1862 424 1921 eninr
440 1863 571 1922 varietas
585 1861 802 1937 mobilitasque
817 1878 943 1923 casuum
956 1859 1155 1938 perturbabit,

148 1945 200 2006 0si
218 1954 320 2007 certus
335 1946 379 2006 sis
394 1946 545 2006 adversus
559 1947 695 2007 incerte?
719 1946 793 2007 ldeo
816 1962 963 2022 propero,
979 1945 1090 2020 Lucili,
1111 1948 1155 2007 vi-

173 2044 247 2088 vere
268 2037 298 2089 et
318 2029 458 2103 singulos
480 2030 547 2090 dies
563 2030 700 2103 singulas
716 2030 793 2090 vites
809 2038 891 2105 puta.
920 2029 973 2104 qui
986 2028 1047 2090 hoc
1062 2031 1154 2093 modo

173 2127 209 2171 se
223 2112 970 2188 aptavit,cuivitasueootidieluittote,
987 2128 1154 2175 securus

173 2202 249 2256 est:
283 2196 320 2253 in
345 2211 450 2271 spem
480 2195 705 2257 viventibus
731 2197 944 2272 proximum
970 2198 1155 2274 quodque

173 2279 1154 2355 tempuselabitursubitqueaviditesetmiserrimus

172 2376 215 2421 ec
242 2361 461 2421 miserrima
487 2363 612 2423 omnia
636 2363 825 2424 efficiens
852 2371 976 2424 metus
1002 2366 1152 2426 mortis.

171 2444 627 2507 IndeilludMaecenetis
643 2448 910 2523 turpissimum
924 2456 1069 2524 votum,
1092 2466 1153 2526 quo

172 2538 202 2590 et
224 2529 409 2591 debilitatem
432 2546 492 2591 non
513 2539 636 2591 recuset
657 2539 687 2592 et
701 2532 924 2592 deformitatem
940 2539 970 2592 et
984 2533 1153 2594 novissime

172 2621 290 2673 acutam
307 2630 444 2687 crucem,
465 2615 631 2674 dummodo
647 2614 724 2675 inter
738 2615 816 2675 haec
830 2618 910 2675 mala
931 2615 1059 2690 spiritus
1082 2634 1152 2693 pro-

171 2705 310 2771 rogetur:
1001 2709 1002 2715 ’

415 2783 545 2842 Debilem
555 2781 652 2854 facito
665 2798 765 2854 manu,
788 2839 790 2842 ,

460 2865 582 2924 debilem
592 2866 684 2940 pede,
698 2882 785 2936 coeo,

413 2947 497 3006 tuder
509 2949 646 3021 adstrue,
657 2949 817 3022 pibberum,

455 3031 583 3092 lubricos
593 3038 680 3106 quote
693 3033 810 3091 dentes:

415 3115 475 3172 uita
487 3115 557 3174 dum
570 3123 716 3189 superest,
732 3116 803 3175 bene
815 3122 867 3176 est.
902 3156 905 3160 -

454 3198 535 3257 hume
548 3200 634 3271 milri,
650 3202 695 3258 uel
708 3205 798 3259 acuta

410 3283 439 3340 si
451 3281 570 3341 sedeam
583 3297 686 3352 cruce,
700 3285 819 3342 sustine.

129 3359 256 3434 129u0d
269 3361 470 3440 miserrimum
486 3371 565 3438 crat,
587 3365 613 3423 si
628 3363 800 3438 incidisset,
816 3373 936 3440 optetur
950 3374 980 3426 et
989 3372 1151 3442 tamquam
1198 3436 1200 3445 Ι

166 3444 229 3505 vite
250 3446 360 3520 petitur
385 3445 528 3521 supplicii
554 3463 649 3508 mora.
682 3449 976 3526 contemptissimum
997 3460 1152 3525 putarem,
