<?xml version="1.0" encoding="UTF-8"?>
<!DOCTYPE html PUBLIC "-//W3C//DTD XHTML 1.0 Transitional//EN"
    "http://www.w3.org/TR/xhtml1/DTD/xhtml1-transitional.dtd">
<html xmlns="http://www.w3.org/1999/xhtml" xml:lang="en" lang="en">
 <head>
  <title>
</title>
<meta http-equiv="Content-Type" content="text/html;charset=utf-8" />
  <meta name='ocr-system' content='tesseract 3.04.00' />
  <meta name='ocr-capabilities' content='ocr_page ocr_carea ocr_par ocr_line ocrx_word'/>
</head>
<body>
  <div class='ocr_page' id='page_1' title='image "./lannaeisenecaeo06senegoog_0077.png"; bbox 0 0 2422 3862; ppageno 0'>
   <div class='ocr_carea' id='block_1_1' title="bbox 124 197 904 263">
    <p class='ocr_par' dir='ltr' id='par_1_1' title="bbox 124 197 904 263">
     <span class='ocr_line' id='line_1_1' title="bbox 124 197 904 263; baseline 0.003 -2"><span class='ocrx_word' id='word_1_1' title='bbox 124 199 166 261; x_wconf 78' lang='lat'><strong>42</strong></span> <span class='ocrx_word' id='word_1_2' title='bbox 435 199 466 258; x_wconf 90' lang='lat' dir='ltr'><strong>L.</strong></span> <span class='ocrx_word' id='word_1_3' title='bbox 488 198 635 258; x_wconf 83' lang='grc' dir='ltr'>ΑΝΝΑΕΙ</span> <span class='ocrx_word' id='word_1_4' title='bbox 658 197 833 258; x_wconf 83' lang='lat' dir='ltr'><strong>SENECAE</strong></span> <span class='ocrx_word' id='word_1_5' title='bbox 859 206 867 220; x_wconf 84' lang='lat'><em>&#39;</em></span> <span class='ocrx_word' id='word_1_6' title='bbox 902 258 904 263; x_wconf 40' lang='lat'><strong>,</strong></span> 
     </span>
    </p>
   </div>
   <div class='ocr_carea' id='block_1_2' title="bbox 29 348 1113 3544">
    <p class='ocr_par' dir='ltr' id='par_1_2' title="bbox 29 348 1113 3544">
     <span class='ocr_line' id='line_1_2' title="bbox 29 348 1104 431; baseline -0.001 -17"><span class='ocrx_word' id='word_1_7' title='bbox 29 423 33 431; x_wconf 49' lang='grc'><em>,</em></span> <span class='ocrx_word' id='word_1_8' title='bbox 127 353 219 414; x_wconf 84' lang='lat' dir='ltr'><strong>avida</strong></span> <span class='ocrx_word' id='word_1_9' title='bbox 232 352 361 412; x_wconf 76' lang='lat' dir='ltr'><strong>felicitas</strong></span> <span class='ocrx_word' id='word_1_10' title='bbox 379 358 427 412; x_wconf 89' lang='lat' dir='ltr'><strong>est</strong></span> <span class='ocrx_word' id='word_1_11' title='bbox 441 358 471 411; x_wconf 93' lang='lat' dir='ltr'><strong>et</strong></span> <span class='ocrx_word' id='word_1_12' title='bbox 487 349 604 413; x_wconf 90' lang='lat' dir='ltr'><strong>alienae</strong></span> <span class='ocrx_word' id='word_1_13' title='bbox 618 348 753 410; x_wconf 86' lang='lat' dir='ltr'><strong>aviditati</strong></span> <span class='ocrx_word' id='word_1_14' title='bbox 770 349 921 427; x_wconf 87' lang='lat' dir='ltr'><strong>exposita.</strong></span> <span class='ocrx_word' id='word_1_15' title='bbox 958 352 1104 426; x_wconf 84' lang='lat' dir='ltr'>quamdiu</span> 
     </span>
     <span class='ocr_line' id='line_1_3' title="bbox 96 433 1104 510; baseline 0 -14"><span class='ocrx_word' id='word_1_16' title='bbox 96 436 180 499; x_wconf 71' lang='lat' dir='ltr'><strong>stibi</strong></span> <span class='ocrx_word' id='word_1_17' title='bbox 194 436 269 497; x_wconf 88' lang='lat' dir='ltr'><strong>satis</strong></span> <span class='ocrx_word' id='word_1_18' title='bbox 284 436 358 496; x_wconf 87' lang='lat' dir='ltr'>nihil</span> <span class='ocrx_word' id='word_1_19' title='bbox 374 436 477 509; x_wconf 90' lang='lat' dir='ltr'><strong>luerit,</strong></span> <span class='ocrx_word' id='word_1_20' title='bbox 500 435 569 510; x_wconf 88' lang='lat' dir='ltr'><strong>ipse</strong></span> <span class='ocrx_word' id='word_1_21' title='bbox 584 433 651 494; x_wconf 90' lang='lat' dir='ltr'><strong>aliis</strong></span> <span class='ocrx_word' id='word_1_22' title='bbox 667 451 728 497; x_wconf 93' lang='lat' dir='ltr'><strong>non</strong></span> <span class='ocrx_word' id='word_1_23' title='bbox 744 435 815 496; x_wconf 87' lang='lat' dir='ltr'><strong>eris.</strong></span> <span class='ocrx_word' id='word_1_24' title='bbox 851 434 1042 510; x_wconf 74' lang='lat' dir='ltr'><strong>„Quomodo</strong></span> <span class='ocrx_word' id='word_1_25' title='bbox 1060 437 1104 496; x_wconf 94' lang='lat' dir='ltr'><strong>in-</strong></span> 
     </span>
     <span class='ocr_line' id='line_1_4' title="bbox 128 519 1104 598; baseline -0.001 -17"><span class='ocrx_word' id='word_1_26' title='bbox 128 522 211 598; x_wconf 87' lang='lat' dir='ltr'>quis,</span> <span class='ocrx_word' id='word_1_27' title='bbox 241 521 371 583; x_wconf 77' lang='lat' dir='ltr'><strong>exibo‘t“</strong></span> <span class='ocrx_word' id='word_1_28' title='bbox 411 519 592 594; x_wconf 81' lang='lat' dir='ltr'>Utcumque.</span> <span class='ocrx_word' id='word_1_29' title='bbox 621 519 737 594; x_wconf 83' lang='lat' dir='ltr'><strong>cogita,</strong></span> <span class='ocrx_word' id='word_1_30' title='bbox 763 535 854 594; x_wconf 87' lang='lat' dir='ltr'><strong>quarn</strong></span> <span class='ocrx_word' id='word_1_31' title='bbox 875 521 971 580; x_wconf 91' lang='lat' dir='ltr'><strong>multa</strong></span> <span class='ocrx_word' id='word_1_32' title='bbox 990 526 1104 581; x_wconf 90' lang='lat' dir='ltr'><strong>temere</strong></span> 
     </span>
     <span class='ocr_line' id='line_1_5' title="bbox 125 602 1104 682; baseline -0.001 -16"><span class='ocrx_word' id='word_1_33' title='bbox 125 622 182 682; x_wconf 93' lang='lat' dir='ltr'><strong>pro</strong></span> <span class='ocrx_word' id='word_1_34' title='bbox 204 606 349 682; x_wconf 88' lang='lat' dir='ltr'><strong>pecunia,</strong></span> <span class='ocrx_word' id='word_1_35' title='bbox 374 620 464 680; x_wconf 88' lang='lat' dir='ltr'><strong>quam</strong></span> <span class='ocrx_word' id='word_1_36' title='bbox 484 605 580 665; x_wconf 83' lang='lat' dir='ltr'><strong>multa</strong></span> <span class='ocrx_word' id='word_1_37' title='bbox 597 602 751 665; x_wconf 79' lang='lat' dir='ltr'>laboriose</span> <span class='ocrx_word' id='word_1_38' title='bbox 774 619 829 678; x_wconf 92' lang='lat' dir='ltr'><strong>pro</strong></span> <span class='ocrx_word' id='word_1_39' title='bbox 844 603 962 664; x_wconf 80' lang='lat' dir='ltr'>honore</span> <span class='ocrx_word' id='word_1_40' title='bbox 976 611 1104 680; x_wconf 84' lang='lat' dir='ltr'><strong>tempta-</strong></span> 
     </span>
     <span class='ocr_line' id='line_1_6' title="bbox 126 687 1105 766; baseline -0.002 -17"><span class='ocrx_word' id='word_1_41' title='bbox 126 690 223 751; x_wconf 81' lang='lat' dir='ltr'>veris:</span> <span class='ocrx_word' id='word_1_42' title='bbox 246 689 359 766; x_wconf 90' lang='lat' dir='ltr'><strong>aliquid</strong></span> <span class='ocrx_word' id='word_1_43' title='bbox 381 696 410 748; x_wconf 89' lang='lat' dir='ltr'><strong>et</strong></span> <span class='ocrx_word' id='word_1_44' title='bbox 432 705 487 763; x_wconf 92' lang='lat' dir='ltr'><strong>pro</strong></span> <span class='ocrx_word' id='word_1_45' title='bbox 505 687 567 749; x_wconf 93' lang='lat' dir='ltr'><strong>otio</strong></span> <span class='ocrx_word' id='word_1_46' title='bbox 584 687 758 749; x_wconf 92' lang='lat' dir='ltr'><strong>audendum</strong></span> <span class='ocrx_word' id='word_1_47' title='bbox 774 695 835 762; x_wconf 88' lang='lat' dir='ltr'><strong>est,</strong></span> <span class='ocrx_word' id='word_1_48' title='bbox 858 695 909 748; x_wconf 93' lang='lat' dir='ltr'><strong>aut</strong></span> <span class='ocrx_word' id='word_1_49' title='bbox 924 688 953 748; x_wconf 88' lang='lat' dir='ltr'><strong>in</strong></span> <span class='ocrx_word' id='word_1_50' title='bbox 969 689 1028 750; x_wconf 91' lang='lat' dir='ltr'><strong>ista</strong></span> <span class='ocrx_word' id='word_1_51' title='bbox 1043 689 1105 750; x_wconf 93' lang='lat' dir='ltr'><strong>sol-</strong></span> 
     </span>
     <span class='ocr_line' id='line_1_7' title="bbox 126 771 1106 850; baseline -0.002 -16"><span class='ocrx_word' id='word_1_52' title='bbox 126 773 281 835; x_wconf 89' lang='lat' dir='ltr'><strong>licitudine</strong></span> <span class='ocrx_word' id='word_1_53' title='bbox 296 773 543 850; x_wconf 79' lang='lat' dir='ltr'>procurationum</span> <span class='ocrx_word' id='word_1_54' title='bbox 559 778 589 835; x_wconf 83' lang='lat' dir='ltr'><strong>et</strong></span> <span class='ocrx_word' id='word_1_55' title='bbox 605 771 716 833; x_wconf 89' lang='lat' dir='ltr'><strong>deinde</strong></span> <span class='ocrx_word' id='word_1_56' title='bbox 730 771 917 832; x_wconf 92' lang='lat' dir='ltr'><strong>urbanorum</strong></span> <span class='ocrx_word' id='word_1_57' title='bbox 933 771 1106 836; x_wconf 86' lang='lat' dir='ltr'><strong>officiorum</strong></span> 
     </span>
     <span class='ocr_line' id='line_1_8' title="bbox 127 855 1107 932; baseline -0.001 -12"><span class='ocrx_word' id='word_1_58' title='bbox 127 859 351 920; x_wconf 87' lang='lat' dir='ltr'><strong>senescendum</strong></span> <span class='ocrx_word' id='word_1_59' title='bbox 367 856 397 916; x_wconf 92' lang='lat' dir='ltr'><strong>in</strong></span> <span class='ocrx_word' id='word_1_60' title='bbox 414 857 541 917; x_wconf 88' lang='lat' dir='ltr'><strong>tumultu</strong></span> <span class='ocrx_word' id='word_1_61' title='bbox 556 871 599 927; x_wconf 20' lang='lat' dir='ltr'><strong>ac,</strong></span> <span class='ocrx_word' id='word_1_62' title='bbox 609 870 731 931; x_wconf 83' lang='lat' dir='ltr'><strong>semper</strong></span> <span class='ocrx_word' id='word_1_63' title='bbox 745 856 834 917; x_wconf 92' lang='lat' dir='ltr'><strong>novis</strong></span> <span class='ocrx_word' id='word_1_64' title='bbox 849 855 1007 929; x_wconf 87' lang='lat' dir='ltr'><strong>fluctibus,</strong></span> <span class='ocrx_word' id='word_1_65' title='bbox 1025 874 1107 932; x_wconf 91' lang='lat' dir='ltr'><strong>quos</strong></span> 
     </span>
     <span class='ocr_line' id='line_1_9' title="bbox 127 939 1106 1017; baseline 0 -14"><span class='ocrx_word' id='word_1_66' title='bbox 127 942 263 1017; x_wconf 82' lang='lat' dir='ltr'><strong>effugere</strong></span> <span class='ocrx_word' id='word_1_67' title='bbox 277 943 360 1002; x_wconf 91' lang='lat' dir='ltr'><strong>nulla</strong></span> <span class='ocrx_word' id='word_1_68' title='bbox 375 941 538 1012; x_wconf 89' lang='lat' dir='ltr'><strong>modestia,</strong></span> <span class='ocrx_word' id='word_1_69' title='bbox 563 941 645 1002; x_wconf 88' lang='lat' dir='ltr'><strong>nulla</strong></span> <span class='ocrx_word' id='word_1_70' title='bbox 659 939 738 1001; x_wconf 87' lang='lat' dir='ltr'><strong>vitae</strong></span> <span class='ocrx_word' id='word_1_71' title='bbox 754 940 856 1015; x_wconf 90' lang='lat' dir='ltr'><strong>quiete</strong></span> <span class='ocrx_word' id='word_1_72' title='bbox 870 940 1004 1015; x_wconf 81' lang='lat' dir='ltr'><strong>contigit.</strong></span> <span class='ocrx_word' id='word_1_73' title='bbox 1030 942 1106 1017; x_wconf 85' lang='lat' dir='ltr'><strong>quid</strong></span> 
     </span>
     <span class='ocr_line' id='line_1_10' title="bbox 127 1022 1107 1101; baseline -0.001 -14"><span class='ocrx_word' id='word_1_74' title='bbox 127 1028 206 1087; x_wconf 92' lang='lat' dir='ltr'><strong>enim</strong></span> <span class='ocrx_word' id='word_1_75' title='bbox 222 1027 261 1087; x_wconf 91' lang='lat' dir='ltr'><strong>ad</strong></span> <span class='ocrx_word' id='word_1_76' title='bbox 275 1042 338 1088; x_wconf 88' lang='lat' dir='ltr'><strong>rem</strong></span> <span class='ocrx_word' id='word_1_77' title='bbox 352 1027 496 1101; x_wconf 77' lang='lat' dir='ltr'><strong>pertinet,</strong></span> <span class='ocrx_word' id='word_1_78' title='bbox 519 1040 557 1087; x_wconf 87' lang='lat' dir='ltr'><strong>an</strong></span> <span class='ocrx_word' id='word_1_79' title='bbox 573 1031 606 1087; x_wconf 92' lang='lat' dir='ltr'><strong>tu</strong></span> <span class='ocrx_word' id='word_1_80' title='bbox 621 1024 782 1098; x_wconf 81' lang='lat' dir='ltr'><strong>quiescere</strong></span> <span class='ocrx_word' id='word_1_81' title='bbox 800 1022 898 1084; x_wconf 82' lang='lat' dir='ltr'><strong>velist</strong></span> <span class='ocrx_word' id='word_1_82' title='bbox 920 1025 1040 1087; x_wconf 89' lang='lat' dir='ltr'><strong>lortuna</strong></span> <span class='ocrx_word' id='word_1_83' title='bbox 1054 1034 1107 1088; x_wconf 91' lang='lat' dir='ltr'><strong>tua</strong></span> 
     </span>
     <span class='ocr_line' id='line_1_11' title="bbox 128 1109 1108 1186; baseline -0.003 -15"><span class='ocrx_word' id='word_1_84' title='bbox 128 1128 187 1173; x_wconf 94' lang='lat' dir='ltr'><strong>non</strong></span> <span class='ocrx_word' id='word_1_85' title='bbox 214 1112 286 1172; x_wconf 87' lang='lat' dir='ltr'><strong>vult.</strong></span> <span class='ocrx_word' id='word_1_86' title='bbox 327 1110 402 1186; x_wconf 91' lang='lat' dir='ltr'><strong>quid</strong></span> <span class='ocrx_word' id='word_1_87' title='bbox 428 1109 454 1170; x_wconf 95' lang='lat' dir='ltr'><strong>si</strong></span> <span class='ocrx_word' id='word_1_88' title='bbox 478 1109 520 1168; x_wconf 88' lang='lat' dir='ltr'><strong>illi</strong></span> <span class='ocrx_word' id='word_1_89' title='bbox 545 1109 717 1170; x_wconf 80' lang='lat' dir='ltr'><strong>etiamnunc</strong></span> <span class='ocrx_word' id='word_1_90' title='bbox 742 1109 918 1184; x_wconf 84' lang='lat' dir='ltr'><strong>permiseris</strong></span> <span class='ocrx_word' id='word_1_91' title='bbox 943 1117 1108 1179; x_wconf 80' lang='lat' dir='ltr'><strong>cresceret</strong></span> 
     </span>
     <span class='ocr_line' id='line_1_12' title="bbox 129 1192 1105 1272; baseline -0.003 -14"><span class='ocrx_word' id='word_1_92' title='bbox 129 1202 274 1272; x_wconf 86' lang='lat' dir='ltr'><strong>quantum</strong></span> <span class='ocrx_word' id='word_1_93' title='bbox 307 1196 346 1254; x_wconf 89' lang='lat' dir='ltr'><strong>ad</strong></span> <span class='ocrx_word' id='word_1_94' title='bbox 372 1209 539 1257; x_wconf 89' lang='lat' dir='ltr'><strong>successus</strong></span> <span class='ocrx_word' id='word_1_95' title='bbox 566 1192 746 1267; x_wconf 87' lang='lat' dir='ltr'><strong>accesserit,</strong></span> <span class='ocrx_word' id='word_1_96' title='bbox 780 1194 907 1255; x_wconf 83' lang='lat' dir='ltr'><strong>accedet</strong></span> <span class='ocrx_word' id='word_1_97' title='bbox 931 1194 971 1255; x_wconf 93' lang='lat' dir='ltr'><strong>ad</strong></span> <span class='ocrx_word' id='word_1_98' title='bbox 996 1203 1105 1264; x_wconf 80' lang='lat' dir='ltr'><strong>metus</strong></span> 
     </span>
     <span class='ocr_line' id='line_1_13' title="bbox 98 1276 1105 1347; baseline -0.001 -8"><span class='ocrx_word' id='word_1_99' title='bbox 98 1282 207 1341; x_wconf 84' lang='lat' dir='ltr'><strong>9Volo</strong></span> <span class='ocrx_word' id='word_1_100' title='bbox 229 1279 282 1339; x_wconf 90' lang='lat' dir='ltr'><strong>tibi</strong></span> <span class='ocrx_word' id='word_1_101' title='bbox 303 1279 451 1341; x_wconf 92' lang='lat' dir='ltr'><strong>hocloco</strong></span> <span class='ocrx_word' id='word_1_102' title='bbox 478 1278 594 1341; x_wconf 85' lang='lat' dir='ltr'><strong>reterre</strong></span> <span class='ocrx_word' id='word_1_103' title='bbox 614 1276 725 1337; x_wconf 86' lang='lat' dir='ltr'><strong>dictum</strong></span> <span class='ocrx_word' id='word_1_104' title='bbox 749 1277 956 1347; x_wconf 71' lang='lat' dir='ltr'><strong>Maecenatise.</strong></span> <span class='ocrx_word' id='word_1_105' title='bbox 976 1294 1051 1345; x_wconf 83' lang='lat' dir='ltr'><strong>vera</strong></span> <span class='ocrx_word' id='word_1_106' title='bbox 1075 1279 1105 1338; x_wconf 87' lang='lat' dir='ltr'><strong>iu</strong></span> 
     </span>
     <span class='ocr_line' id='line_1_14' title="bbox 129 1362 1106 1440; baseline 0 -17"><span class='ocrx_word' id='word_1_107' title='bbox 129 1365 197 1440; x_wconf 90' lang='lat' dir='ltr'><strong>ipso</strong></span> <span class='ocrx_word' id='word_1_108' title='bbox 220 1364 326 1424; x_wconf 85' lang='lat' dir='ltr'><strong>eculeo</strong></span> <span class='ocrx_word' id='word_1_109' title='bbox 347 1362 465 1423; x_wconf 84' lang='lat' dir='ltr'><strong>docuit:</strong></span> <span class='ocrx_word' id='word_1_110' title='bbox 493 1365 580 1438; x_wconf 75' lang='lat' dir='ltr'><strong>„apsa</strong></span> <span class='ocrx_word' id='word_1_111' title='bbox 599 1364 677 1423; x_wconf 85' lang='lat' dir='ltr'><strong>enim</strong></span> <span class='ocrx_word' id='word_1_112' title='bbox 696 1363 820 1423; x_wconf 82' lang='lat' dir='ltr'><strong>altitudo</strong></span> <span class='ocrx_word' id='word_1_113' title='bbox 836 1369 949 1427; x_wconf 78' lang='lat' dir='ltr'><strong>attonat.</strong></span> <span class='ocrx_word' id='word_1_114' title='bbox 961 1367 1106 1425; x_wconf 82' lang='lat' dir='ltr'><strong>swnma.“</strong></span> 
     </span>
     <span class='ocr_line' id='line_1_15' title="bbox 129 1445 1107 1523; baseline 0.005 -16"><span class='ocrx_word' id='word_1_115' title='bbox 129 1449 155 1508; x_wconf 91' lang='lat' dir='ltr'><strong>si</strong></span> <span class='ocrx_word' id='word_1_116' title='bbox 179 1446 316 1523; x_wconf 89' lang='lat' dir='ltr'><strong>quaeris,</strong></span> <span class='ocrx_word' id='word_1_117' title='bbox 344 1448 373 1506; x_wconf 92' lang='lat' dir='ltr'><strong>in</strong></span> <span class='ocrx_word' id='word_1_118' title='bbox 401 1463 465 1522; x_wconf 88' lang='lat' dir='ltr'><strong>quo</strong></span> <span class='ocrx_word' id='word_1_119' title='bbox 486 1446 563 1506; x_wconf 89' lang='lat' dir='ltr'><strong>libro</strong></span> <span class='ocrx_word' id='word_1_120' title='bbox 591 1445 714 1507; x_wconf 84' lang='lat' dir='ltr'><strong>dixerit:</strong></span> <span class='ocrx_word' id='word_1_121' title='bbox 747 1447 776 1506; x_wconf 94' lang='lat' dir='ltr'><strong>in</strong></span> <span class='ocrx_word' id='word_1_122' title='bbox 797 1461 851 1520; x_wconf 91' lang='lat' dir='ltr'><strong>eo,</strong></span> <span class='ocrx_word' id='word_1_123' title='bbox 881 1447 933 1522; x_wconf 90' lang='lat' dir='ltr'><strong>qui</strong></span> <span class='ocrx_word' id='word_1_124' title='bbox 954 1446 1107 1512; x_wconf 79' lang='lat' dir='ltr'><strong>Prome-</strong></span> 
     </span>
     <span class='ocr_line' id='line_1_16' title="bbox 129 1530 1108 1604; baseline 0 -10"><span class='ocrx_word' id='word_1_125' title='bbox 129 1533 242 1594; x_wconf 91' lang='lat' dir='ltr'><strong>theus</strong></span> <span class='ocrx_word' id='word_1_126' title='bbox 275 1531 457 1592; x_wconf 90' lang='lat' dir='ltr'><strong>inscribitur.</strong></span> <span class='ocrx_word' id='word_1_127' title='bbox 503 1530 562 1591; x_wconf 93' lang='lat' dir='ltr'><strong>hoc</strong></span> <span class='ocrx_word' id='word_1_128' title='bbox 589 1531 684 1593; x_wconf 85' lang='lat' dir='ltr'><strong>voluit</strong></span> <span class='ocrx_word' id='word_1_129' title='bbox 709 1530 827 1604; x_wconf 85' lang='lat' dir='ltr'><strong>dicere,</strong></span> <span class='ocrx_word' id='word_1_130' title='bbox 871 1535 996 1593; x_wconf 81' lang='lat' dir='ltr'><strong>attonita</strong></span> <span class='ocrx_word' id='word_1_131' title='bbox 1021 1533 1108 1595; x_wconf 78' lang='lat' dir='ltr'><strong>babet</strong></span> 
     </span>
     <span class='ocr_line' id='line_1_17' title="bbox 127 1614 1108 1690; baseline -0.001 -11"><span class='ocrx_word' id='word_1_132' title='bbox 127 1633 251 1679; x_wconf 76' lang='lat' dir='ltr'><strong>sumam.</strong></span> <span class='ocrx_word' id='word_1_133' title='bbox 282 1615 337 1678; x_wconf 84' lang='lat' dir='ltr'><strong>Est</strong></span> <span class='ocrx_word' id='word_1_134' title='bbox 352 1631 426 1690; x_wconf 83' lang='lat' dir='ltr'><strong>ergo</strong></span> <span class='ocrx_word' id='word_1_135' title='bbox 440 1616 513 1676; x_wconf 83' lang='lat' dir='ltr'><strong>tanti</strong></span> <span class='ocrx_word' id='word_1_136' title='bbox 528 1615 591 1676; x_wconf 90' lang='lat' dir='ltr'><strong>ulla</strong></span> <span class='ocrx_word' id='word_1_137' title='bbox 604 1614 753 1690; x_wconf 87' lang='lat' dir='ltr'><strong>potentia,</strong></span> <span class='ocrx_word' id='word_1_138' title='bbox 777 1615 857 1676; x_wconf 92' lang='lat' dir='ltr'><strong>utsit</strong></span> <span class='ocrx_word' id='word_1_139' title='bbox 868 1616 920 1677; x_wconf 92' lang='lat' dir='ltr'><strong>tibi</strong></span> <span class='ocrx_word' id='word_1_140' title='bbox 931 1623 992 1676; x_wconf 90' lang='lat' dir='ltr'><strong>tam</strong></span> <span class='ocrx_word' id='word_1_141' title='bbox 1004 1615 1108 1681; x_wconf 87' lang='lat' dir='ltr'><strong>ebrius</strong></span> 
     </span>
     <span class='ocr_line' id='line_1_18' title="bbox 129 1697 1106 1776; baseline 0.001 -14"><span class='ocrx_word' id='word_1_142' title='bbox 129 1707 252 1763; x_wconf 81' lang='lat' dir='ltr'><strong>sermol</strong></span> <span class='ocrx_word' id='word_1_143' title='bbox 286 1701 469 1776; x_wconf 86' lang='lat' dir='ltr'><strong>Ingeniosus</strong></span> <span class='ocrx_word' id='word_1_144' title='bbox 484 1699 531 1758; x_wconf 93' lang='lat' dir='ltr'><strong>vir</strong></span> <span class='ocrx_word' id='word_1_145' title='bbox 545 1697 595 1760; x_wconf 89' lang='lat' dir='ltr'><strong>ille</strong></span> <span class='ocrx_word' id='word_1_146' title='bbox 610 1700 678 1773; x_wconf 88' lang='lat' dir='ltr'><strong>luit,</strong></span> <span class='ocrx_word' id='word_1_147' title='bbox 699 1715 840 1775; x_wconf 77' lang='lat' dir='ltr'><strong>magnum</strong></span> <span class='ocrx_word' id='word_1_148' title='bbox 857 1701 1032 1775; x_wconf 86' lang='lat' dir='ltr'><strong>exemplum</strong></span> <span class='ocrx_word' id='word_1_149' title='bbox 1046 1703 1106 1763; x_wconf 82' lang='lat' dir='ltr'><strong>Ro·</strong></span> 
     </span>
     <span class='ocr_line' id='line_1_19' title="bbox 128 1783 1108 1860; baseline 0.002 -13"><span class='ocrx_word' id='word_1_150' title='bbox 128 1801 236 1847; x_wconf 87' lang='lat' dir='ltr'><strong>manae</strong></span> <span class='ocrx_word' id='word_1_151' title='bbox 250 1785 443 1860; x_wconf 86' lang='lat' dir='ltr'><strong>eloquentiae</strong></span> <span class='ocrx_word' id='word_1_152' title='bbox 455 1784 597 1855; x_wconf 84' lang='lat' dir='ltr'><strong>daturus,</strong></span> <span class='ocrx_word' id='word_1_153' title='bbox 612 1783 671 1844; x_wconf 89' lang='lat' dir='ltr'><strong>nisi</strong></span> <span class='ocrx_word' id='word_1_154' title='bbox 682 1784 765 1844; x_wconf 92' lang='lat' dir='ltr'><strong>illum</strong></span> <span class='ocrx_word' id='word_1_155' title='bbox 777 1792 957 1853; x_wconf 85' lang='lat' dir='ltr'><strong>enervasset</strong></span> <span class='ocrx_word' id='word_1_156' title='bbox 968 1786 1108 1859; x_wconf 83' lang='lat' dir='ltr'><strong>felicitas,</strong></span> 
     </span>
     <span class='ocr_line' id='line_1_20' title="bbox 129 1867 1107 1941; baseline 0 -11"><span class='ocrx_word' id='word_1_157' title='bbox 129 1871 219 1931; x_wconf 92' lang='lat' dir='ltr'><strong>immo</strong></span> <span class='ocrx_word' id='word_1_158' title='bbox 235 1877 415 1935; x_wconf 74' lang='lat' dir='ltr'><strong>castrassem</strong></span> <span class='ocrx_word' id='word_1_159' title='bbox 436 1867 487 1928; x_wconf 92' lang='lat' dir='ltr'><strong>hic</strong></span> <span class='ocrx_word' id='word_1_160' title='bbox 501 1875 531 1931; x_wconf 92' lang='lat' dir='ltr'><strong>te</strong></span> <span class='ocrx_word' id='word_1_161' title='bbox 546 1868 646 1929; x_wconf 88' lang='lat' dir='ltr'><strong>exitus</strong></span> <span class='ocrx_word' id='word_1_162' title='bbox 663 1875 780 1941; x_wconf 84' lang='lat' dir='ltr'><strong>manet,</strong></span> <span class='ocrx_word' id='word_1_163' title='bbox 802 1869 861 1929; x_wconf 87' lang='lat' dir='ltr'><strong>nisi</strong></span> <span class='ocrx_word' id='word_1_164' title='bbox 871 1869 931 1933; x_wconf 91' lang='lat' dir='ltr'><strong>iam</strong></span> <span class='ocrx_word' id='word_1_165' title='bbox 943 1869 1107 1931; x_wconf 87' lang='lat' dir='ltr'><strong>contrahas</strong></span> 
     </span>
     <span class='ocr_line' id='line_1_21' title="bbox 131 1950 934 2029; baseline -0.004 -15"><span class='ocrx_word' id='word_1_166' title='bbox 131 1956 212 2026; x_wconf 91' lang='lat' dir='ltr'><strong>vela,</strong></span> <span class='ocrx_word' id='word_1_167' title='bbox 234 1952 308 2027; x_wconf 90' lang='lat' dir='ltr'><strong>nisi,</strong></span> <span class='ocrx_word' id='word_1_168' title='bbox 332 1953 480 2029; x_wconf 86' lang='lat' dir='ltr'><strong>quoditie</strong></span> <span class='ocrx_word' id='word_1_169' title='bbox 496 1967 567 2020; x_wconf 86' lang='lat' dir='ltr'><strong>sero</strong></span> <span class='ocrx_word' id='word_1_170' title='bbox 583 1950 692 2026; x_wconf 85' lang='lat' dir='ltr'><strong>voluit,</strong></span> <span class='ocrx_word' id='word_1_171' title='bbox 714 1960 825 2013; x_wconf 87' lang='lat' dir='ltr'><strong>terram</strong></span> <span class='ocrx_word' id='word_1_172' title='bbox 839 1953 934 2028; x_wconf 77' lang='lat' dir='ltr'><strong>leges.</strong></span> 
     </span>
     <span class='ocr_line' id='line_1_22' title="bbox 89 2036 1109 2113; baseline 0.002 -17"><span class='ocrx_word' id='word_1_173' title='bbox 89 2045 122 2098; x_wconf 90' lang='lat' dir='ltr'><strong>to</strong></span> <span class='ocrx_word' id='word_1_174' title='bbox 191 2037 330 2099; x_wconf 90' lang='lat' dir='ltr'><strong>Poteram</strong></span> <span class='ocrx_word' id='word_1_175' title='bbox 344 2045 443 2099; x_wconf 85' lang='lat' dir='ltr'><strong>tecum</strong></span> <span class='ocrx_word' id='word_1_176' title='bbox 459 2037 517 2097; x_wconf 89' lang='lat' dir='ltr'><strong>bac</strong></span> <span class='ocrx_word' id='word_1_177' title='bbox 527 2037 714 2109; x_wconf 84' lang='lat' dir='ltr'><strong>Maecenatis</strong></span> <span class='ocrx_word' id='word_1_178' title='bbox 726 2036 877 2104; x_wconf 86' lang='lat' dir='ltr'><strong>sententia</strong></span> <span class='ocrx_word' id='word_1_179' title='bbox 886 2053 992 2113; x_wconf 89' lang='lat' dir='ltr'><strong>parom</strong></span> <span class='ocrx_word' id='word_1_180' title='bbox 1007 2039 1109 2105; x_wconf 80' lang='lat' dir='ltr'><strong>lacere</strong></span> 
     </span>
     <span class='ocr_line' id='line_1_23' title="bbox 129 2119 1107 2196; baseline 0.003 -16"><span class='ocrx_word' id='word_1_181' title='bbox 129 2122 287 2184; x_wconf 88' lang='lat' dir='ltr'><strong>rationem.</strong></span> <span class='ocrx_word' id='word_1_182' title='bbox 316 2121 372 2181; x_wconf 87' lang='lat' dir='ltr'><strong>sed</strong></span> <span class='ocrx_word' id='word_1_183' title='bbox 394 2120 536 2181; x_wconf 89' lang='lat' dir='ltr'><strong>movebis</strong></span> <span class='ocrx_word' id='word_1_184' title='bbox 558 2119 629 2181; x_wconf 92' lang='lat' dir='ltr'><strong>mihi</strong></span> <span class='ocrx_word' id='word_1_185' title='bbox 651 2121 915 2196; x_wconf 73' lang='lat' dir='ltr'><strong>controversiam,</strong></span> <span class='ocrx_word' id='word_1_186' title='bbox 932 2122 959 2190; x_wconf 88' lang='lat' dir='ltr'><strong>si</strong></span> <span class='ocrx_word' id='word_1_187' title='bbox 979 2124 1050 2184; x_wconf 88' lang='lat' dir='ltr'><strong>novi</strong></span> <span class='ocrx_word' id='word_1_188' title='bbox 1069 2130 1107 2194; x_wconf 87' lang='lat' dir='ltr'><strong>te,</strong></span> 
     </span>
     <span class='ocr_line' id='line_1_24' title="bbox 130 2205 1109 2282; baseline 0.002 -18"><span class='ocrx_word' id='word_1_189' title='bbox 130 2220 187 2265; x_wconf 91' lang='lat' dir='ltr'><strong>nec</strong></span> <span class='ocrx_word' id='word_1_190' title='bbox 203 2205 289 2266; x_wconf 91' lang='lat' dir='ltr'><strong>voles</strong></span> <span class='ocrx_word' id='word_1_191' title='bbox 305 2205 390 2280; x_wconf 86' lang='lat' dir='ltr'><strong>quod</strong></span> <span class='ocrx_word' id='word_1_192' title='bbox 405 2205 520 2278; x_wconf 87' lang='lat' dir='ltr'><strong>debeo,</strong></span> <span class='ocrx_word' id='word_1_193' title='bbox 540 2206 570 2264; x_wconf 92' lang='lat' dir='ltr'><strong>in</strong></span> <span class='ocrx_word' id='word_1_194' title='bbox 584 2221 700 2280; x_wconf 88' lang='lat' dir='ltr'><strong>aspero</strong></span> <span class='ocrx_word' id='word_1_195' title='bbox 711 2212 744 2266; x_wconf 93' lang='lat' dir='ltr'><strong>et</strong></span> <span class='ocrx_word' id='word_1_196' title='bbox 757 2205 888 2280; x_wconf 86' lang='lat' dir='ltr'><strong>inprobo</strong></span> <span class='ocrx_word' id='word_1_197' title='bbox 900 2207 1053 2282; x_wconf 84' lang='lat' dir='ltr'><strong>accipere.</strong></span> <span class='ocrx_word' id='word_1_198' title='bbox 1075 2215 1109 2268; x_wconf 90' lang='lat' dir='ltr'><strong>ut</strong></span> 
     </span>
     <span class='ocr_line' id='line_1_25' title="bbox 131 2287 1108 2365; baseline 0.003 -16"><span class='ocrx_word' id='word_1_199' title='bbox 131 2304 165 2349; x_wconf 88' lang='lat' dir='ltr'><strong>se</strong></span> <span class='ocrx_word' id='word_1_200' title='bbox 186 2305 236 2349; x_wconf 88' lang='lat' dir='ltr'><strong>res</strong></span> <span class='ocrx_word' id='word_1_201' title='bbox 254 2288 360 2363; x_wconf 87' lang='lat' dir='ltr'><strong>habet,</strong></span> <span class='ocrx_word' id='word_1_202' title='bbox 381 2289 419 2348; x_wconf 88' lang='lat' dir='ltr'><strong>ab</strong></span> <span class='ocrx_word' id='word_1_203' title='bbox 432 2287 566 2363; x_wconf 82' lang='lat' dir='ltr'><strong>Epicuro</strong></span> <span class='ocrx_word' id='word_1_204' title='bbox 583 2305 711 2350; x_wconf 90' lang='lat' dir='ltr'><strong>versura</strong></span> <span class='ocrx_word' id='word_1_205' title='bbox 725 2290 866 2351; x_wconf 84' lang='lat' dir='ltr'><strong>iacienda</strong></span> <span class='ocrx_word' id='word_1_206' title='bbox 880 2300 937 2352; x_wconf 89' lang='lat' dir='ltr'><strong>est.</strong></span> <span class='ocrx_word' id='word_1_207' title='bbox 972 2294 1108 2365; x_wconf 86' lang='lat' dir='ltr'><strong>„Ante,</strong></span> 
     </span>
     <span class='ocr_line' id='line_1_26' title="bbox 130 2371 1109 2450; baseline 0.005 -19"><span class='ocrx_word' id='word_1_208' title='bbox 130 2371 237 2448; x_wconf 87' lang='lat' dir='ltr'><strong>inquit,</strong></span> <span class='ocrx_word' id='word_1_209' title='bbox 255 2371 647 2449; x_wconf 79' lang='lat' dir='ltr'><strong>circumspiciendum</strong></span> <span class='ocrx_word' id='word_1_210' title='bbox 665 2381 738 2449; x_wconf 91' lang='lat' dir='ltr'><strong>est,</strong></span> <span class='ocrx_word' id='word_1_211' title='bbox 762 2391 842 2436; x_wconf 89' lang='lat' dir='ltr'><strong>cum</strong></span> <span class='ocrx_word' id='word_1_212' title='bbox 859 2375 1001 2450; x_wconf 90' lang='lat' dir='ltr'><strong>quibus</strong></span> <span class='ocrx_word' id='word_1_213' title='bbox 1015 2377 1109 2437; x_wconf 88' lang='lat' dir='ltr'><strong>edas</strong></span> 
     </span>
     <span class='ocr_line' id='line_1_27' title="bbox 131 2456 1109 2532; baseline 0.002 -14"><span class='ocrx_word' id='word_1_214' title='bbox 131 2464 167 2518; x_wconf 89' lang='lat' dir='ltr'><strong>et</strong></span> <span class='ocrx_word' id='word_1_215' title='bbox 187 2456 314 2531; x_wconf 90' lang='lat' dir='ltr'><strong>bibas,</strong></span> <span class='ocrx_word' id='word_1_216' title='bbox 344 2473 453 2532; x_wconf 90' lang='lat' dir='ltr'><strong>quam</strong></span> <span class='ocrx_word' id='word_1_217' title='bbox 474 2456 565 2532; x_wconf 89' lang='lat' dir='ltr'><strong>quid</strong></span> <span class='ocrx_word' id='word_1_218' title='bbox 588 2458 681 2518; x_wconf 87' lang='lat' dir='ltr'><strong>edas</strong></span> <span class='ocrx_word' id='word_1_219' title='bbox 704 2467 741 2519; x_wconf 91' lang='lat' dir='ltr'><strong>et</strong></span> <span class='ocrx_word' id='word_1_220' title='bbox 761 2459 884 2519; x_wconf 89' lang='lat' dir='ltr'><strong>bibas.</strong></span> <span class='ocrx_word' id='word_1_221' title='bbox 918 2476 998 2519; x_wconf 92' lang='lat' dir='ltr'><strong>nam</strong></span> <span class='ocrx_word' id='word_1_222' title='bbox 1023 2459 1109 2522; x_wconf 86' lang='lat' dir='ltr'><strong>sine</strong></span> 
     </span>
     <span class='ocr_line' id='line_1_28' title="bbox 89 2541 1110 2619; baseline 0.002 -17"><span class='ocrx_word' id='word_1_223' title='bbox 89 2542 250 2602; x_wconf 88' lang='lat' dir='ltr'><strong>ttamico</strong></span> <span class='ocrx_word' id='word_1_224' title='bbox 271 2541 487 2603; x_wconf 90' lang='lat' dir='ltr'><strong>visceratio</strong></span> <span class='ocrx_word' id='word_1_225' title='bbox 509 2542 637 2603; x_wconf 90' lang='lat' dir='ltr'><strong>leonis</strong></span> <span class='ocrx_word' id='word_1_226' title='bbox 659 2559 702 2602; x_wconf 89' lang='lat' dir='ltr'><strong>ac</strong></span> <span class='ocrx_word' id='word_1_227' title='bbox 725 2542 1010 2619; x_wconf 78' lang='lat' dir='ltr'><strong>lupi.vitaes.t.“</strong></span> <span class='ocrx_word' id='word_1_228' title='bbox 1042 2545 1110 2605; x_wconf 88' lang='lat' dir='ltr'><strong>Hoc</strong></span> 
     </span>
     <span class='ocr_line' id='line_1_29' title="bbox 131 2623 1109 2704; baseline 0.002 -18"><span class='ocrx_word' id='word_1_229' title='bbox 131 2643 193 2689; x_wconf 92' lang='lat' dir='ltr'><strong>non</strong></span> <span class='ocrx_word' id='word_1_230' title='bbox 208 2625 364 2701; x_wconf 86' lang='lat' dir='ltr'><strong>continget</strong></span> <span class='ocrx_word' id='word_1_231' title='bbox 376 2624 446 2699; x_wconf 86' lang='lat' dir='ltr'><strong>tibi,</strong></span> <span class='ocrx_word' id='word_1_232' title='bbox 468 2623 526 2689; x_wconf 91' lang='lat' dir='ltr'><strong>nisi</strong></span> <span class='ocrx_word' id='word_1_233' title='bbox 538 2625 722 2687; x_wconf 81' lang='lat' dir='ltr'><strong>secesseris:</strong></span> <span class='ocrx_word' id='word_1_234' title='bbox 746 2626 880 2704; x_wconf 89' lang='lat' dir='ltr'><strong>alioquin</strong></span> <span class='ocrx_word' id='word_1_235' title='bbox 893 2627 1023 2690; x_wconf 90' lang='lat' dir='ltr'><strong>habebis</strong></span> <span class='ocrx_word' id='word_1_236' title='bbox 1036 2644 1109 2693; x_wconf 91' lang='lat' dir='ltr'><strong>con-</strong></span> 
     </span>
     <span class='ocr_line' id='line_1_30' title="bbox 130 2707 1109 2788; baseline 0.007 -20"><span class='ocrx_word' id='word_1_237' title='bbox 130 2711 233 2780; x_wconf 86' lang='lat' dir='ltr'><strong>vivas,</strong></span> <span class='ocrx_word' id='word_1_238' title='bbox 257 2726 337 2785; x_wconf 88' lang='lat' dir='ltr'><strong>quos</strong></span> <span class='ocrx_word' id='word_1_239' title='bbox 352 2725 391 2770; x_wconf 89' lang='lat' dir='ltr'><strong>ex</strong></span> <span class='ocrx_word' id='word_1_240' title='bbox 406 2707 493 2771; x_wconf 89' lang='lat' dir='ltr'><strong>turba</strong></span> <span class='ocrx_word' id='word_1_241' title='bbox 507 2711 699 2772; x_wconf 85' lang='lat' dir='ltr'><strong>salutantium</strong></span> <span class='ocrx_word' id='word_1_242' title='bbox 714 2713 923 2773; x_wconf 85' lang='lat' dir='ltr'><strong>nomenclator</strong></span> <span class='ocrx_word' id='word_1_243' title='bbox 936 2713 1109 2788; x_wconf 71' lang='lat' dir='ltr'><strong>digesserit</strong></span> 
     </span>
     <span class='ocr_line' id='line_1_31' title="bbox 131 2792 1109 2878; baseline 0.002 -25"><span class='ocrx_word' id='word_1_244' title='bbox 131 2800 212 2853; x_wconf 90' lang='lat' dir='ltr'><strong>errat</strong></span> <span class='ocrx_word' id='word_1_245' title='bbox 221 2800 330 2867; x_wconf 89' lang='lat' dir='ltr'><strong>autem,</strong></span> <span class='ocrx_word' id='word_1_246' title='bbox 342 2793 528 2870; x_wconf 90' lang='lat' dir='ltr'><strong>quiamicum</strong></span> <span class='ocrx_word' id='word_1_247' title='bbox 539 2792 652 2856; x_wconf 89' lang='lat' dir='ltr'><strong>inatrio</strong></span> <span class='ocrx_word' id='word_1_248' title='bbox 662 2795 789 2873; x_wconf 87' lang='lat' dir='ltr'><strong>quaerit,</strong></span> <span class='ocrx_word' id='word_1_249' title='bbox 799 2797 828 2856; x_wconf 93' lang='lat' dir='ltr'><strong>in</strong></span> <span class='ocrx_word' id='word_1_250' title='bbox 837 2796 982 2859; x_wconf 85' lang='lat' dir='ltr'><strong>convivio</strong></span> <span class='ocrx_word' id='word_1_251' title='bbox 989 2798 1109 2878; x_wconf 80' lang='lat' dir='ltr'><strong>probat.</strong></span> 
     </span>
     <span class='ocr_line' id='line_1_32' title="bbox 130 2877 1113 2955; baseline 0.004 -19"><span class='ocrx_word' id='word_1_252' title='bbox 130 2877 250 2937; x_wconf 91' lang='lat' dir='ltr'><strong>Nullum</strong></span> <span class='ocrx_word' id='word_1_253' title='bbox 265 2877 358 2939; x_wconf 89' lang='lat' dir='ltr'><strong>habet</strong></span> <span class='ocrx_word' id='word_1_254' title='bbox 372 2877 470 2943; x_wconf 85' lang='lat' dir='ltr'><strong>maius</strong></span> <span class='ocrx_word' id='word_1_255' title='bbox 486 2880 598 2941; x_wconf 91' lang='lat' dir='ltr'><strong>malum</strong></span> <span class='ocrx_word' id='word_1_256' title='bbox 612 2888 781 2955; x_wconf 88' lang='lat' dir='ltr'><strong>occupatus</strong></span> <span class='ocrx_word' id='word_1_257' title='bbox 796 2881 888 2942; x_wconf 88' lang='lat' dir='ltr'><strong>homo</strong></span> <span class='ocrx_word' id='word_1_258' title='bbox 900 2889 930 2942; x_wconf 90' lang='lat' dir='ltr'><strong>et</strong></span> <span class='ocrx_word' id='word_1_259' title='bbox 941 2881 1032 2944; x_wconf 92' lang='lat' dir='ltr'><strong>bonis</strong></span> <span class='ocrx_word' id='word_1_260' title='bbox 1044 2880 1113 2942; x_wconf 88' lang='lat' dir='ltr'><strong>suis</strong></span> 
     </span>
     <span class='ocr_line' id='line_1_33' title="bbox 132 2962 1108 3041; baseline 0.002 -19"><span class='ocrx_word' id='word_1_261' title='bbox 132 2962 298 3034; x_wconf 77' lang='lat' dir='ltr'><strong>obsessuS,</strong></span> <span class='ocrx_word' id='word_1_262' title='bbox 318 2978 410 3037; x_wconf 87' lang='lat' dir='ltr'><strong>quam</strong></span> <span class='ocrx_word' id='word_1_263' title='bbox 426 2964 509 3037; x_wconf 91' lang='lat' dir='ltr'><strong>quod</strong></span> <span class='ocrx_word' id='word_1_264' title='bbox 525 2964 640 3025; x_wconf 91' lang='lat' dir='ltr'><strong>amicos</strong></span> <span class='ocrx_word' id='word_1_265' title='bbox 655 2963 714 3025; x_wconf 90' lang='lat' dir='ltr'><strong>sibi</strong></span> <span class='ocrx_word' id='word_1_266' title='bbox 727 2973 825 3040; x_wconf 90' lang='lat' dir='ltr'><strong>putat,</strong></span> <span class='ocrx_word' id='word_1_267' title='bbox 843 2965 960 3041; x_wconf 84' lang='lat' dir='ltr'><strong>quibus.</strong></span> <span class='ocrx_word' id='word_1_268' title='bbox 967 2964 1037 3041; x_wconf 86' lang='lat' dir='ltr'><strong>ipse</strong></span> <span class='ocrx_word' id='word_1_269' title='bbox 1048 2982 1108 3029; x_wconf 89' lang='lat' dir='ltr'><strong>non</strong></span> 
     </span>
     <span class='ocr_line' id='line_1_34' title="bbox 132 3045 1109 3120; baseline 0.005 -15"><span class='ocrx_word' id='word_1_270' title='bbox 132 3052 193 3118; x_wconf 89' lang='lat' dir='ltr'><strong>est,</strong></span> <span class='ocrx_word' id='word_1_271' title='bbox 217 3046 302 3120; x_wconf 89' lang='lat' dir='ltr'><strong>quod</strong></span> <span class='ocrx_word' id='word_1_272' title='bbox 320 3045 469 3108; x_wconf 90' lang='lat' dir='ltr'><strong>beneficia</strong></span> <span class='ocrx_word' id='word_1_273' title='bbox 489 3064 546 3109; x_wconf 92' lang='lat' dir='ltr'><strong>sua</strong></span> <span class='ocrx_word' id='word_1_274' title='bbox 558 3048 705 3112; x_wconf 82' lang='lat' dir='ltr'><strong>efficacia</strong></span> <span class='ocrx_word' id='word_1_275' title='bbox 716 3050 829 3111; x_wconf 89' lang='lat' dir='ltr'><strong>iudicat</strong></span> <span class='ocrx_word' id='word_1_276' title='bbox 843 3051 883 3110; x_wconf 92' lang='lat' dir='ltr'><strong>ad</strong></span> <span class='ocrx_word' id='word_1_277' title='bbox 898 3051 1109 3115; x_wconf 84' lang='lat' dir='ltr'><strong>conciliandos</strong></span> 
     </span>
     <span class='ocr_line' id='line_1_35' title="bbox 133 3129 1108 3209; baseline 0 -20"><span class='ocrx_word' id='word_1_278' title='bbox 133 3129 264 3203; x_wconf 89' lang='lat' dir='ltr'><strong>amicos,</strong></span> <span class='ocrx_word' id='word_1_279' title='bbox 287 3145 356 3191; x_wconf 90' lang='lat' dir='ltr'><strong>cum</strong></span> <span class='ocrx_word' id='word_1_280' title='bbox 377 3131 514 3206; x_wconf 88' lang='lat' dir='ltr'><strong>quidam,</strong></span> <span class='ocrx_word' id='word_1_281' title='bbox 539 3149 600 3208; x_wconf 92' lang='lat' dir='ltr'><strong>quo</strong></span> <span class='ocrx_word' id='word_1_282' title='bbox 623 3135 692 3208; x_wconf 90' lang='lat' dir='ltr'><strong>plus</strong></span> <span class='ocrx_word' id='word_1_283' title='bbox 713 3133 839 3206; x_wconf 88' lang='lat' dir='ltr'><strong>debent,</strong></span> <span class='ocrx_word' id='word_1_284' title='bbox 861 3133 959 3209; x_wconf 83' lang='lat' dir='ltr'><strong>magis</strong></span> <span class='ocrx_word' id='word_1_285' title='bbox 975 3135 1108 3196; x_wconf 82' lang='lat' dir='ltr'><strong>oderint:</strong></span> 
     </span>
     <span class='ocr_line' id='line_1_36' title="bbox 88 3215 1108 3293; baseline 0.004 -16"><span class='ocrx_word' id='word_1_286' title='bbox 88 3223 125 3277; x_wconf 75' lang='lat' dir='ltr'><strong>tr</strong></span> <span class='ocrx_word' id='word_1_287' title='bbox 133 3215 200 3273; x_wconf 90' lang='lat' dir='ltr'><strong>leve</strong></span> <span class='ocrx_word' id='word_1_288' title='bbox 214 3229 269 3274; x_wconf 91' lang='lat' dir='ltr'><strong>aes</strong></span> <span class='ocrx_word' id='word_1_289' title='bbox 283 3215 414 3277; x_wconf 90' lang='lat' dir='ltr'><strong>alienum</strong></span> <span class='ocrx_word' id='word_1_290' title='bbox 429 3216 597 3279; x_wconf 87' lang='lat' dir='ltr'><strong>debitorem</strong></span> <span class='ocrx_word' id='word_1_291' title='bbox 613 3218 697 3291; x_wconf 90' lang='lat' dir='ltr'><strong>iacit,</strong></span> <span class='ocrx_word' id='word_1_292' title='bbox 714 3233 808 3292; x_wconf 80' lang='lat' dir='ltr'><strong>grave</strong></span> <span class='ocrx_word' id='word_1_293' title='bbox 819 3217 982 3283; x_wconf 85' lang='lat' dir='ltr'><strong>inimicum.</strong></span> <span class='ocrx_word' id='word_1_294' title='bbox 1013 3218 1108 3293; x_wconf 79' lang='lat' dir='ltr'><strong>„outo</strong></span> 
     </span>
     <span class='ocr_line' id='line_1_37' title="bbox 133 3299 1106 3378; baseline 0.006 -22"><span class='ocrx_word' id='word_1_295' title='bbox 133 3305 230 3372; x_wconf 80' lang='lat' dir='ltr'><strong>ergot</strong></span> <span class='ocrx_word' id='word_1_296' title='bbox 256 3299 407 3361; x_wconf 84' lang='lat' dir='ltr'><strong>beneficia</strong></span> <span class='ocrx_word' id='word_1_297' title='bbox 432 3317 491 3362; x_wconf 89' lang='lat' dir='ltr'><strong>non</strong></span> <span class='ocrx_word' id='word_1_298' title='bbox 520 3309 628 3376; x_wconf 89' lang='lat' dir='ltr'><strong>parant</strong></span> <span class='ocrx_word' id='word_1_299' title='bbox 648 3299 836 3362; x_wconf 82' lang='lat' dir='ltr'><strong>amicitiast“</strong></span> <span class='ocrx_word' id='word_1_300' title='bbox 868 3312 991 3378; x_wconf 88' lang='lat' dir='ltr'><strong>parant,</strong></span> <span class='ocrx_word' id='word_1_301' title='bbox 1016 3305 1042 3365; x_wconf 91' lang='lat' dir='ltr'><strong>si</strong></span> <span class='ocrx_word' id='word_1_302' title='bbox 1061 3317 1106 3365; x_wconf 90' lang='lat' dir='ltr'><strong>ac·</strong></span> 
     </span>
     <span class='ocr_line' id='line_1_38' title="bbox 133 3384 1106 3463; baseline 0.005 -22"><span class='ocrx_word' id='word_1_303' title='bbox 133 3389 282 3457; x_wconf 84' lang='lat' dir='ltr'><strong>capturos</strong></span> <span class='ocrx_word' id='word_1_304' title='bbox 301 3384 389 3446; x_wconf 92' lang='lat' dir='ltr'><strong>licuit</strong></span> <span class='ocrx_word' id='word_1_305' title='bbox 410 3386 536 3460; x_wconf 83' lang='lat' dir='ltr'><strong>eligere,</strong></span> <span class='ocrx_word' id='word_1_306' title='bbox 566 3385 592 3444; x_wconf 93' lang='lat' dir='ltr'><strong>si</strong></span> <span class='ocrx_word' id='word_1_307' title='bbox 614 3388 788 3460; x_wconf 89' lang='lat' dir='ltr'><strong>conlocata,</strong></span> <span class='ocrx_word' id='word_1_308' title='bbox 816 3403 877 3449; x_wconf 92' lang='lat' dir='ltr'><strong>non</strong></span> <span class='ocrx_word' id='word_1_309' title='bbox 899 3404 1011 3463; x_wconf 87' lang='lat' dir='ltr'><strong>sparsa</strong></span> <span class='ocrx_word' id='word_1_310' title='bbox 1031 3396 1106 3449; x_wconf 89' lang='lat' dir='ltr'><strong>sunt</strong></span> 
     </span>
     <span class='ocr_line' id='line_1_39' title="bbox 132 3466 1106 3544; baseline 0.006 -21"><span class='ocrx_word' id='word_1_311' title='bbox 132 3466 239 3542; x_wconf 78' lang='lat' dir='ltr'><strong>ltaque</strong></span> <span class='ocrx_word' id='word_1_312' title='bbox 254 3469 324 3529; x_wconf 92' lang='lat' dir='ltr'><strong>dum</strong></span> <span class='ocrx_word' id='word_1_313' title='bbox 340 3468 450 3544; x_wconf 90' lang='lat' dir='ltr'><strong>incipis</strong></span> <span class='ocrx_word' id='word_1_314' title='bbox 466 3485 536 3529; x_wconf 84' lang='lat' dir='ltr'><strong>esse</strong></span> <span class='ocrx_word' id='word_1_315' title='bbox 551 3467 660 3530; x_wconf 90' lang='lat' dir='ltr'><strong>mentis</strong></span> <span class='ocrx_word' id='word_1_316' title='bbox 676 3477 762 3544; x_wconf 87' lang='lat' dir='ltr'><strong>tuae,</strong></span> <span class='ocrx_word' id='word_1_317' title='bbox 777 3471 896 3532; x_wconf 91' lang='lat' dir='ltr'><strong>interim</strong></span> <span class='ocrx_word' id='word_1_318' title='bbox 908 3472 969 3534; x_wconf 93' lang='lat' dir='ltr'><strong>hoc</strong></span> <span class='ocrx_word' id='word_1_319' title='bbox 980 3472 1106 3534; x_wconf 89' lang='lat' dir='ltr'><strong>consilio</strong></span> 
     </span>
    </p>
   </div>
   <div class='ocr_carea' id='block_1_3' title="bbox 0 0 1228 3862">
    <p class='ocr_par' dir='ltr' id='par_1_3' title="bbox 0 0 1228 3862">
     <span class='ocr_line' id='line_1_40' title="bbox 0 0 1228 3862; baseline 0 0"><span class='ocrx_word' id='word_1_320' title='bbox 0 0 1228 3862; x_wconf 95' lang='lat' dir='ltr'><strong> </strong></span> 
     </span>
    </p>
   </div>
  </div>
 </body>
</html>
