2422 3862
26 3610 44 3639 h

110 245 151 308 12
398 243 431 302 L.
451 241 597 300 ANNAEI
619 240 794 301 SENECAE

105 410 139 454 re
150 395 368 469 adquiescanb
390 399 496 452 contra
511 400 566 452 cst.
596 391 743 467 quicquid
760 400 830 452 ante
845 402 1011 468 pugnatum
1027 404 1084 467 est,

105 477 316 538 misericordia
343 475 406 536 luit.
443 491 524 536 nuuc
551 474 676 536 omissis
697 476 787 550 nugis
812 492 895 536 mera
920 478 1086 538 homicidia

106 570 184 623 sunt.
217 560 289 620 nihil
311 560 500 634 habentque
517 567 665 633 tegantur.
698 560 738 618 ad
753 561 843 620 ictum
860 561 931 622 totis
946 563 1083 638 corpori-

76 648 164 707 lbus
185 645 318 720 expositi
334 659 498 719 numquam
513 644 625 703 frustra
640 659 761 703 manum
777 645 903 704 mittunt.
937 646 1004 706 Hoc
1019 648 1084 721 plc-

104 731 191 806 rique
204 727 365 789 ordinariis
378 726 502 802 paribus
515 734 544 786 et
555 726 756 802 postulaticiis
768 729 954 803 praeierunt.
978 729 1084 805 quidni

105 815 301 890 praeierant?
322 827 383 872 nou
398 813 500 886 galea,
520 812 580 872 non
597 819 683 872 scuto
698 812 854 887 repellitur
870 813 991 873 serrum.
1022 831 1085 889 quo

105 898 311 958 munimenta?
339 912 400 970 quo
423 901 525 955 artes?
555 895 658 955 omnia
677 896 736 955 ista
755 896 862 956 mortis
882 913 986 957 morae
1003 906 1083 958 sunt.

105 982 195 1041 Mane
217 981 357 1040 leonibus
379 988 409 1040 et
428 980 510 1040 ursis
533 980 686 1050 homines,
710 978 836 1039 meridie
857 981 1086 1055 spectatoribus

108 1066 173 1127 suis
188 1062 368 1125 obiciuntur.
397 1063 608 1124 interfectores
625 1063 826 1123 interfecturis
842 1064 946 1126 iubent
960 1066 1040 1126 obici
1055 1073 1086 1126 ct

106 1151 253 1210 victorem
275 1146 306 1208 in
328 1147 417 1208 aliam
438 1145 573 1208 detinent
593 1147 737 1207 caedem=
765 1147 864 1208 exitus
886 1148 1084 1224 pugnantium

106 1249 189 1293 mors
203 1239 259 1292 est.
282 1233 363 1292 ferro
378 1239 409 1292 et
423 1232 558 1306 ignores
573 1233 695 1306 geritur·
732 1230 815 1291 Haec
831 1232 922 1305 liunt,
946 1234 1018 1294 dum
1033 1250 1085 1293 va-

78 1324 155 1376 1111
171 1331 272 1376 arena.
311 1315 373 1376 Sed
390 1315 579 1377 latrocinium
601 1315 672 1375 lecit
690 1315 816 1389 aliquis:
844 1316 915 1389 quid
932 1333 1006 1392 ergo
1022 1334 1084 1377 me·

106 1401 180 1474 ruit,
202 1400 478 1476 utsuspondaturt
511 1398 652 1474 „Occidit
663 1399 847 1461 homincnn“
883 1399 959 1473 Quia
973 1401 1085 1471 11111111
1133 1446 1136 1453 .

107 1485 173 1558 ille,
196 1485 305 1547 meruit
325 1492 358 1544 ut
377 1483 437 1544 hoc
455 1490 620 1559 pateretur=
642 1492 674 1543 111
692 1484 764 1558 quid
780 1484 916 1546 meruisti
931 1487 1032 1560 miser,
1054 1494 1084 1545 ut

107 1569 167 1628 hoc
184 1575 329 1644 spectesl
356 1566 500 1642 „occide,
524 1567 667 1638 verbera,
692 1574 760 1627 uret
790 1585 884 1643 quare
899 1576 960 1629 tam
981 1569 1088 1630 timide

106 1654 230 1714 incurrit
244 1654 274 1712 in
290 1653 424 1713 serrum?
445 1664 540 1726 quare
556 1667 662 1726 parum
677 1652 823 1712 audacter
838 1652 970 1713 occiditl
990 1669 1088 1729 quare

107 1753 214 1813 parum
233 1736 359 1797 libenter
374 1737 539 1796 moriturt“
560 1735 661 1810 Plagis
677 1735 776 1810 agitur
790 1738 819 1796 in
835 1737 976 1797 volnera:
999 1754 1084 1809 „mu-

108 1831 178 1882 tuos
202 1821 279 1882 ictus
301 1821 390 1880 nudis
412 1828 442 1880 et
463 1819 562 1880 obviis
577 1819 754 1896 pectoribus
772 1822 955 1896 excipiant.“
990 1822 1083 1880 Inter·

107 1905 235 1966 missum
256 1913 303 1965 est
326 1905 549 1980 spectaculum
578 1904 716 1977 „interim
740 1905 912 1979 iugulentur
935 1904 1085 1977 homines,

109 2004 147 2048 ne
162 1988 235 2048 nihil
249 1993 386 2064 agatur.“
426 1991 507 2062 Age,
530 2004 568 2046 ne
588 1987 647 2048 hoc
663 1988 784 2064 quidem
801 1989 985 2063 intellegitis,
1006 1989 1087 2049 malo

109 2073 251 2147 exempla
264 2072 294 2130 in
309 2087 364 2132 eos
379 2073 566 2147 redundare,
589 2073 641 2146 qui
656 2073 791 2132 iaciunt?
811 2072 901 2148 Agite
914 2073 961 2132 dis
972 2072 1084 2133 inmor-

109 2155 220 2215 talibus
234 2154 364 2230 gratias,
380 2155 463 2230 quod
479 2171 548 2215 eum
560 2155 677 2216 docetis
689 2171 760 2216 esse
772 2157 943 2230 crudelem,
961 2159 1085 2232 quinon

81 2246 210 2316 6potest
223 2239 353 2301 discere.
389 2237 613 2299 Subducendus
630 2241 745 2314 populo
761 2248 808 2300 est
823 2248 907 2302 tener
921 2239 1040 2301 animus
1055 2249 1088 2300 et

109 2339 216 2400 parum
236 2330 329 2383 tenax
344 2322 434 2382 recti:
457 2322 546 2381 facile
560 2323 704 2384 transitur
717 2325 757 2384 ad
773 2327 886 2400 plores.
924 2323 1042 2385 Socrati
1056 2331 1087 2382 11

110 2407 215 2469 Catoni
237 2415 267 2467 et
287 2406 389 2467 Laelio
410 2413 556 2466 excutere
576 2422 690 2468 morem
712 2426 800 2469 suum
815 2409 975 2469 dissimilis?
987 2407 1085 2470 multi-

60 2534 63 2543 ,
109 2492 182 2553 tudo
196 2491 360 2567 potuisset:
375 2491 455 2550 adeo
467 2505 556 2552 nemo
569 2499 714 2567 nostrum,
728 2495 859 2569 quicum
870 2492 1002 2552 maxime
1013 2508 1085 2553 con·

16 2632 17 2636 ,
111 2577 269 2637 cinnamus
290 2573 460 2650 ingenium,
483 2576 561 2634 terre
582 2576 717 2652 inpetum
737 2576 876 2638 uitiorum
898 2586 958 2637 tarn
975 2592 1088 2650 magno

82 2661 254 2721 lcornitutu
278 2657 463 2718 venientium
489 2666 598 2734 potest.
631 2661 730 2722 Unum
752 2662 926 2737 exemplum
947 2661 1086 2722 luxuriae

112 2751 162 2804 aut
182 2742 327 2802 avaritiae
344 2744 469 2803 multum
484 2745 554 2804 mali
570 2745 653 2805 lacit:
675 2745 833 2806 convictor
847 2746 996 2806 delicatus
1012 2761 1084 2820 pau-

112 2827 193 2887 latim
208 2834 333 2887 enervat
346 2833 377 2886 et
391 2827 512 2888 emollit.
536 2827 654 2890 vicinus
665 2829 753 2889 dives
766 2830 960 2904 cupiditatem
977 2829 1085 2889 inritat.

112 2911 261 2986 malignus
283 2926 386 2971 comes
409 2913 549 2987 quamvis
570 2912 701 2975 candido
724 2922 754 2975 et
771 2913 901 2988 simplici
916 2911 1087 2987 rubiginem

112 3011 199 3056 suam
221 2992 375 3055 adiricuit=
398 2996 471 3071 quid
491 3005 524 3058 tu
544 2998 684 3058 accidere
705 2997 752 3057 his
768 2997 904 3059 moribus
919 2996 1036 3068 credis,
1056 2997 1085 3054 in

83 3090 99 3144 8
112 3095 191 3155 quos
208 3078 327 3153 publice
343 3079 440 3140 lactus
456 3090 503 3141 est
517 3082 661 3156 inpetusl
680 3082 815 3142 Necesse
830 3089 878 3142 est
889 3089 940 3142 aut
951 3079 1088 3151 imiteris,

112 3170 165 3224 aut
179 3161 291 3224 oderis.
313 3171 473 3240 utrumque
486 3173 586 3227 autem
599 3157 796 3226 devitandum
808 3175 870 3226 est:
890 3181 968 3226 neve
978 3163 1089 3224 similis

112 3247 199 3307 malis
219 3247 291 3321 lias,
315 3249 387 3323 quia
406 3249 490 3308 multi
511 3257 597 3324 sunt,
620 3266 699 3310 neve
719 3251 859 3310 inimicus
874 3249 992 3323 multis,
1016 3249 1088 3323 quia

112 3331 276 3392 dissimiles
298 3339 378 3393 sunt.
418 3333 542 3393 Recede
567 3333 652 3393 inte
674 3334 789 3409 ipsum,
820 3342 964 3410 quantum
988 3341 1087 3408 potes.

112 3431 181 3477 cum
201 3415 248 3476 his
269 3432 409 3489 versare,
433 3418 485 3492 qui
505 3424 534 3479 te
549 3418 704 3478 meliorem
719 3418 826 3480 tacturi
840 3426 921 3478 sunt.
948 3417 1019 3477 illos
1035 3417 1086 3476 ad-

96 3500 196 3571 nuite,
221 3516 305 3574 quos
319 3509 351 3562 tu
363 3509 458 3577 potes
473 3502 577 3564 lacere
591 3501 744 3564 meliores.
766 3510 870 3562 mutuo
884 3502 945 3561 ista
952 3502 1045 3572 1111111,
1060 3507 1091 3560 et
