2422 3862
141 226 205 316 aa
310 235 341 312 i.
357 229 528 311 inimus
543 225 685 310 sinam
702 233 957 306 corbonensis

144 410 214 466 citas
239 400 314 485 [tibi]
339 407 468 480 neglecta
491 421 543 460 nec
562 405 661 460 lenitas
686 395 770 479 [iam]
797 397 939 471 languida.
970 392 1044 452 etsi
1068 404 1117 454 ret

146 493 193 548 tibi
209 492 329 563 exiguae
346 492 409 560 sint,
424 506 480 545 non
495 490 550 545 sint
568 495 661 544 tamen
678 481 785 564 [animo
803 477 865 560 tuo]
880 487 1029 556 angustae.
1055 479 1115 536 Nec

116 581 191 638 otua
205 573 312 630 delleas
328 591 379 630 nec
395 575 487 630 aliena
502 573 621 628 mireris.
646 571 676 629 Si
685 569 890 649 'continentiam
902 566 1007 642 diligis,
1022 564 1116 635 turpia

144 661 249 731 lugito,
275 663 424 730 antequam
440 655 590 723 accedant,
610 671 662 710 nec
681 654 847 725 quemquam
863 651 946 706 alium
968 648 1115 706 vereberis

143 745 207 816 plus
224 757 307 813 quarn
323 748 358 796 te.
393 739 494 797 Omnia
510 739 665 794 tolerabilia
682 731 772 813 [esse]
788 741 899 808 praeter
914 730 1114 805 turpitudinem

145 826 239 882 crede.
270 840 287 878 a
305 824 399 880 verbis
415 838 526 894 quoqne
540 823 666 893 turpibus
683 821 834 887 abstineto,
857 820 922 890 quia
936 817 1050 873 licentia
1069 831 1116 869 eo·

144 925 207 965 rum
223 907 425 979 impudentiam
440 906 532 961 nutrit.
561 904 714 962 Sermones
729 905 811 960 utiles
830 903 921 975 magis
936 917 1020 973 quam
1037 901 1115 955 tace·

145 998 189 1047 tos
217 995 244 1044 et
266 988 394 1046 affabiles
422 1005 500 1061 ama,
529 994 621 1044 rectos
646 989 739 1060 potius
770 1004 852 1060 quam
878 983 1116 1043 obsecundantes.

116 1070 276 1138 lMisccbis
294 1073 433 1128 interdum
455 1072 536 1129 seriis
553 1073 630 1128 iocos
647 1072 700 1127 sed
722 1076 889 1143 temperatos
911 1075 939 1125 et
953 1071 1015 1125 sine
1033 1068 1117 1124 detri-

144 1161 237 1213 mento
253 1154 396 1228 dignitatis
420 1172 453 1212 ac
472 1154 671 1212 verecundiae.
703 1170 768 1209 nam
791 1153 1019 1227 reprehensibilis
1041 1153 1117 1207 risus

145 1246 198 1310 cst,
220 1240 244 1296 si
260 1239 426 1296 immodicus
443 1233 524 1316 [sit],
544 1240 568 1295 si
583 1239 725 1311 pueriliter
746 1237 871 1306 effusus,
900 1238 925 1295 si
946 1236 1118 1293 muliebriter

145 1325 251 1380 fatuus.
284 1322 416 1378 odibilem
437 1338 547 1393 quoque
568 1323 709 1378 hominem
730 1323 796 1378 lacit
815 1323 889 1377 risus
912 1327 959 1376 aut
977 1322 1116 1393 superbus

145 1412 173 1462 et
186 1408 278 1464 clarus
293 1412 341 1462 aut
354 1407 493 1478 malignus
509 1412 537 1461 et
551 1407 683 1474 iurtvius,
700 1412 748 1461 aut
763 1407 862 1462 alienis
875 1405 957 1461 malis
974 1409 1117 1461 evocatus.

116 1489 175 1551 &Si
190 1507 259 1562 ergo
276 1496 385 1562 tempus
405 1490 492 1561 exigit
510 1491 603 1557 iocos,
626 1488 681 1546 hos
699 1505 809 1560 quoque
830 1505 892 1545 cnm
911 1488 1048 1561 dignitate
1072 1503 1117 1543 sa·

143 1574 267 1646 pientiae
282 1589 366 1646 gere,
382 1579 410 1628 ut
425 1579 452 1628 te
467 1589 520 1629 nec
534 1567 700 1650 gravet[ur]
716 1574 863 1643 quisquam
879 1577 1020 1645 tamquam
1036 1587 1118 1643 aspe-

145 1672 206 1712 rum
229 1672 281 1712 nec
301 1650 355 1733 [te]
372 1661 530 1713 contemnat
548 1662 689 1728 tamquam
706 1657 801 1712 vilem.
829 1655 892 1711 Non
908 1658 962 1711 erit
975 1656 1024 1712 tibi
1040 1671 1118 1712 scur-

145 1740 204 1794 rilis
220 1738 272 1794 sed
288 1744 369 1811 grata
388 1741 539 1796 urbanitas.
568 1738 649 1797 Sales
666 1740 705 1796 tui
721 1741 780 1796 sine
797 1739 878 1795 dente
894 1741 964 1809 sint,
985 1740 1040 1795 ioci
1056 1741 1116 1795 sine

144 1823 260 1892 vilitate,
278 1823 353 1879 risus
368 1825 429 1878 sinc
445 1823 592 1893 cachinno,
608 1840 665 1880 vox
681 1824 741 1879 sine
757 1825 889 1893 clamore,
909 1825 1040 1879 incessus
1055 1823 1117 1878 sine

145 1907 271 1963 tumultu.
304 1907 390 1975 Quies
412 1923 467 1962 non
484 1906 594 1962 desidia
615 1908 667 1962 erit
685 1908 732 1962 tibi
748 1913 774 1962 et
790 1923 853 1963 cum
868 1909 902 1964 ab
924 1908 988 1963 aliis
1004 1906 1116 1976 luditur,

117 1994 175 2048 9tu
190 1991 279 2046 sancti
298 1983 404 2062 aliquid
419 1989 584 2061 honestique
600 1991 740 2048 tractabis.
771 1991 801 2049 Si
819 1992 965 2048 continens
980 2007 1027 2060 es,
1049 1990 1116 2047 adu>

145 2074 266 2128 lationes
281 2073 387 2146 devita,
402 2074 492 2145 sitque
503 2073 551 2129 tibi
568 2079 623 2128 tam
635 2074 722 2143 triste,
738 2074 846 2130 laudari
862 2090 879 2129 a
894 2077 1021 2146 turpibus
1034 2088 1118 2146 quam

146 2155 171 2212 ai
186 2156 309 2210 lauderis
331 2158 366 2211 ob
382 2158 482 2229 turpia.
518 2157 615 2212 laetior
635 2163 711 2227 esto,
734 2160 862 2229 quotiens
884 2157 1018 2229 displices
1035 2159 1120 2213 malis

147 2239 326 2294 etmalorum
342 2238 377 2294 de
395 2245 422 2294 te
437 2256 542 2311 pravas
560 2240 780 2296 existimationes
801 2235 867 2318 [ad]
889 2256 986 2296 veram
1000 2242 1041 2297 tui
1058 2243 1119 2296 lau·

60 2331 65 2341 ’
104 2328 139 2381 10
150 2320 291 2376 dationem
306 2322 425 2377 ascribe.
454 2322 653 2379 Difficillimum
670 2341 742 2395 opus
757 2325 943 2380 continentiae
962 2330 1005 2380 est
1019 2340 1119 2380 assen-

147 2405 267 2461 tationes
285 2403 457 2462 adulantium
472 2400 651 2484 [multorum]
666 2410 815 2479 repellere,
837 2424 954 2483 quorum
970 2424 1118 2464 sermones

145 2489 269 2545 animum
290 2488 410 2560 quadam
432 2490 574 2562 voluptate
601 2493 755 2548 resolvunt.
790 2491 899 2547 Nullius
920 2506 972 2562 per
993 2497 1119 2548 assenta-

146 2573 250 2628 tionem
262 2573 411 2628 amicitiam
424 2573 567 2642 merearis,
585 2591 637 2630 nec
651 2573 690 2630 ad
704 2580 777 2631 tuam
790 2568 939 2653 [gratiam]
952 2590 1119 2646 promeren-

104 2667 136 2721 ιι
146 2655 212 2712 dam
229 2649 295 2730 [per
309 2649 398 2733 hanc]
419 2657 482 2712 aliis
498 2657 535 2712 ad
556 2662 582 2712 te
596 2656 702 2713 aditum
716 2657 836 2730 pandas.
862 2656 926 2714 Non
940 2659 997 2714 eris
1013 2658 1118 2728 audax,

145 2755 202 2794 non
217 2754 363 2811 arrogans.
394 2741 538 2796 submittes
555 2746 592 2809 te,
612 2757 668 2796 non
681 2742 813 2813 proicies,
835 2742 972 2814 gravitate
992 2749 1117 2800 servata.

146 2820 351 2880 Admoneberis
366 2825 493 2893 libenter,
510 2824 726 2896 reprehenderis
741 2827 886 2897 patienter.
914 2825 939 2882 si
949 2827 1051 2882 merito
1070 2828 1118 2882 ob-

145 2905 301 2975 iurgaverit
315 2913 340 2962 te
356 2908 467 2979 aliquis,
482 2908 552 2964 scito
572 2909 637 2980 quia
650 2910 754 2980 proluit
768 2910 826 2977 tibi,
842 2911 866 2965 si
883 2909 1032 2978 immerito,
1048 2911 1118 2965 seito

146 2987 211 3059 quia
223 2987 360 3059 prodesse
374 2992 471 3048 voluit.
494 2985 626 3068 [meliora
637 2998 700 3048 sunt
715 2995 789 3049 enim
801 2992 867 3048 odia
878 2992 1019 3064 diligentis
1033 3009 1118 3065 quarn

145 3069 323 3130 fraudulenta
337 3076 434 3132 oscula
449 3069 592 3153 odientis]
630 3077 692 3132 Non
711 3083 820 3147 acerba,
843 3076 896 3133 sed
909 3075 1014 3132 blanda
1029 3079 1118 3133 verba

103 3159 138 3213 ln
146 3156 265 3214 timebis.
289 3157 356 3213 Esto
368 3159 499 3214 vitiorum
514 3160 602 3232 fugax
613 3159 688 3232 ipse,
704 3161 860 3217 alienorum
874 3175 942 3216 vero
958 3176 1052 3230 neque
1069 3177 1118 3216 eu-

144 3239 239 3296 riosus
256 3246 393 3296 scrutator
405 3257 497 3314 neque
514 3244 631 3299 acerbus
648 3245 849 3315 reprehensor,
866 3243 919 3300 sed
934 3244 996 3299 sine
1012 3259 1116 3315 expro-

144 3323 270 3378 bratione
286 3332 436 3394 corrector,
454 3327 493 3382 ita
509 3334 539 3381 ut
552 3325 771 3384 admonitionem
785 3327 924 3384 hilaritate
935 3328 1117 3399 praevenias.

145 3411 172 3462 et
190 3407 278 3462 errori
294 3408 408 3463 veniam
423 3409 506 3464 facile
526 3408 601 3465 dato.
636 3411 694 3467 Nec
706 3413 824 3468 extollas
840 3426 1007 3483 quemquam
1022 3425 1117 3482 neque

86 3488 255 3551 radentes.
289 3493 452 3554 Dicentium
467 3499 531 3554 esto
544 3494 647 3553 tacitus
661 3495 769 3552 auditor
780 3495 955 3564 ,auditorum
968 3498 1116 3567 promptus
