2422 3862
268 220 440 282 EPISTUL.
455 219 550 280 MOR.
571 220 706 279 LIB.Vl.
728 220 785 279 ΕΡ.
798 231 823 282 1.
843 225 916 296 (53.)
1018 223 1078 293 lll

103 373 187 434 sime.
208 388 281 432 nam
298 370 350 447 qui
364 371 471 432 leviter
487 369 611 445 dormit,
628 380 657 432 et
672 373 795 447 species
808 374 977 434 secundum
992 376 1077 450 quie-

103 472 158 518 tem
176 456 261 533 capit
274 462 305 515 et
319 455 484 531 aliquando
500 454 633 515 dormire
647 472 682 516 se
697 455 852 516 dormiens
869 458 994 532 cogitau
1009 475 1077 535 gra·

45 550 49 593 t
101 541 143 602 vis
159 555 260 616 sopor
271 540 360 600 etiam
376 539 495 600 somnia
507 539 672 615 exstinguit
686 539 881 616 animumque
894 543 984 602 altius
1000 559 1074 603 mer-

43 642 48 675 τ
100 627 152 700 git,
166 625 271 700 utiquc
284 625 368 684 nullo
385 624 540 684 intellectu
556 625 603 684 sui
619 631 674 684 cst.
712 623 812 697 Quare
828 625 899 685 vitia
914 642 971 686 sua
985 631 1105 687 nemos

101 708 285 771 confitetur?
317 707 389 783 qnia
410 707 581 768 etiamnunc
606 707 636 766 in
663 706 721 767 illis
744 714 804 767 cst:
835 711 985 770 somnium
1008 727 1076 770 nar-

99 809 163 854 rare
178 792 336 868 vigilantis
353 800 401 852 est
414 797 443 850 et
458 790 530 850 vitia
544 807 601 852 sua
616 790 755 851 confiteri
776 794 915 854 sanitatis
931 794 1077 854 indicium

100 885 152 938 est
187 876 525 951 Expergiscamur
545 891 652 950 ergo,
682 883 722 936 ut
741 891 894 938 errores
916 886 1076 939 nostros

100 976 314 1037 coarguere
333 959 543 1036 possimus.
572 962 656 1021 sola
672 967 796 1020 autern
812 978 881 1021 nos
899 962 1076 1037 philoso-

97 1045 187 1121 phia
206 1044 418 1117 excitabit,
439 1045 507 1104 sola
527 1059 668 1104 somnum
684 1045 817 1105 excutiet
831 1061 970 1120 gravem=
992 1047 1032 1108 illi
1047 1055 1077 1108 te

97 1137 191 1191 toturn
206 1128 327 1190 dedica.
351 1127 462 1202 dignus
476 1127 528 1187 illa
540 1143 590 1201 es,
606 1129 657 1188 illa
672 1128 764 1204 digna
777 1137 807 1189 te
819 1137 880 1190 est:
903 1131 944 1190 ite
958 1131 987 1189 in
1004 1147 1076 1193 con·

96 1216 223 1290 plexum
241 1213 317 1273 alter
331 1213 465 1272 alterius.
497 1211 639 1273 omnibus
657 1213 724 1273 aliis
739 1213 833 1274 rebus
854 1221 884 1274 te
904 1230 997 1289 nega,
1015 1216 1075 1275 lor-

96 1300 179 1371 titer‚
205 1305 323 1387 aperta
355 1312 416 1356 non
443 1303 491 1356 est
508 1297 591 1371 quod
606 1297 744 1371 precario
768 1297 1008 1374 philosopheris.
1044 1298 1104 1359 Siti

97 1397 191 1458 aeger
207 1397 312 1454 esses,
335 1396 439 1441 curam
453 1380 671 1441 intermisisses
693 1381 738 1440 rei
753 1381 909 1442 familiaris
930 1390 959 1441 et
974 1384 1075 1444 loren-

96 1467 143 1527 sia
157 1465 214 1526 tibi
231 1465 355 1540 negotia
370 1464 560 1525 excidissent
573 1479 631 1524 nec
648 1481 833 1541 quemquam
849 1467 923 1526 tanti
939 1476 1074 1541 putares,

96 1550 144 1611 cui
162 1550 334 1610 advocatus
348 1551 379 1609 in
394 1549 577 1610 remissione
594 1549 811 1610 descenderes.
840 1556 903 1611 toto
923 1551 1024 1609 animo
1044 1549 1076 1608 id

95 1650 223 1711 ageres,
246 1641 385 1708 utquam
399 1634 530 1709 primum
544 1634 653 1695 morbo
667 1633 857 1695 liberareris:
888 1633 962 1708 quid
981 1639 1077 1707 ergo‘l

95 1735 158 1779 nou
175 1726 206 1780 et
220 1734 302 1778 nunc
317 1718 398 1778 idem
417 1717 535 1778 iacias?
564 1716 670 1777 Omnia
691 1716 898 1792 inpedimenta
913 1717 1028 1777 dimitte
1046 1724 1076 1777 et

97 1819 175 1864 vaca
197 1804 300 1864 bonae
322 1801 431 1863 menti:
460 1817 548 1862 nemo
571 1801 611 1861 ad
631 1802 712 1861 illam
732 1803 872 1876 pervenit
895 1808 1074 1876 occupatus.

96 1888 229 1948 Exercet
246 1885 442 1963 philosophia
455 1902 585 1961 regnum
601 1902 705 1945 suum=
729 1885 780 1944 dat
794 1892 930 1961 tempus,
948 1901 1008 1945 non
1025 1901 1075 1946 ac-

95 1973 179 2048 cipit.
208 1987 270 2032 non
293 1977 341 2031 est
361 1987 412 2031 res
433 1970 606 2031 subsiciva=
628 1968 782 2029 ordinaria
797 1978 859 2045 est,
881 1968 1005 2030 domina
1018 1978 1075 2043 est,

95 2058 187 2117 adest
207 2062 238 2118 et
257 2054 350 2117 iubet
378 2054 555 2115 Alexander
576 2053 696 2115 cuidam
715 2052 827 2113 civitati
848 2063 965 2130 partem
987 2066 1119 2130 agro-10

94 2157 164 2202 rum
185 2147 216 2200 et
235 2139 392 2200 dimidium
412 2155 514 2199 rerum
539 2139 673 2201 omnium
696 2138 896 2212 promittenti:
927 2154 1006 2213 „eo,
1030 2140 1074 2198 in·

96 2226 177 2301 quit,
207 2224 368 2300 proposito
395 2224 425 2284 iu
449 2225 555 2284 Asiam
578 2221 662 2295 veni,
689 2228 807 2283 utnon
833 2223 865 2284 id
891 2222 1073 2298 acciperem,

96 2309 182 2385 quod
197 2307 379 2382 dedissetis,
397 2308 455 2368 sed
470 2317 503 2369 ut
517 2308 549 2368 id
563 2305 733 2381 haberetis,
751 2307 836 2382 quod
847 2307 1074 2382 reliquissem.“

94 2394 181 2454 ldern
203 2392 401 2469 philosophia
420 2393 535 2470 [rebus]
551 2392 708 2453 omnibus:
736 2408 824 2464 „non
843 2408 911 2452 sum
925 2391 985 2451 hoc
1000 2399 1075 2451 tem·

95 2495 156 2553 pus
172 2486 352 2554 acceptura,
368 2476 452 2553 quod
470 2477 558 2536 vobis
573 2475 772 2552 superfuerit,
789 2476 846 2536 sed
860 2476 890 2534 id
906 2491 964 2534 vos
980 2474 1074 2534 habe·

95 2563 186 2636 bitis,
202 2563 286 2636 quod
300 2562 371 2638 ipsa
385 2565 545 2636 erogarc.“
576 2562 683 2621 Totam
698 2560 758 2619 huc
773 2567 920 2621 converte
934 2565 1075 2631 mentem,
1086 2571 1117 2623 11

96 2647 168 2707 huic
189 2644 314 2721 adside,
338 2647 418 2706 hanc
438 2647 522 2707 cole:
550 2646 658 2720 ingens
680 2644 871 2704 intervallum
893 2643 970 2702 inter
994 2649 1024 2702 te
1046 2651 1077 2703 et

95 2740 217 2792 ceteros
238 2731 300 2790 liet
330 2746 437 2792 omnes
458 2731 601 2789 mortales
616 2729 678 2790 vita
693 2729 872 2800 antecedes,
897 2744 960 2787 non
980 2727 1074 2789 multo

94 2823 126 2875 te
140 2815 171 2875 di
186 2816 377 2876 antecedent.
409 2813 549 2888 Quaeris,
567 2813 640 2889 quid
654 2814 731 2873 inter
744 2819 775 2871 te
789 2819 818 2871 et
832 2812 901 2872 illos
916 2811 1075 2873 interfutu-

93 2916 160 2960 runr
173 2897 235 2961 sill
258 2899 372 2961 diutius
391 2906 498 2959 erunt:
520 2906 550 2958 at
564 2896 755 2957 mehercules
771 2895 871 2972 magni
888 2896 1012 2957 artificis
1028 2904 1076 2957 est

95 2985 228 3045 clusisse
247 2992 345 3046 totum
359 2984 388 3044 in
404 2981 527 3058 exiguo.
556 2989 672 3042 tantum
687 2980 817 3055 sapienti
833 2997 905 3054 sua,
928 2989 1075 3056 quantum

95 3069 155 3128 deo
171 3068 271 3130 omnis
286 3074 373 3128 aetas
391 3074 482 3143 patet.
512 3066 567 3127 Est
581 3066 711 3142 aliquid,
735 3082 795 3140 quo
811 3064 936 3140 sapiens
952 3073 1074 3126 antece-

95 3153 149 3214 dat
163 3154 269 3215 deum=
290 3153 342 3212 ille
355 3150 506 3212 beneficio
521 3159 647 3213 naturae
661 3167 722 3211 non
736 3149 834 3224 timet,
859 3165 916 3210 suo
937 3149 1073 3224 sapiens.

93 3236 175 3298 Ecce
186 3252 240 3298 res
255 3251 382 3311 magna,
396 3234 510 3296 habere
526 3235 750 3295 inbecillitatem
763 3233 910 3307 hominis,
930 3233 1118 3293 securim-12

93 3330 154 3383 tem
169 3322 231 3383 dei.
261 3319 449 3383 incredibilis
464 3319 512 3380 vis
528 3318 742 3396 philosophiae
757 3325 806 3378 est
820 3317 859 3378 ad
874 3333 994 3377 omnem
1015 3317 1074 3376 tor·

93 3406 198 3469 tultam
213 3407 276 3466 vim
296 3404 529 3466 retundendam.
559 3404 673 3464 nullum
695 3404 787 3464 talum
808 3402 839 3461 in
860 3417 992 3476 corpore
1008 3400 1073 3460 eius

91 3491 192 3553 sedet.
211 3489 329 3553 munita
344 3496 404 3566 est,
421 3486 625 3570 solidasqueh
648 3487 804 3568 quaedam
820 3483 975 3562 delatigat
988 3493 1085 3544 crue-
