2422 3862
135 201 177 265 84
421 198 454 258 L.
475 197 623 257 ANNAEI
644 195 819 258 SENECAE

130 353 192 413 Vix
213 351 325 412 oratori
346 348 535 426 permiserim
557 350 647 409 talem
669 347 791 408 dicendi
811 347 1004 407 velocitatem
1030 348 1107 408 inre-

131 433 300 497 vocabilem
321 449 358 494 ac
380 433 445 493 sine
466 435 534 507 lege
549 433 719 492 vadentem.
757 431 1013 506 quemadmodum
1029 430 1107 491 enim

130 520 224 580 iudex
247 518 394 593 subsequi
415 516 540 592 poterit,
563 515 729 590 aliquando
747 515 838 575 etiam
851 514 999 589 inperitus
1015 523 1045 576 et
1059 532 1107 576 ru·

131 603 199 665 dist
232 604 307 663 Tum
328 617 469 677 quoque,
500 616 567 660 cum
588 601 672 661 illum
693 607 745 660 aut
767 600 928 660 ostentatio
950 599 1108 660 abstulerit

130 695 182 748 aut
201 688 340 748 adiectus
361 687 483 760 inpetus
505 683 568 758 sui,
598 691 713 745 tantum
734 684 856 744 lestinet
875 690 967 758 atque
982 683 1106 762 ingerat,

101 778 274 848 equantum
296 785 387 830 aures
409 770 471 843 pati
494 775 635 844 possunt.
671 769 766 828 Recte
782 783 855 842 ergo
872 767 982 842 facies,
1005 768 1108 830 sinon

129 855 245 916 videris
267 855 360 927 istoS,
382 855 434 929 qui
456 860 601 928 quantum
622 853 738 926 dicant,
761 868 823 913 non
842 851 1104 926 quemadmodum

132 947 297 1016 quaerunt,
319 938 431 1012 etipse
446 937 605 1011 malueris,
628 938 654 997 si
668 952 799 997 necesse
813 941 875 1009 est,
900 936 949 995 vel
964 943 998 996 ut
1011 935 1044 994 P.
1056 937 1107 997 Vi-

130 1025 228 1084 nicius
240 1023 352 1082 dicere.
381 1020 458 1096 „Qui
470 1022 572 1096 itaque
580 1025 614 1080 t“
642 1021 715 1083 Cum
729 1026 935 1095 quaereretur,
953 1023 1108 1095 quomodo

130 1108 163 1166 P.
174 1107 312 1167 Vinicius
329 1103 457 1179 diceret,
479 1105 612 1166 Arellius
623 1106 679 1165 ait=
701 1103 906 1180 „tractim.“
930 1120 1000 1164 nam
1011 1104 1109 1165 Gemi·

132 1208 190 1251 nus
204 1190 317 1250 Varius
337 1190 392 1249 ait=
423 1189 591 1263 „Quomodo
610 1192 696 1250 istum
717 1190 859 1250 desertum
873 1190 980 1250 dicatis
994 1193 1109 1250 nescio:

131 1278 189 1336 triu
204 1274 294 1335 verbu
307 1280 472 1348 conpotem
485 1277 637 1349 iuupcrcf‘
673 1271 782 1348 Quidni
794 1273 881 1332 malis
893 1279 926 1333 tu
938 1274 983 1333 sic
996 1272 1106 1344 dicere,
1136 1277 1138 1281 ’

90 1359 288 1434 loquomodo
315 1357 480 1418 Vinicius?
520 1358 641 1432 Aliquis
668 1366 727 1419 tarn
753 1357 890 1428 insulsus
915 1357 1110 1418 intervenerit

133 1459 223 1519 quarn
247 1442 298 1517 qui
323 1441 365 1501 illi
390 1440 511 1517 singula
531 1442 625 1502 verba
646 1441 783 1515 veltenti,
805 1449 959 1516 tamquam
975 1442 1109 1514 dictaret,

130 1543 192 1588 non
208 1526 337 1600 diceret,
359 1524 414 1586 ait:
438 1527 515 1599 „dia
526 1542 686 1602 numquam
701 1522 825 1587 dicus?“
860 1525 934 1585 Nam
950 1525 984 1599 Q.
996 1525 1109 1586 Haterii

131 1627 269 1685 cursum,
292 1610 357 1670 suis
374 1609 563 1685 temporibus
577 1609 709 1670 oratoris
725 1609 927 1683 celeberrimi,
949 1610 1042 1684 longe
1056 1609 1106 1669 ab·

131 1711 202 1756 esse
215 1696 252 1755 ab
264 1694 386 1755 homine
399 1711 475 1754 sano
487 1696 574 1754 volox
593 1709 758 1769 numquam
771 1692 926 1769 dubitavit,
942 1709 1106 1771 numquam

89 1778 299 1840 llintermisit.
329 1779 424 1838 semel
439 1777 617 1853 incipiebat,
640 1779 735 1839 semel
749 1777 917 1839 desinebat.
954 1779 1108 1853 Quaedam

130 1870 231 1923 tamen
248 1869 279 1923 et
298 1862 470 1924 nationibus
492 1869 566 1938 puto
581 1863 679 1937 magis
695 1860 861 1923 autminus
877 1863 1059 1924 convenire=
1080 1863 1109 1922 in

133 1945 258 2007 Graecis
273 1946 351 2007 hanc
366 1945 517 2007 licentiam
532 1946 646 2007 tuleris.
675 1961 733 2007 nos
748 1947 840 2006 etiarn
854 1962 923 2009 cum
938 1948 1109 2019 scribimus,

131 2030 346 2106 interpungere
367 2031 574 2096 adsuevimus.
610 2030 716 2091 cicero
731 2041 857 2106 quoque
872 2039 992 2107 noster,
1015 2048 1109 2108 aquo

130 2115 270 2174 Ronrana
292 2116 468 2189 eloquentia
492 2115 631 2189 exsiluit,
660 2115 820 2190 gradarius
845 2115 909 2177 luit.
953 2117 1111 2177 Romanus

132 2213 233 2259 sermo
249 2199 345 2274 magis
361 2215 396 2259 se
414 2199 620 2275 circumspicit
630 2209 661 2260 et
671 2199 811 2260 aestimat
822 2198 1010 2276 praebetque
1022 2201 1112 2261 aesti-

92 2281 284 2343 lamandum.
323 2282 494 2358 Fabianus,
519 2286 563 2344 vir
583 2285 726 2360 egregius
747 2290 777 2344 et
796 2284 858 2344 vita
878 2290 909 2344 et
927 2285 1058 2345 scientia
1072 2291 1111 2359 et,

132 2367 217 2442 quod
239 2372 310 2444 post
331 2368 389 2428 ista
410 2375 472 2440 est,
501 2367 676 2445 eloquentie
698 2383 836 2444 quoque,
862 2365 1042 2445 disputabat
1060 2383 1112 2428 ex·

132 2451 235 2527 pedite
250 2451 347 2527 magis
361 2468 450 2528 quam
467 2451 631 2526 concitate,
651 2459 685 2512 ut
700 2468 811 2527 posses
823 2451 926 2512 dicere
938 2452 1113 2514 facilitatem

132 2532 209 2597 esse'
225 2536 321 2612 illam,
349 2554 409 2598 non
432 2536 624 2619 celeritatem.
658 2535 737 2597 hane
758 2552 816 2612 ego
837 2536 867 2595 in
888 2537 955 2597 viro
972 2537 1113 2612 sapiente

131 2620 263 2694 recipio:
286 2636 347 2680 non
359 2623 466 2697 exigo,
481 2627 515 2682 ut
526 2621 622 2682 oratio
635 2620 701 2681 eius
713 2621 780 2681 sine
791 2618 1000 2697 inpedimento
1012 2629 1112 2682 exeat.

91 2713 123 2768 13
132 2703 304 2778 proteratur
324 2711 424 2764 tamen
445 2706 525 2767 mato
546 2721 637 2780 quarn
658 2704 801 2780 profluat.
836 2705 881 2766 Eo
897 2714 1001 2767 autem
1014 2706 1113 2780 magis

82 2828 84 2832 »
131 2792 161 2845 te
182 2785 322 2848 deterreo
344 2786 382 2848 ab
400 2788 460 2849 isto
476 2790 597 2863 morbo,
622 2790 706 2865 quod
722 2805 782 2851 non
798 2796 903 2865 potest
917 2790 970 2850 tibi
984 2805 1036 2850 res
1055 2789 1113 2849 ista

133 2870 309 2946 contingere
335 2869 421 2932 aliter
443 2888 533 2948 quam
548 2875 585 2935 -si
605 2881 635 2934 te
658 2875 775 2950 pudere
795 2873 933 2935 desierim
963 2873 1113 2950 perfrices

132 2955 261 3016 frontem
285 2962 406 3030 oportet
431 2963 460 3015 et
488 2965 516 3017 te
541 2958 642 3033 ipsum
668 2975 729 3020 non
754 2957 873 3019 audias.
911 2958 1007 3019 multa
1032 2955 1112 3018 enirn

133 3039 372 3112 [in]observatus
387 3040 436 3100 ille
452 3056 561 3102 cursus
577 3043 667 3116 leret,
692 3058 771 3117 quae
784 3042 1013 3118 reprehendere
1024 3041 1112 3101 velis.

89 3123 197 3183 14Non
219 3131 335 3200 potest,
357 3122 497 3201 inquam,
519 3126 572 3186 tibi
593 3128 768 3201 contingere
782 3143 834 3187 res
848 3128 908 3188 ista
922 3129 1010 3187 salva
1023 3140 1110 3188 verca

132 3208 252 3268 cundia.
288 3217 448 3284 praeterea
468 3211 686 3272 exercitatione
706 3228 786 3287 opus
806 3218 855 3272 est
874 3211 1029 3273 cotidiana
1048 3215 1112 3269 eta

131 3292 224 3353 rebus
247 3294 379 3355 studium
401 3295 646 3357 transferendum
668 3303 715 3356 est
728 3295 768 3355 ad
783 3295 887 3356 verba.
914 3295 992 3356 haec
1008 3299 1110 3356 autem

131 3375 248 3438 etiamsi
264 3379 392 3441 aderunt
406 3387 436 3440 et
447 3385 589 3454 poterunt
600 3380 667 3440 sine
678 3380 740 3441 ullo
753 3388 806 3441 tuo
817 3379 923 3441 labore
935 3381 1108 3448 decurrere,

115 3466 217 3520 lernen
229 3465 435 3540 temperanda
449 3471 531 3528 sunt.
543 3482 620 3535 ,nam
634 3464 895 3543 quemadmodum
903 3461 1109 3538 sapientium
