2422 3862
139 225 296 287 namon.
309 226 877 302 Ltuxvlll.EP.o.(1oo.)-x1x.1.
890 234 978 306 (no.)
1006 229 1073 296 ¹iol

95 379 195 451 laciel,
213 378 380 452 iustiorem,
396 377 811 454 temperatiorem-nondum
823 383 960 442 exerceri
967 392 1074 446 ·vaeat=

89 464 201 525 adhuc.
210 463 330 531 medico
344 461 416 522 milri
437 479 517 538 opus
540 469 596 524 cst.
641 464 719 538 Quid
735 481 783 525 me
797 465 905 540 poscis
919 467 1119 529 scientiamlli

95 548 251 609 inutilernl
279 562 390 622 magna
411 547 591 622 promisisti,
606 596 608 601 .
621 549 731 623 exigua
754 549 861 609 video:
889 550 1015 611 dicebas
1032 552 1076 611 in·
1101 594 1103 598 -

94 633 246 707 trepidum
261 632 342 703 lore,
364 629 483 691 etiamsi
504 632 585 692 circa
600 647 651 691 me
663 633 756 706 gladii
774 635 934 707 micarent,
958 634 1076 696 etiamsi

94 731 199 777 mucro
221 721 360 789 tangeret
380 714 525 790 iugulum.
555 715 681 790 dicebas
698 717 936 790 securum'lore,
958 718 1076 780 etiamsi

94 801 176 860 circa
190 797 423 872 mellugrarenl
442 797 600 873 incendia,
622 800 739 860 etiamsi
762 799 881 861 subitus
902 801 990 863 turbo
1012 809 1076 864 toto

93 900 202 944 navcm
217 898 315 943 meam
332 883 406 942 niani
420 891 555 958 raperet:
578 882 657 943 haec
668 883 740 944 mihi
754 891 877 960 praesta
889 885 1007 946 interim
1018 885 1034 927 *
1045 892 1080 948 ut

91 971 289 1044 voluptatem,
305 973 339 1027 ut
349 967 476 1042 gloriam
493 973 699 1027 contemnam:
722 975 833 1043 postea
846 970 973 1030 docebis
989 970 1077 1046 inpli-

91 1054 175 1131 opita
197 1054 335 1124 solvere,
358 1052 499 1126 ambigna
514 1051 719 1126 distinguere,
735 1051 869 1113 obscura
883 1055 1076 1130 perspicere:

93 1153 175 1198 nunc
190 1137 278 1209 doce,
298 1134 382 1210 quod
399 1149 529 1194 neccsse
544 1141 600 1194 est.
630 1135 717 1195 Vale.

480 1345 685 1357 *m

394 1517 427 1598 l.
449 1513 590 1604 llllll
614 1514 786 1602 SENECAE

452 1670 501 1719 nl)
530 1667 722 1720 LUCILIUM

140 1783 633 1882 nrlsrttnlnun
674 1752 1034 1883 -nonlnlttn

466 1954 602 2016 LIBER
628 1953 707 2018 XIX.

530 2101 648 2113 m

401 2195 616 2255 EPISTULA
642 2198 663 2253 1.
691 2196 780 2270 (110.)

352 2288 462 2342 Sanaos
476 2292 587 2344 Lucmro
608 2303 659 2343 suo
680 2303 810 2344 snutrein

155 2391 202 2448 Ex
217 2391 407 2454 Nomentano
422 2410 490 2454 meo
505 2403 535 2454 te
547 2396 647 2456 saluto
663 2403 693 2454 et
707 2395 797 2455 iubeo
814 2393 928 2453 habere
946 2398 1104 2454 mententl

92 2472 221 2544 bonam,
245 2473 304 2534 hoc
325 2483 373 2536 est
394 2477 544 2551 propitios
567 2479 662 2539 deos
684 2492 831 2547 omnes,
858 2492 938 2550 quos
958 2473 1077 2534 habel

92 2557 276 2631 placatos
298 2563 335 2615 el
354 2558 550 2630 faventes,
573 2560 757 2635 quisquis
780 2557 857 2618 sibi
879 2573 920 2617 se
943 2556 1075 2631 propi·

93 2640 119 2699 ti
129 2641 217 2700 avit.
260 2639 384 2716 Sepone
398 2642 429 2700 in
445 2643 632 2716 praesentia,
650 2658 729 2718 quae
745 2640 928 2715 quibusdam
945 2642 1074 2715 placent,

92 2724 258 2799 unicnique
278 2733 416 2786 nostrum
433 2728 647 2802 paedagogum
666 2725 730 2785 dari
745 2725 851 2798 deum,
873 2741 934 2784 non
951 2722 1075 2799 quidem

94 2807 296 2891 ordinarium,
319 2810 375 2870 sed
389 2809 470 2870 hunc
485 2809 636 2872 inferioris
655 2817 746 2869 notae
762 2825 800 2869 ex
816 2824 922 2869 eorum
936 2823 1073 2882 numero,

94 2909 174 2967 quos
189 2892 315 2954 Ovidius
336 2894 377 2955 ait
397 2897 455 2970 „de
465 2897 552 2969 plebe
564 2896 672 2956 deos“.·
685 2893 727 2955 ita
742 2902 842 2955 tamen
863 2893 923 2953 hoc
940 2908 1076 2970 seponas

92 2979 174 3048 volo,
191 2984 224 3038 ut
237 2978 410 3038 memineris
424 2979 556 3040 maiores
571 2987 704 3051 nostros,
721 2978 772 3054 qui
784 2975 1076 3052 credideruntStoi-

93 3073 148 3120 cos
163 3060 273 3122 sulssc=
290 3063 420 3136 singulis
435 3063 514 3123 enim
528 3071 559 3124 et
570 3063 899 3124 Genium—ellunonem
915 3061 1075 3122 dederunt.

92 3142 204 3205 Postea
227 3144 414 3218 videbimus,
441 3164 478 3208 an
492 3155 614 3208 tantum
637 3147 685 3207 dis
707 3154 810 3220 vacet,
831 3151 871 3207 ut
891 3144 1107 3221 privatorum

94 3229 216 3301 negotia
227 3238 440 3303 procurarent:
456 3230 574 3291 interim
588 3231 661 3291 illud
676 3231 761 3302 scito,
777 3231 845 3291 sive
857 3227 1009 3304 adsignati
1024 3244 1076 3290 su·

94 3326 179 3384 mus,
195 3313 261 3372 sive
276 3313 406 3387 neglecti
421 3321 452 3374 et
467 3315 606 3376 fortunae
627 3315 703 3387 dati,
725 3312 799 3375 nulli
814 3321 843 3374 te
864 3329 960 3388 posse
974 3312 1077 3388 inpre-

96 3394 158 3451 cari
174 3394 336 3472 quicquam
352 3396 491 3472 gravius,
512 3415 605 3473 quarn
625 3399 652 3458 si
673 3397 849 3473 inprecatus
864 3397 974 3469 fueris,
994 3403 1028 3456 ut
1041 3411 1078 3454 se

95 3476 207 3538 habeat
220 3478 337 3541 iratum.
353 3480 422 3542 ,Sed
437 3497 498 3542 non
513 3491 570 3557 est,
586 3498 681 3558 quare
699 3483 849 3556 cuiquam,
867 3496 957 3556 quem
976 3493 1077 3554 poene
