2422 3862
111 271 114 275 ν
178 229 242 296 350
466 230 500 290 L.
521 231 670 291 ANNAEI
690 229 866 293 SENECAE

174 384 254 445 hana
275 390 436 460 sequatur,
463 382 533 443 huie
555 389 670 459 pareat.
702 389 733 442 et
753 398 965 460 quaecumque
984 384 1078 461 liunt,
1103 388 1155 448 de

173 466 280 529 buisse
299 467 366 528 iteri
383 473 468 543 putet
489 482 547 527 nee
561 465 633 526 velit
646 465 810 542 obiurgare
823 475 971 528 naturam.
1001 468 1153 545 Optimum

173 560 221 614 est
241 552 318 629 pati,
341 551 425 627 quod
440 551 604 612 emendare
626 567 688 612 non
710 550 829 626 possis,
850 558 881 611 et
895 551 1005 626 deum,
1023 571 1085 628 quo
1101 570 1153 616 au-

174 644 258 696 olore
284 642 394 697 ounota
417 635 616 711 proveniunt,
646 635 713 695 sine
738 635 975 696 murmuratione
1000 638 1154 699 comitari=

172 723 270 781 malus
299 719 386 780 miles
416 727 483 794 est,
530 719 583 794 qui
609 719 823 803 imperatorem
848 733 976 793 gemens
1004 721 1153 797 sequitur.

131 804 272 878 loQuare
292 803 402 879 inpigri
423 810 515 878 atque
536 803 654 863 alacres
676 800 866 878 excipiamus
887 802 1017 879 imperia
1030 807 1153 867 neede-

173 903 312 949 seramus
333 886 415 948 hune
438 886 542 963 operis
564 886 759 962 pulcherrimi
779 902 916 961 cursum,
938 886 988 948 oui
1004 889 1153 965 quiequid

119 983 122 988 ·
172 972 318 1047 patimur,
339 972 486 1032 intextum
507 978 563 1031 est.
596 978 626 1031 et
645 971 691 1032 sie
707 971 908 1046 adloquamur
923 973 1042 1048 lovem,
1064 975 1152 1036 euius

171 1056 380 1130 gubernaculo
400 1058 498 1116 moles
516 1056 575 1116 ista
597 1055 749 1131 dirigitur,
772 1056 1032 1130 quemadmodum
1047 1057 1152 1118 Clean-

169 1138 239 1199 thes
260 1147 365 1200 noster
385 1141 526 1200 versibus
548 1139 757 1200 disertissimis
772 1138 959 1216 adloquitur,
979 1155 1059 1216 quos
1081 1141 1153 1202 mihi

170 1221 202 1282 in
224 1231 362 1284 nostrum
383 1238 555 1284 sermonem
575 1230 692 1284 mutare
713 1221 894 1299 permittitur
914 1222 1085 1300 Ciceronis,
1107 1225 1153 1286 di·

172 1307 332 1367 sertissimi
347 1306 418 1379 viri,
433 1308 585 1382 exemplo.
618 1308 645 1367 si
660 1307 844 1384 placuerint,
859 1307 932 1368 boni
946 1310 1104 1370 eonsules.
1126 1310 1152 1370 si

172 1388 393 1467 displicuerint,
405 1392 486 1451 oles
494 1389 578 1451 mein
590 1389 650 1451 hoe
658 1391 959 1453 secutumcioeronis
967 1394 1152 1469 exemplum.

129 1475 162 1530 11
253 1477 327 1549 Ilua,
342 1491 359 1536 o
367 1492 484 1551 parens
497 1477 623 1550 celsique
636 1477 801 1537 dominator
810 1478 882 1551 poli,

255 1576 436 1636 quocumque
443 1561 577 1636 placuit:
597 1563 682 1621 nullu
695 1561 830 1636 parendi
841 1575 925 1621 mora
938 1567 989 1621 est.

256 1645 362 1704 adsum
376 1646 503 1721 mptper.
529 1643 595 1705 Fae
607 1646 698 1717 nolle,
712 1644 872 1705 comitabor
882 1661 1002 1720 gemens

254 1731 408 1804 molasque
417 1731 539 1804 potiar,
553 1729 634 1802 quod
643 1730 714 1804 poti
724 1730 808 1789 licuit
822 1729 904 1789 hono.

255 1813 522 1874 Dueuntoolentem
530 1811 614 1887 sata,
630 1814 773 1873 nolentem
783 1813 915 1873 trahunt.

131 1894 222 1957 tiSio
239 1897 395 1970 vivamus,
414 1896 459 1957 sie
478 1897 655 1971 loquamur=
679 1904 802 1971 paratos
823 1913 881 1957 nos
903 1895 1038 1956 inveniat
1058 1903 1152 1971 atque

170 1979 309 2056 inpigros
324 1980 427 2040 latum.
442 1980 491 2040 hie
507 1987 556 2040 est
569 1996 699 2055 magnus
716 1979 850 2055 animus,
868 1981 920 2054 qui
935 1995 970 2040 se
985 1980 1045 2041 deo
1059 1980 1152 2041 tradi-

171 2064 234 2124 dit2'
258 2070 290 2122 at
310 2072 415 2124 eontra
436 2065 487 2123 ille
503 2064 633 2138 pusillus
651 2072 681 2123 et
695 2065 843 2139 degener,
867 2064 919 2138 qui
935 2063 1107 2126 obluctatur
1122 2071 1153 2125 et

170 2147 210 2207 de
226 2147 333 2206 ordine
348 2148 452 2207 mundi
468 2149 546 2207 male
560 2148 712 2209 existimat
722 2155 752 2208 et
764 2148 928 2209 emendare
942 2149 1058 2211 mavult
1074 2148 1152 2209 deos

172 2246 264 2305 quam
279 2245 323 2290 se.
345 2232 433 2290 Vale,

464 2367 683 2426 EPISTULA
704 2369 739 2424 V.
768 2370 857 2442 (too.)

425 2462 536 2515 Seneca
551 2465 661 2516 Lucum
678 2476 730 2516 suo
747 2476 886 2518 saturent.

139 2577 154 2628 1
216 2569 282 2644 id,
298 2567 338 2628 de
353 2583 415 2643 quo
431 2567 570 2643 quaeris,
586 2583 625 2628 ex
639 2565 688 2628 his
706 2572 768 2641 est,
785 2581 865 2642 quae
880 2564 960 2626 seire
976 2572 1092 2628 tantum
1104 2581 1151 2639 eo,

168 2659 201 2713 nt
216 2653 312 2728 selas,
328 2651 467 2728 pertinet.
490 2652 547 2712 sed
561 2651 773 2724 nihilominus,
789 2651 862 2727 quia
878 2650 1021 2726 pertinet,
1038 2665 1152 2726 prope·

169 2752 220 2797 ras
240 2753 297 2796 neo
318 2736 366 2796 vis
383 2743 565 2812 exspectare
584 2736 693 2808 libros,
716 2750 796 2812 quos
812 2751 881 2796 eum
895 2735 1028 2794 maxime
1042 2734 1152 2795 ordino

170 2821 360 2880 continentes
380 2828 473 2882 totam
494 2823 640 2883 moralem
659 2818 875 2895 philosophiae
895 2827 1023 2896 partem.
1051 2818 1153 2879 statim

170 2901 349 2979 expediam=
376 2903 451 2963 illud
468 2913 569 2966 tamen
589 2905 675 2982 prius
697 2902 882 2980 scribam,
904 2903 1151 2978 quemadmo-

169 2988 254 3048 dum
276 2986 346 3047 tibi
366 2985 425 3047 ista
446 2989 644 3065 cupiditas
667 2988 865 3066 discendi,
888 3005 961 3064 qua
975 2989 1151 3063 flagrare

170 3080 206 3134 te
233 3069 365 3145 video,
395 3069 611 3146 digerenda
635 3073 701 3148 sit,
726 3089 772 3133 ne
793 3073 881 3148 ipsa
902 3088 944 3133 se
963 3071 1151 3148 inpediat.

134 3158 151 3211 a
167 3155 230 3215 Neo
244 3154 361 3232 passim
376 3157 532 3233 carpenda
546 3165 617 3219 sunt
628 3174 686 3219 neo
698 3158 788 3219 avide
802 3157 977 3218 invadenda
990 3157 1151 3218 universa:

169 3254 225 3317 per
239 3247 345 3316 partes
359 3242 554 3316 pervenietur
568 3243 608 3303 ad
622 3249 727 3316 toturn.
757 3242 855 3318 aptari
871 3259 950 3304 onus
965 3240 1082 3302 viribus
1098 3241 1152 3300 de·

167 3325 221 3385 bet
233 3340 291 3384 neo
306 3326 377 3400 plus
391 3327 551 3403 occupari,
569 3343 662 3403 quam
677 3325 726 3388 eui
740 3327 884 3389 sulficere
900 3325 1068 3404 possimus.
1089 3340 1152 3385 non

169 3416 313 3487 quantum
327 3409 390 3485 vis,
406 3411 463 3470 sed
478 3419 622 3486 quantum
638 3411 723 3487 capis
739 3412 939 3476 hauriendum
954 3417 1014 3472 est=
1037 3410 1152 3471 bonum

167 3501 282 3558 tanturn
305 3493 386 3556 habe
404 3493 552 3557 animumt
580 3495 686 3576 sapies
709 3504 855 3574 quantum
869 3498 967 3559 voles.
1001 3511 1063 3572 quo
1080 3493 1151 3570 plus
