2422 3862
459 194 693 287 amonium.
1009 226 1072 291 aaa

93 401 147 440 nec
162 383 198 439 de
213 387 293 454 patre
308 380 489 438 dubitandum
507 390 566 452 est,
587 385 660 440 bene
680 383 807 456 inprimis
828 384 865 440 de
886 402 934 453 se,
958 400 1041 455 quam
1056 401 1090 441 a.

93 466 262 523 contumelia
282 465 389 520 externi
404 467 530 538 corporis
546 467 677 523 vindicat
703 467 875 539 captivitatis
896 467 970 523 nulla
987 468 1075 524 maior

93 550 238 608 calamitas
257 554 300 605 est
321 564 405 619 quam
424 549 462 606 ad
478 551 599 606 alienam
613 551 755 608 libidinem
772 551 853 608 trahi.
874 550 958 607 Viros
974 567 1075 607 consu·
1087 554 1122 612 iti

60 690 61 693 ,
94 636 165 691 latus
190 634 320 703 illustrat,
342 633 500 704 eloquentia
518 634 547 690 in
569 651 672 691 nomen
686 638 829 695 aeternum
844 632 934 702 effert,
948 635 1072 690 militaris

92 718 185 790 gloria
198 715 411 788 triumphusque
426 733 518 774 novae
534 718 624 790 gentis
636 724 792 774 consecrat
815 723 988 788 multarunt,
1001 734 1073 789 quae

93 802 240 878 praeclara
257 800 371 872 ingenia
391 802 548 857 nobilitent:
570 802 694 858 mulieris
707 803 795 860 virtus
812 803 926 875 proprie
940 801 1074 874 pudicitia

93 890 152 942 est:
175 884 247 940 haec
267 884 422 939 Lucretiam
445 884 529 940 Bruto
550 886 695 956 aequavit,
718 887 829 943 nescias
853 903 890 943 an
903 886 1074 957 praetulerit,

93 969 227 1041 quoniam
244 968 346 1023 Brutus
362 983 418 1022 non
432 983 519 1038 posse
536 969 644 1026 servire
659 986 676 1025 a
691 971 793 1026 semina
813 970 918 1026 didicit.
937 969 1010 1025 haec
1025 985 1074 1025 ae-

94 1053 191 1124 quavit
207 1051 364 1108 Corneliam
381 1050 521 1122 Graccho,
542 1051 614 1108 haec
629 1053 755 1109 Porciam
771 1055 850 1109 alteri
864 1053 960 1109 Bruto.
983 1053 1074 1109 notior

95 1143 139 1194 est
151 1137 250 1192 marito
266 1152 318 1191 suo
334 1134 478 1206 Tanaquil.
493 1135 570 1190 illum
585 1136 656 1192 inter
673 1138 758 1192 multa
771 1154 872 1209 regum
890 1138 1002 1193 nomina
1018 1138 1073 1193 iam

95 1220 242 1276 abscondit
256 1219 420 1290 antiquitas:
441 1218 515 1275 hanc
530 1235 595 1275 rara
609 1220 680 1276 inter
694 1222 811 1276 seminas
826 1222 914 1278 virtus
932 1222 1013 1278 altius
1029 1238 1073 1277 se·

96 1305 221 1359 culorum
248 1304 369 1359 omnium
398 1303 550 1359 memoriae
575 1318 658 1374 quam
682 1310 711 1358 ut
739 1304 870 1361 excidere
897 1306 1000 1376 possit,
1031 1306 1074 1359 in·

95 1387 164 1446 lixit.

158 1470 228 1527 idid.
245 1487 269 1528 e.
283 1475 327 1530 26.
338 1488 371 1543 p.
387 1474 449 1530 185.
478 1469 593 1527 Claudia
604 1470 685 1542 virgo
700 1471 823 1527 Vestalis
838 1488 924 1543 quum
937 1474 967 1529 in
982 1473 1073 1544 suspi—
1084 1461 1121 1516 8⁰

96 1556 205 1611 cionem
223 1555 346 1619 venisset
368 1555 456 1627 stupri
480 1562 507 1610 et
522 1554 700 1610 simulacrum
722 1557 817 1611 matris
832 1557 935 1624 idaeae
956 1556 1073 1612 invado

95 1638 203 1695 Tiberis
225 1639 370 1708 haereret,
394 1639 432 1695 ad
454 1638 692 1711 comprobandam
710 1639 872 1710 pudicitiam
892 1656 972 1695 suam
989 1641 1075 1696 lertur

95 1720 208 1796 cingulo
224 1723 340 1780 duxisse
356 1739 471 1789 navam,
495 1739 580 1794 quam
600 1724 685 1778 multa
709 1722 784 1778 milia
803 1723 948 1779 hominum
962 1722 1074 1780 trahere

96 1808 293 1877 nequiverant:

156 1890 281 1960 „Melius
302 1897 408 1957 tamen,
436 1893 524 1964 inquit
542 1892 646 1948 Lucani
662 1895 764 1964 poitae
784 1897 916 1963 patruus,
944 1907 1006 1946 cum
1028 1890 1075 1944 illa

97 1982 173 2030 esset
188 1981 294 2045 actum,
314 1977 339 2031 si
357 1976 427 2045 hoc,
448 1976 525 2048 quod
539 1977 646 2046 evenit,
662 1981 855 2032 ornamentum
869 1975 962 2047 potius
979 1975 1075 2045 explo—

96 2065 173 2114 ratae
189 2060 287 2116 luisset
300 2060 451 2132 pudicitiae
467 2077 550 2132 quam
570 2060 671 2118 dubiae
687 2059 902 2134 patrocinium.“

159 2142 231 2200 Ibid.
248 2161 272 2200 e.
290 2149 336 2220 3⁰:
348 2149 455 2218 p.191.
487 2143 667 2218 Scripserunt
684 2144 849 2201 Aristoteles
868 2142 1032 2199 Plutarchus
1049 2148 1076 2197 et
1086 2147 1120 2202 81

98 2235 191 2283 noster
205 2226 316 2285 Seneca
331 2229 374 2286 de
398 2230 627 2288 matrimonio
650 2231 750 2299 libros,
774 2245 811 2285 ex
829 2229 930 2300 quibus
947 2234 975 2284 et
989 2243 1073 2300 supe-

97 2312 173 2365 riora
190 2314 323 2367 nonnulla
340 2319 404 2367 sunt
420 2314 527 2378 elisia,
547 2330 619 2384 quae
635 2314 812 2371 subiicimus=
1088 2362 1096 2377 .

160 2393 266 2463 „Amor
287 2397 394 2452 formae
411 2397 527 2452 rationis
548 2399 651 2455 oblivio
673 2405 716 2454 est
733 2402 761 2452 et
774 2397 900 2452 insaniae
920 2395 1075 2467 proximae,

97 2477 211 2532 foedum
231 2478 400 2550 minimeque
418 2480 590 2536 conveniens
613 2482 706 2536 animo
727 2479 825 2550 sospiti
846 2479 960 2536 vitium:
986 2479 1077 2533 turbat

98 2561 228 2630 consilia,
249 2563 319 2617 altos
338 2567 366 2617 et
382 2578 538 2634 generosos
553 2563 666 2635 spiritus
681 2562 798 2633 frangit,
811 2579 829 2616 a
844 2562 956 2632 magnis
970 2561 1076 2632 cogita·

96 2646 217 2701 tionibus
231 2646 268 2701 ad
282 2645 449 2701 humillimas
463 2645 595 2715 detrahit,
609 2647 756 2717 querulos,
772 2644 940 2715 iracundos,
955 2650 1075 2700 temera·

98 2733 169 2799 rios,
197 2730 267 2786 dure
291 2730 474 2802 imperiosos,
500 2730 639 2787 serviliter
658 2729 791 2798 blandos,
813 2728 942 2785 omnibus
955 2729 1076 2799 inutiles,

97 2815 150 2887 ipsi
163 2815 317 2872 novissime
333 2815 422 2870 amori
437 2815 509 2870 lacit.
529 2831 594 2870 nam
614 2830 699 2886 quum
712 2813 822 2869 fruendi
834 2812 983 2884 cupiditate
1000 2813 1076 2870 insa·

97 2900 182 2955 tiabili
202 2897 315 2972 flagret,
336 2901 417 2971 plura
432 2904 560 2971 tempora
571 2899 793 2971 suspicionibus,
804 2897 940 2969 lacrimis,
952 2914 1074 2969 conque-

97 2984 233 3040 stionibus
256 2984 362 3056 perdit,
388 2983 483 3039 odium
504 2983 547 3039 sui
567 2984 631 3040 lacit
651 2990 678 3039 et
696 2984 758 3056 ipse
773 2981 926 3040 novissime
942 2983 995 3038 sibi
1009 2982 1075 3038 odio

97 3069 167 3123 est.“
199 3069 269 3124 Tota
290 3069 392 3123 amoris
411 3069 557 3124 insectatio
578 3067 654 3141 apud
673 3068 816 3124 Platonem
836 3067 963 3139 exposita
986 3073 1029 3124 est
1051 3072 1077 3123 et
1087 3071 1123 3126 81

97 3153 191 3208 omnia
207 3153 267 3209 eius
282 3153 460 3209 incommoda
474 3154 574 3224 Lysias
589 3153 723 3225 explicat,
740 3151 817 3223 quod
832 3167 889 3207 non
905 3151 1008 3207 iudicio
1024 3151 1077 3208 sed

97 3238 191 3291 lurore
211 3237 329 3292 ducatur
350 3243 377 3292 et
399 3237 519 3293 maxime
540 3253 659 3293 uxorum
679 3236 878 3308 pulchritudini
892 3236 1076 3308 gravissimus

98 3325 191 3374 custos
207 3323 331 3376 accubet.
360 3319 456 3378 Refert
468 3327 616 3393 praeterea
630 3320 740 3379 Seneca
755 3321 924 3394 cognovisse
939 3338 970 3378 se
986 3335 1060 3390 quen
1084 3322 1120 3378 83

98 3403 163 3458 dam
180 3410 307 3460 ornatum
320 3404 476 3475 hominem,
492 3407 539 3477 qui
554 3407 676 3461 exiturus
689 3407 717 3460 in
728 3406 872 3477 publicum
881 3405 977 3458 (ascia
986 3403 1093 3454 uxoixs

96 3492 196 3559 pectus
212 3488 360 3560 colligabat
380 3495 406 3546 et
426 3506 462 3547 ne
481 3497 587 3565 puncto
606 3489 726 3566 quidem
740 3489 840 3546 horae
854 3481 1037 3558 praesentia
1049 3475 1120 3523 ems

134 3587 234 3626 srnrca
245 3587 315 3632 rau.
327 3573 374 3630 lll.
