2422 3862
182 231 354 295 EPISTUL.
368 233 462 294 MOR.
485 235 556 297 LIB.
570 235 621 295 lv.
643 235 700 296 ΕΡ.
710 245 815 300 8-.10.
837 244 985 316 (sl—39.)
1033 242 1074 306 sl

99 393 208 462 locum,
230 386 313 448 vires
335 403 409 448 suas
430 387 563 464 explicat
577 396 607 448 et
621 404 660 449 ex
674 387 797 451 minimo
812 389 842 451 in
858 392 1008 454 maximos
1023 411 1075 456 au·

98 482 159 535 ctus
179 470 371 533 diffunditur.
407 471 492 531 ldem
509 472 580 533 lecit
593 471 686 534 ratio:
706 489 767 534 non
783 474 843 535 late
857 482 953 550 patet,
978 478 1005 537 si
1019 479 1072 539 ad-

97 555 223 633 spicios=
246 556 277 615 in
290 570 387 630 opere
400 556 519 615 crescit.
541 572 641 631 pauca
652 564 739 632 sunt,
754 574 834 633 quae
846 559 996 620 dicuntur.
1017 563 1074 622 sed

97 643 119 700 si
138 641 189 700 illa
210 639 334 700 animus
354 638 434 699 bene
456 639 593 714 excepit,
616 642 836 703 convalescunt
850 651 880 704 et
894 654 1073 720 exsurgunt.

96 724 204 785 Eadem
233 729 297 796 est,
329 721 469 797 inquam,
497 730 732 799 praeceptorum
758 725 899 788 condicio
922 744 1002 802 quae
1025 746 1072 791 se·

96 809 221 869 minum:
249 807 378 867 multum
399 806 548 882 efficiunt,
575 815 605 867 et
626 815 755 884 angusta
776 817 855 871 sunt.
889 818 1019 887 tanturn,
1040 821 1075 874 ut

96 892 168 966 dixi,
188 891 303 953 idonea
325 905 412 950 mens
433 891 531 966 rapiat
552 891 602 951 illa
618 901 648 954 el
667 893 697 953 in
712 909 746 953 se
761 894 868 956 uehat.
891 897 985 957 multa
998 898 1073 959 invi·

94 991 156 1120 {em
182 983 213 1037 et
238 977 310 1052 ipsa
334 973 492 1049 generabit
516 982 546 1036 et
571 977 642 1050 plus
668 977 776 1038 reddet
796 995 888 1054 quarn
911 983 1073 1058 acceperit.

119 1076 137 1120 a
149 1076 175 1120 e.

397 1195 613 1254 EPISTULA
638 1189 673 1253 X.
701 1202 779 1270 (39.)

349 1290 460 1343 Seneca
474 1292 585 1343 Lucmro
606 1305 657 1344 sno
679 1305 817 1349 securem.

154 1395 476 1470 commentarios,
501 1412 598 1472 quos
617 1397 839 1471 desideraS,
862 1395 1100 1471 diligentem

93 1481 298 1541 ordinatos
328 1485 363 1539 et
391 1480 427 1540 in
455 1488 657 1554 angustum
685 1488 848 1542 coactos
882 1495 952 1556 ego
981 1496 1073 1541 vcro

93 1580 328 1640 conponam:
351 1563 406 1624 sed
427 1564 511 1638 vide,
533 1580 572 1625 nc
587 1565 656 1640 plus
672 1565 833 1639 protutura
849 1564 887 1624 sil
900 1562 977 1623 ratio
993 1563 1073 1624 ordi·

94 1649 177 1708 naria
192 1664 284 1724 quarn
299 1647 392 1722 haec,
412 1664 491 1723 quae
502 1664 584 1708 nunc
597 1649 687 1724 volgo
703 1647 941 1709 breviarium
956 1647 1073 1720 dieitur,

94 1732 164 1793 olim
186 1748 256 1792 oum
277 1732 370 1792 latine
391 1733 602 1808 loqueremur,
630 1734 873 1793 summarium
900 1730 1073 1792 vocabatur.

93 1815 145 1876 llla
166 1831 219 1877 res
239 1816 371 1878 discenti
392 1814 489 1892 magis
510 1817 688 1879 necessario
707 1823 767 1890 est,
789 1816 866 1876 baec
881 1814 999 1875 scienti.
1024 1815 1074 1874 ille

93 1901 172 1960 enirn
189 1901 297 1974 docet,
313 1899 389 1960 hoec
404 1901 556 1962 admonet.
579 1902 636 1961 sed
649 1899 810 1976 utriusque
825 1900 869 1961 rei
887 1899 939 1959 tibi
952 1898 1073 1973 copiam

93 1985 212 2046 inciam.
233 1991 265 2045 lu
281 2000 300 2044 a
314 2000 362 2044 mc
377 2000 438 2045 non
453 1994 500 2047 est
516 1984 599 2060 quod
615 1985 696 2046 illurn
715 1993 766 2045 ant
780 1984 862 2045 illum
874 1983 996 2058 exigase
1022 1983 1074 2058 qui

94 2076 232 2130 notorem
255 2068 322 2143 dal,
351 2070 473 2145 ignotus
495 2077 551 2130 est.
590 2068 727 2130 Scribam
744 2084 818 2144 ergo
834 2066 995 2144 quodvis,
1017 2067 1102 2138 sedo

93 2169 160 2214 meo
178 2169 282 2215 morer
305 2151 425 2214 interim
439 2155 550 2215 multos
565 2152 676 2227 habes,
696 2170 825 2229 quorum
838 2151 952 2229 scripto
967 2152 1072 2213 nescio

93 2253 131 2297 an
153 2238 229 2298 satis
252 2237 402 2299 ordinent.
441 2237 533 2299 Sume
554 2239 582 2297 in
602 2255 710 2299 manus
726 2237 856 2298 indicem
873 2236 1072 2313 philosopho-

94 2337 172 2381 rum=
195 2322 275 2382 haec
287 2319 357 2396 ipsa
371 2338 422 2382 res
437 2323 609 2398 expergisci
626 2330 655 2383 te
670 2331 773 2399 coget,
791 2323 818 2382 si
834 2321 963 2393 videris,
982 2336 1073 2396 quam

95 2407 177 2467 multi
197 2404 252 2467 tibi
275 2405 487 2467 laboraverint.
520 2407 723 2482 concupisces
738 2415 768 2467 ct
782 2407 851 2482 ipse
865 2423 905 2467 ex
919 2405 978 2465 illis
993 2420 1072 2464 unus

93 2506 173 2550 esse.
196 2488 315 2551 habet
333 2491 414 2551 enim
436 2490 508 2550 hoe
531 2492 712 2566 optimum
733 2492 769 2550 in
793 2507 834 2551 sc
855 2503 1073 2565 generosus

94 2573 258 2646 animus,
283 2575 386 2650 quod
408 2575 629 2636 concitatur
650 2576 694 2636 ad
716 2575 892 2636 honesta.
923 2572 1073 2632 neminem

95 2659 209 2720 excelsi
231 2659 345 2734 ingenii
367 2657 463 2719 virum
483 2658 608 2719 humilia
628 2660 779 2719 delectant
797 2666 827 2719 et
847 2655 987 2719 sordidae
1010 2672 1072 2715 rno-

94 2758 221 2818 gnarum
243 2759 345 2803 rerum
366 2743 487 2818 species
507 2743 547 2803 od
565 2759 600 2804 se
615 2750 706 2804 vocat
720 2749 750 2802 el
764 2741 890 2803 extollit.
924 2741 1103 2815 Quemada

93 2828 218 2889 modurn
238 2826 363 2887 flamma
383 2828 479 2902 surgit
497 2829 527 2887 in
548 2835 676 2903 rectum,
699 2829 800 2888 iacere
817 2824 996 2901 cc'deprimi
1012 2842 1074 2885 non

95 2919 211 2987 potest,
235 2928 298 2972 non
320 2911 419 2987 magis
434 2928 524 2987 quam
543 2912 716 2986 quiescere
735 2912 776 2971 ita
791 2917 895 2973 noster
909 2910 1031 2970 animus
1044 2910 1073 2968 in

94 3004 177 3058 motu
191 3003 254 3069 est,
278 3012 316 3057 eo
331 2994 472 3057 mobilior
486 3004 516 3057 et
530 2996 693 3071 actuosior,
717 3013 778 3071 quo
790 2992 999 3056 vehementior
1009 2995 1073 3054 fue·

95 3082 140 3142 rit.
174 3080 240 3141 Sed
254 3080 343 3154 lelix,
364 3080 417 3155 qui
432 3081 471 3140 ad
485 3080 703 3141 meliorabune
715 3079 850 3155 inpetum
861 3079 960 3139 dedit:
981 3086 1076 3154 ponet

95 3180 128 3225 se
149 3173 238 3227 extra
258 3165 307 3226 ius
328 3163 535 3240 ditionemque
557 3167 705 3227 fortunae.
734 3165 872 3225 seeundo
885 3162 1074 3238 temperabit,

94 3250 227 3311 adversa
249 3247 435 3310 comminuet
457 3255 487 3309 et
508 3248 575 3310 aliis
590 3246 769 3309 admiranda
784 3245 942 3323 despiciet.
974 3246 1102 3320 Magnil

94 3334 185 3395 animi
202 3342 251 3396 est
266 3349 379 3411 magna
394 3341 589 3394 contemnere
600 3349 638 3394 ao
649 3333 815 3393 mediocria
826 3332 914 3392 malle
927 3346 1018 3406 quom
1029 3329 1073 3388 ni-

94 3418 163 3478 mia.
197 3416 250 3480 illa
270 3416 351 3479 enim
371 3418 454 3478 utilia
475 3417 640 3494 vitaliaque
666 3425 747 3482 sunt.
780 3425 813 3481 al
832 3416 913 3478 haec
938 3431 997 3488 eo,
1017 3429 1083 3488 ouo

95 3502 301 3576 superfluunt,
325 3509 453 3562 nocent:
473 3504 522 3565 sie
542 3512 684 3584 segetem
704 3506 805 3570 nimia
823 3504 940 3568 sternit
954 3501 1107 3565 ubertas,

123 3599 222 3640 senece
240 3602 310 3640 narr.
332 3584 377 3638 III.
934 3597 957 3654 e,
