2422 3862
214 244 384 306 EPISTUL.
399 245 492 306 Mota.
514 247 587 307 LlB.
600 247 648 307 111.
669 247 726 308 ΕΡ.
740 261 763 312 1.
774 258 801 311 2.
823 257 948 326 (maa.)
1030 254 1071 320 51

100 402 169 464 haec
192 409 256 463 esta
287 402 371 476 quod
390 401 497 461 inanes
519 402 651 462 omnium
670 400 821 463 bonorum
842 420 965 479 sumus,
992 408 1072 469 vitae

100 485 280 547 laboramus.
310 501 371 545 non
393 486 472 544 enim
493 486 575 560 apud
593 501 650 545 nos
666 502 738 562 pars
753 487 820 547 eius
836 491 898 549 ulia
917 488 1071 552 subsedita

99 571 276 631 transmissa
297 577 345 630 est
360 568 530 630 etellluxit.
566 569 660 630 Nemo
683 572 874 646 quambene
895 574 991 648 vivat,
1014 575 1072 634 sed

100 671 184 731 quam
200 654 256 715 diu
270 659 370 724 curat,
389 669 458 713 cum
473 652 614 715 omnibus
629 655 731 729 possit
741 657 933 731 contingere,
949 667 982 718 ut
992 657 1071 718 bene

100 738 212 812 vivant,
235 744 268 798 ut
282 737 349 812 diu,
371 736 454 798 nulli.
488 737 575 796 Vale.

394 873 611 932 EPISTULA
637 876 670 931 ll.
700 878 772 949 (2³.)

347 967 457 1020 Sarnaca
477 969 588 1020 Lucruo
609 980 660 1020 suo
680 982 818 1022 saturare.

152 1073 248 1134 Putas
270 1088 320 1132 nie
342 1072 395 1132 tibi
417 1070 616 1149 scripturum,
644 1090 734 1150 quam
756 1074 888 1136 humane
911 1077 1098 1137 nobiscuml

96 1159 191 1219 hiems
212 1157 325 1232 egerit,
349 1172 428 1230 quae
448 1163 478 1217 et
496 1159 627 1218 remissa
648 1158 703 1219 luit
717 1165 746 1219 et
759 1160 877 1234 brevis,
901 1177 992 1235 quam
1007 1177 1069 1221 ma-

95 1243 206 1319 lignum
229 1257 284 1301 ver
305 1241 358 1314 sit,
381 1258 471 1314 otiam
492 1250 724 1317 praeposterum
741 1244 851 1318 frigus,
874 1251 903 1304 et
917 1245 992 1304 alias
1006 1245 1069 1304 ine·

95 1329 172 1402 ptias
188 1325 284 1385 verba
299 1327 529 1400 quaerentium?
551 1342 608 1401 ego
624 1343 699 1387 vero
715 1327 844 1402 aliquid,
861 1329 943 1404 quod
955 1336 985 1388 et
998 1326 1071 1388 mihi

95 1419 122 1471 ct
136 1410 191 1471 tihi
209 1410 362 1484 prodesse
373 1409 493 1484 possit,'
507 1410 647 1471 scribam.
682 1411 760 1486 Quid
771 1419 869 1472 autem
882 1411 912 1472 id
924 1413 995 1484 erit,
1010 1410 1070 1472 nisi

94 1503 125 1556 ut
139 1504 167 1556 te
190 1493 376 1555 exhorter
397 1494 441 1554 ad
464 1494 599 1555 bonam
618 1503 805 1556 mentem?
837 1496 958 1556 Huius
985 1496 1070 1556 iun·

80 1581 310 1653 ‚dementum
333 1579 435 1653 quod
458 1579 511 1638 sit
533 1581 715 1654 quaerist
745 1595 790 1639 ne
811 1580 983 1654 gaudeas
1005 1595 1069 1638 va·

95 1664 163 1724 nis.
187 1662 429 1723 Fundamentum
440 1662 500 1723 hoc
511 1679 583 1724 esse
595 1663 673 1723 dixi=
691 1665 810 1723 culmen
823 1670 879 1723 est.
902 1663 941 1722 ad
953 1665 1099 1722 summat

94 1746 247 1824 pervenis
271 1747 323 1822 qui
344 1746 415 1818 scit,
439 1748 659 1822 congaudeat,
683 1747 735 1823 qui
750 1746 920 1807 felicitatem
937 1761 1025 1805 suam
1040 1746 1070 1805 in

95 1833 193 1892 aliena
210 1837 361 1908 potestate
376 1846 436 1891 non
453 1831 571 1907 posuit:
595 1830 743 1891 sollicitus
759 1837 806 1890 est
821 1836 850 1890 et
864 1831 998 1890 incertus
1013 1829 1070 1902 sui,

95 1933 186 1994 quem
202 1932 277 1992 spes
292 1916 394 1991 aitqua
409 1916 551 1990 proritat,
572 1914 643 1974 licet
658 1914 698 1974 ad
713 1929 835 1974 manum
850 1916 904 1985 sit,
927 1912 998 1974 licet
1010 1930 1071 1973 non

94 2017 132 2061 ex
146 1999 264 2062 difficili
279 2006 413 2075 petatur,
437 2001 508 2060 licet
523 2014 689 2075 numquam
704 1998 787 2058 illum
803 2004 926 2074 sperata
940 1999 1069 2073 decepe-

94 2088 161 2147 rint.
202 2085 270 2145 Hoc
295 2091 365 2144 ante
392 2085 493 2144 omnia
517 2086 580 2158 lac,
609 2081 650 2143 mi
675 2082 784 2142 Lucili:
817 2083 902 2142 disce
927 2082 1100 2157 gauderes

93 2169 258 2230 Existimas
280 2185 361 2229 nunc
376 2185 424 2229 me
438 2168 599 2228 detrahere
614 2167 665 2228 tibi
680 2169 788 2228 multas
806 2169 994 2242 voluptates,
1019 2167 1070 2241 qui

94 2255 217 2316 fortuita
239 2253 425 2328 submoveo,
457 2252 509 2329 qui
529 2268 618 2327 spes,
649 2251 827 2312 dulcissima
851 2252 1072 2313 oblectamenta

96 2338 260 2400 devitanda
281 2338 443 2398 existimet
471 2337 562 2399 immo
579 2343 685 2397 contra
700 2337 772 2397 nolo
788 2337 841 2397 tibi
858 2352 1003 2412 umquam
1019 2335 1071 2394 de·

95 2438 166 2484 esse
186 2422 339 2483 laetitiam.
368 2422 438 2484 volo
461 2421 542 2502 illam
564 2421 617 2481 tibi
639 2420 721 2481 domi
743 2419 844 2482 nasci:
873 2421 1016 2491 nascitur,
1045 2417 1072 2477 si

95 2509 204 2569 domus
220 2507 343 2567 intrate
359 2507 459 2582 ipsum
476 2507 524 2587 sit.
559 2505 683 2565 Ceterae
698 2505 865 2566 hilaritates
881 2521 941 2564 non
956 2502 1073 2577 inplent

94 2599 213 2668 pectus.
249 2592 379 2652 lrontem
399 2590 565 2662 remittunt,
589 2592 673 2650 leves
694 2600 779 2663 sunt,
802 2588 861 2648 nisi
884 2588 961 2647 sorte
980 2593 1014 2647 tu
1027 2585 1072 2646 iu·-

96 2677 180 2737 dicas
201 2690 272 2736 eum
287 2676 437 2751 gaudere,
459 2676 510 2750 qui
526 2674 620 2733 ridet:
644 2672 763 2735 animus
779 2688 850 2733 esse
866 2671 958 2731 debet
972 2671 1073 2730 alacer

95 2760 245 2822 allidens
266 2768 298 2821 et
319 2761 535 2834 superomnia
557 2766 687 2818 erectus.
736 2757 808 2817 Mihi
834 2756 940 2830 crede,
967 2763 1102 2816 verumt

95 2842 240 2919 gaudium
260 2859 310 2903 res
331 2859 440 2903 severa
462 2849 523 2902 est:
548 2859 586 2901 an
603 2849 635 2902 tu
649 2842 806 2902 existimas
824 2856 1006 2916 quemquam
1023 2855 1073 2899 so·

96 2930 156 2990 luto
173 2930 259 2990 voltu
274 2935 318 2999 et,
340 2933 375 2987 ut
388 2927 436 2987 isti
452 2925 572 2986 delicati
583 2928 758 3001 loquuntur,
776 2925 935 2985 hilariculo
946 2929 1074 2984 mortem

96 3017 313 3074 contemneret
346 3013 514 3087 paupertati
534 3010 656 3071 domum
671 3010 811 3084 aperiret
844 3009 1017 3083 voluptates
1031 3013 1075 3066 te·

96 3114 168 3160 nere
187 3097 248 3159 sub
264 3096 372 3157 irenot
398 3095 537 3155 meditari
552 3094 690 3154 dolorum
707 3094 903 3168 patientiam?
930 3092 1006 3152 haec
1023 3090 1075 3165 qui

96 3184 178 3259 apud
193 3198 230 3243 se
246 3187 363 3252 versat,
387 3181 417 3239 in
434 3195 543 3254 magno
558 3179 671 3252 gaudio
687 3187 748 3251 est,
765 3177 822 3238 sed
834 3193 940 3252 pamm
951 3175 1073 3236 blando.

96 3266 123 3327 in
145 3265 238 3328 huius
259 3263 363 3340 gaudii
383 3264 585 3338 possessione
601 3277 672 3322 esse
687 3269 717 3322 te
731 3263 819 3327 volo:
843 3275 1007 3335 numquam
1022 3259 1074 3318 de-

96 3352 192 3426 liciet,
212 3365 283 3411 cum
298 3350 394 3410 semel
407 3348 490 3408 unde
505 3355 622 3424 petatur
636 3346 799 3406 inveneris.
835 3345 962 3404 Levium
973 3343 1104 3402 motai-5

96 3438 195 3498 lorum
210 3435 328 3495 fructus
340 3434 370 3493 in
383 3449 501 3493 summo
515 3440 576 3493 est=
599 3433 650 3491 illa
661 3428 900 3508 opulentissima
906 3435 994 3502 sunt,
1005 3441 1084 3500 auo-

95 3537 159 3580 rum
172 3521 206 3578 in
219 3519 281 3577 alto
291 3519 363 3579 latet
376 3532 451 3577 rena
463 3518 596 3581 adsidue
608 3519 735 3598 plenius
746 3532 953 3599 responsura
958 3506 1109 3574 iodiem'x.

902 3603 945 3666 ῃ
