2422 3862
389 375 426 455 l.
449 371 590 455 runi
606 372 789 478 ,armon

440 525 492 576 ΑΙ)
522 523 738 576 LUCILIUM

138 643 629 743 EPISTULARUM
677 643 1034 747 hthnlltltl

467 815 603 878 LIBER
623 814 704 878 XIV.

521 976 644 986 ..a—...-

403 1067 620 1127 EPISTULA
639 1071 660 1129 l.
688 1071 762 1142 (89.)

349 1162 460 1214 Saurea
477 1164 589 1215 Locrum
609 1176 661 1215 suo
682 1177 822 1221 suturam

151 1282 240 1342 Rem
255 1279 980 1360 utilemdesiderasetadsapicntiam
993 1297 1109 1361 pro-1

95 1365 252 1442 paranti
278 1364 561 1443 necessariam,
590 1367 715 1429 dividi
735 1367 1032 1444 philosophiam
1051 1377 1082 1430 ct

94 1452 204 1525 ingens
220 1462 335 1525 corpus
349 1452 415 1510 eius
436 1449 465 1510 in
482 1452 618 1511 membra
633 1453 766 1526 disponi.
795 1452 915 1512 facilius
930 1450 1010 1511 enirn
1027 1467 1082 1527 per

95 1542 200 1610 partes
221 1533 473 1610 incognitionem
494 1536 586 1597 totius
600 1533 796 1595 adducimur:
818 1536 932 1596 utinam
947 1535 1081 1610 quidam,

96 1618 355 1694 quemadmodum
371 1619 515 1680 universa
530 1619 634 1679 mundi
656 1618 751 1679 facies
765 1618 797 1678 in
813 1626 1013 1693 conspectum
1028 1635 1080 1678 ve

95 1703 152 1777 nit,
174 1703 217 1762 ita
237 1702 437 1778 philosophia
455 1710 520 1763 tota
541 1702 629 1763 nobis
644 1710 753 1777 posset
768 1717 945 1776 occurrere,
966 1701 1080 1762 similli-

94 1802 178 1847 mum
194 1787 309 1847 mundo
325 1787 545 1862 spectaculum.
572 1788 710 1862 prolecto
723 1787 803 1846 enirn
817 1801 925 1846 omncs
937 1787 1081 1846 mortales

93 1869 126 1930 in
142 1870 373 1931 admirationem
388 1871 436 1930 sui
452 1877 574 1945 raperet
588 1871 701 1930 relictis
716 1871 762 1944 iis,
780 1886 860 1946 quae
875 1885 956 1929 nunc
971 1886 1082 1945 magna

95 1969 276 2028 magnorum
290 1954 464 2029 ignorantia
479 1955 646 2015 credimus:
669 1955 724 2014 sed
741 1956 814 2029 quia
829 1953 1005 2028 contingere
1021 1953 1081 2014 hoc

95 2055 156 2098 non
174 2045 285 2113 potest
301 2039 348 2098 sic
363 2040 431 2112 [erit
444 2039 474 2116 a]
490 2039 580 2100 nobis
596 2036 805 2114 adspicienda,
824 2038 1080 2115 quemadmodum

94 2123 199 2182 mundi
214 2129 336 2182 secreta
350 2130 524 2184 cernuntur.
557 2122 710 2198 Sapientis
722 2123 845 2199 quidem
856 2123 975 2182 animus
987 2129 1109 2184 totam²

94 2207 207 2266 molem
234 2207 300 2267 eius
320 2207 513 2282 amplectitur
531 2223 588 2268 nec
614 2207 713 2268 minus
740 2207 822 2267 illam
847 2207 992 2268 velociter
1018 2207 1082 2267 obit

96 2305 188 2365 quam
205 2292 324 2351 coelum
339 2290 422 2351 acies
438 2299 557 2352 nostra:
579 2289 671 2353 nobis
687 2298 797 2366 autem,
816 2291 927 2379 quibus
942 2306 1080 2366 perrum-

95 2375 201 2449 penda
215 2375 313 2449 caligo
330 2379 378 2435 est
392 2381 422 2435 et
438 2392 569 2451 quorum
582 2376 670 2437 visus
687 2377 717 2435 in
733 2377 873 2451 proximo
890 2374 1000 2446 deficit,
1017 2374 1080 2435 sin·

95 2459 168 2532 gula
184 2473 327 2535 quaeque
348 2460 469 2520 ostendi
490 2459 609 2520 facilius
626 2467 770 2534 possunt,
792 2458 928 2520 universi
945 2458 1081 2517 nondum

95 2541 273 2616 capacibus.
303 2544 412 2604 faciam
428 2560 517 2618 ergo,
535 2544 619 2619 quod
635 2543 748 2618 exigis,
765 2549 795 2601 et
806 2541 1036 2616 philosophiam
1050 2541 1080 2600 in

94 2634 217 2701 partes,
243 2627 357 2688 nonin
385 2629 480 2688 frusta
501 2625 644 2686 dividam.
681 2625 776 2685 dividi
797 2626 877 2685 eninr
896 2625 992 2698 illam,
1018 2641 1080 2685 non

95 2708 218 2770 concidi
232 2711 305 2772 utile
318 2719 375 2772 est.
401 2728 471 2772 nam
483 2710 736 2786 conprehendere
748 2708 1007 2785 quemadmodum
1018 2724 1080 2769 ma-

93 2795 178 2854 xima
192 2794 234 2855 ita
249 2795 373 2855 minima
388 2796 512 2857 difficile
527 2805 583 2857 cst.
612 2793 802 2856 Describitur
823 2795 852 2853 in
868 2792 964 2854 tribus
981 2803 1109 2869 popu-s

94 2879 159 2951 lus,
176 2878 206 2937 in
223 2879 377 2940 centurias
394 2879 558 2941 exercitus.
590 2880 736 2956 quicquid
752 2879 782 2938 in
796 2879 893 2939 maius
910 2879 1020 2951 crevit,
1036 2879 1080 2938 la-

90 2962 185 3024 cilius
199 2964 392 3038 agnoscitur,
410 2964 436 3024 si
451 2964 597 3026 discessit
610 2964 639 3023 in
656 2971 775 3040 partes,
792 2979 885 3039 quas,
900 2960 1020 3036 uldini,
1036 2963 1080 3022 in-

94 3047 300 3108 numerabiles
317 3063 389 3108 esse
404 3054 434 3108 et
449 3050 592 3122 parvulas
606 3065 668 3109 non
684 3054 814 3124 oportet.
846 3047 926 3106 idem
941 3047 1021 3106 enim
1037 3044 1080 3106 vi-

95 3131 126 3190 tii
146 3129 239 3190 habet
259 3132 352 3192 nimia
372 3133 456 3207 quod
484 3133 567 3193 nulla
588 3132 707 3193 divisio.
743 3131 842 3190 simile
867 3130 997 3191 conluso
1024 3137 1080 3204 est,

94 3213 243 3290 quicquid
265 3233 365 3291 usque
386 3216 415 3276 iu
431 3216 587 3291 pulverem
602 3221 720 3277 sectum
735 3223 792 3277 est.
821 3213 951 3275 Primum
967 3214 1108 3289 itaquel

93 3298 174 3358 sicut
190 3300 324 3375 videtur,
345 3299 397 3360 tibi
419 3299 543 3360 dicam
564 3298 669 3360 inter
689 3297 923 3374 sapientiam
940 3304 976 3357 et
994 3297 1079 3372 phi-

91 3382 318 3458 losophiam
346 3384 438 3458 quid
464 3384 633 3445 intersit.
683 3381 887 3458 Sapientia
910 3381 1079 3456 perlectum

93 3465 210 3528 bonurn
226 3476 273 3529 est
287 3467 397 3530 mentis
414 3466 576 3528 humanae
602 3464 801 3543 philosophia
812 3464 982 3540 sapientiae
992 3477 1079 3523 amoc
