2392 3870
167 205 230 272 294
467 206 500 264 L.
523 206 669 266 ANNAEI
695 204 870 266 SENECAE

125 363 247 424 50bitus
260 362 356 422 ex'his
366 368 428 420 est:
444 367 475 420 et
489 357 560 419 lacit
575 358 626 418 illa
638 367 715 420 etex
729 360 788 421 illis
797 361 865 436 ipsc
876 359 919 420 fit.
933 360 1052 421 Deinde
1061 361 1152 438 istud,

167 448 253 523 quod
267 445 353 520 dicis,
370 446 428 504 iam
445 442 571 518 perlecti
587 442 644 502 riri
658 451 706 504 est
720 460 756 504 ac
773 460 921 506 summam
933 447 1095 507 consecuti
1111 449 1153 507 le·

166 531 287 591 licitatis
317 530 482 602 humanae,
512 527 649 586 adhaec
675 535 774 588 autem
800 529 886 588 tarde
900 529 1093 604 pervenitur:
1108 533 1152 590 in·

166 614 252 674 terim
267 614 357 674 ctiam
372 612 557 689 inperfecto,
584 610 639 671 sed
656 611 827 686 proficienti
848 612 1090 673 demonstranda
1106 623 1153 676 est

165 699 195 757 in
211 699 304 758 rebus
326 697 454 772 agendis
469 697 528 755 via.
571 694 651 754 hanc
671 695 797 756 forsitan
813 697 902 755 etiam
924 697 991 756 sine
1013 698 1152 759 admoni-

166 783 249 844 tione
264 781 348 841 dabit
362 781 420 840 sibi
436 779 506 854 ipsa
521 778 686 854 sapientia,
705 796 785 854 quac
800 780 859 839 iam
874 796 911 839 eo
928 780 1072 855 perduxit
1088 785 1152 844 ani-

166 882 262 939 mum,
284 871 318 924 ut
338 863 455 923 moveri
476 872 609 938 nequeat
629 864 687 922 nisi
708 864 738 922 in
759 870 890 923 rectum:
911 863 1151 927 inbecillioribus

168 949 289 1023 quidem
312 945 441 1022 ingeniis
463 947 671 1006 necessarium
693 955 741 1008 est
757 948 887 1022 aliquem
904 947 1040 1023 praeire:
1071 950 1152 1026 „hoc

123 1031 289 1106 mutabis,
305 1031 364 1091 hoc
379 1033 505 1092 facies.“
533 1030 694 1091 Praeterea
709 1031 737 1091 si
752 1040 912 1105 exspectat
926 1039 1066 1108 tempus,
1090 1051 1149 1109 quo

164 1132 220 1191 per
235 1131 270 1175 se
284 1117 369 1188 sciat,
387 1116 459 1191 quid
474 1115 620 1191 optimum
636 1117 718 1175 lactu
734 1117 781 1190 sit,
796 1116 913 1175 interim
929 1115 1043 1177 errabit
1058 1126 1088 1178 et
1103 1136 1149 1178 er-

163 1200 260 1259 rando
278 1198 459 1275 inpedietur,
477 1216 537 1274 quo
553 1200 652 1259 minus
667 1200 708 1258 ad
723 1199 795 1259 illud
813 1201 979 1274 perveniat,
997 1216 1059 1276 quo
1076 1219 1150 1277 pos-

164 1284 204 1344 sit
224 1299 259 1344 se
276 1300 347 1345 esse
363 1291 539 1344 contentusr
555 1284 619 1358 regi
635 1299 709 1357 ergo
724 1284 823 1354 debet,
840 1284 911 1343 dum
927 1284 1033 1359 incipit
1053 1302 1150 1360 posse

163 1384 199 1428 se
213 1383 330 1443 regere.
357 1367 443 1427 Pueri
466 1367 504 1426 ad
521 1368 742 1441 praescriptum
753 1368 890 1451 discunt.
922 1368 1008 1443 digiti
1028 1369 1148 1430 illorum

163 1459 304 1513 tenentur
325 1460 355 1513 et
375 1451 474 1512 aliena
494 1468 585 1511 manu
606 1468 661 1526 per
682 1451 836 1513 literarum
851 1453 1016 1513 simulacra
1031 1453 1150 1515 ducun-

162 1543 219 1596 tur.
243 1536 356 1601 deinde
371 1536 479 1597 imitari
491 1536 632 1598 iubentur
644 1535 805 1611 proposita
820 1544 850 1596 et
864 1538 904 1597 ad
915 1538 967 1596 illa
977 1537 1148 1600 reformare

163 1621 415 1696 chirographum:
439 1620 483 1681 sic
500 1619 619 1683 animus
636 1629 748 1694 noster,
765 1621 837 1681 dum
853 1621 990 1681 eruditur
1008 1622 1047 1680 ad
1061 1638 1149 1697 prae·

122 1705 463 1781 snseriplurniuvatur.
498 1707 600 1767 Haec
624 1713 726 1778 sunt,
750 1721 817 1779 per
838 1720 936 1779 quac
958 1705 1150 1781 probatur

162 1789 260 1848 hanc
282 1788 563 1865 philosophiae
590 1796 734 1866 partem
756 1805 1047 1864 supervacuam
1072 1807 1147 1851 non

162 1889 262 1933 esse.
293 1874 500 1949 quaeritur
521 1874 679 1945 deinde,
708 1889 752 1931 an
780 1874 826 1932 ad
848 1873 1070 1934 laciendum
1092 1890 1148 1934 sa·

161 1958 330 2032 pientem
353 1959 438 2019 sola
459 1959 648 2018 sullicial.
680 1957 767 2017 huic
788 1957 1017 2033 quaestioni
1040 1975 1147 2019 suum

162 2041 260 2100 diem
295 2041 488 2102 dabimus:
524 2042 675 2102 interim
710 2041 872 2101 omissis
907 2041 1147 2117 argumentis

162 2140 288 2185 nonne
308 2126 473 2201 adparet
494 2142 573 2201 opus
595 2141 666 2186 csse
681 2125 770 2186 nobis
786 2126 889 2201 aliquo
906 2128 1073 2200 advocato,
1096 2128 1146 2202 qui

22 2296 24 2300 Ι
119 2214 267 2268 tbeontra
281 2210 388 2283 populi
404 2219 569 2286 praecepta
585 2209 773 2286 praecipiam
818 2211 906 2271 Nulla
922 2211 961 2270 ad
979 2226 1071 2272 aures
1093 2228 1146 2272 no-

162 2298 243 2353 stras
264 2309 326 2353 vox
341 2291 457 2367 inpune
474 2295 638 2369 perferturr
660 2302 787 2367 nocent,
811 2293 1000 2370 quomam,
1026 2303 1147 2367 nocent,

162 2376 213 2451 qui
234 2384 448 2437 exsecrentur:
470 2394 538 2439 nam
561 2387 591 2438 et
614 2378 722 2438 horum
743 2378 912 2453 inprecatio
937 2380 1033 2441 falsos
1056 2380 1146 2440 nobis

160 2468 259 2523 metus
275 2461 381 2522 inserit
395 2470 424 2522 et
441 2459 560 2524 illorum
582 2478 667 2523 amor
687 2464 766 2522 male
787 2463 878 2524 docet
899 2465 979 2524 bene
997 2464 1146 2538 optando.

161 2545 247 2607 mittit
268 2547 348 2607 enim
369 2562 427 2607 nos
443 2548 483 2608 ad
505 2549 671 2623 longinqua
684 2546 766 2609 bona
786 2555 815 2606 et
830 2549 945 2608 incerta
960 2555 989 2608 et
1004 2549 1145 2620 errantia

117 2645 228 2699 recum
243 2633 401 2707 possimus
424 2633 596 2694 felicitatem
617 2633 709 2694 domo
726 2647 875 2707 promere.
917 2633 984 2692 Non
1000 2633 1080 2704 licet,
1101 2633 1145 2690 in-

161 2731 261 2791 quam,
277 2718 322 2776 ire
335 2724 420 2777 recta
436 2719 499 2776 via:
515 2718 637 2779 trahunt
652 2718 682 2776 in
700 2733 826 2792 pravum
848 2723 1006 2791 parentes,
1023 2716 1146 2778 trahunt

160 2800 252 2857 servi.
282 2815 371 2860 nemo
387 2806 468 2859 errat
481 2803 533 2860 uni
548 2800 615 2873 sibi,
632 2801 688 2859 sed
705 2802 885 2861 dementiam
898 2799 1016 2876 spargit
1029 2800 1059 2860 in
1074 2817 1145 2876 pro-

159 2883 260 2943 ximos
277 2883 449 2957 accipitque
464 2884 603 2943 invicem.
633 2891 663 2944 ct
680 2884 750 2945 ideo
767 2883 798 2943 in
814 2886 942 2960 singulis
959 2884 1030 2944 vilia
1046 2901 1145 2960 popu-

160 2965 257 3025 lorum
274 2973 359 3039 sunt,
382 2967 454 3040 quia
475 2968 525 3027 illa
548 2966 680 3042 populus
702 2965 796 3029 dedit.
833 2971 906 3030 dum
926 2968 999 3030 lacit
1013 2969 1146 3045 quisque

161 3049 312 3125 peiorem,
334 3051 433 3110 laetus
449 3057 509 3110 est=
532 3050 638 3112 didicit
652 3052 820 3128 deteriora,
842 3053 913 3115 dein
933 3048 1054 3126 docuit,
1070 3053 1144 3113 effe-

159 3140 271 3208 ctaque
291 3141 339 3194 est
358 3134 467 3210 ingens
489 3135 540 3195 illa
560 3135 696 3211 nequitia
718 3147 865 3214 congesto
880 3139 911 3198 in
927 3155 1036 3212 unum,
1059 3138 1145 3213 quod

116 3218 269 3292 saeuique
285 3218 451 3293 pessimum
468 3220 571 3281 scitur.
600 3218 732 3297 sicergo
748 3224 860 3300 aliquis
876 3231 981 3284 eustos
997 3231 1027 3283 et
1039 3237 1144 3283 aurem

160 3301 291 3362 subinde
308 3305 456 3377 pervellat
470 3303 634 3380 abigatque
648 3323 789 3368 rumores
810 3316 839 3368 et
859 3309 1004 3368 reclamet
1018 3306 1144 3383 populis

157 3386 364 3447 laudantibus.
380 3404 466 3451 erras
479 3390 567 3463 enim,
581 3391 607 3450 si
620 3391 778 3453 existimas
787 3393 947 3453 nobiscum
960 3393 1031 3451 vitia
1041 3389 1144 3452 nasci:

157 3479 417 3548 supervenerunt,
433 3472 553 3550 ingesta
567 3483 646 3538 sunt.
675 3476 778 3553 itaque
793 3476 1010 3538 monitionibus
1026 3475 1143 3537 crebris
