<?xml version="1.0" encoding="UTF-8"?>
<!DOCTYPE html PUBLIC "-//W3C//DTD XHTML 1.0 Transitional//EN"
    "http://www.w3.org/TR/xhtml1/DTD/xhtml1-transitional.dtd">
<html xmlns="http://www.w3.org/1999/xhtml" xml:lang="en" lang="en">
 <head>
  <title>
</title>
<meta http-equiv="Content-Type" content="text/html;charset=utf-8" />
  <meta name='ocr-system' content='tesseract 3.04.00' />
  <meta name='ocr-capabilities' content='ocr_page ocr_carea ocr_par ocr_line ocrx_word'/>
</head>
<body>
  <div class='ocr_page' id='page_1' title='image "./lannaeisenecaeo06senegoog_0405.png"; bbox 0 0 2422 3862; ppageno 0'>
   <div class='ocr_carea' id='block_1_1' title="bbox 131 240 821 312">
    <p class='ocr_par' dir='ltr' id='par_1_1' title="bbox 131 240 821 312">
     <span class='ocr_line' id='line_1_1' title="bbox 131 240 821 312; baseline -0.014 0"><span class='ocrx_word' id='word_1_1' title='bbox 131 245 195 312; x_wconf 73' lang='lat'><strong>370</strong></span> <span class='ocrx_word' id='word_1_2' title='bbox 421 245 455 305; x_wconf 87' lang='lat' dir='ltr'><strong>L.</strong></span> <span class='ocrx_word' id='word_1_3' title='bbox 477 242 624 306; x_wconf 83' lang='lat' dir='ltr'><strong>ANNAEl</strong></span> <span class='ocrx_word' id='word_1_4' title='bbox 646 240 821 304; x_wconf 77' lang='lat' dir='ltr'><strong>SENECAE</strong></span> 
     </span>
    </p>
   </div>
   <div class='ocr_carea' id='block_1_2' title="bbox 89 394 1155 3576">
    <p class='ocr_par' dir='ltr' id='par_1_2' title="bbox 89 394 1155 3576">
     <span class='ocr_line' id='line_1_2' title="bbox 89 394 1113 472; baseline -0.002 -12"><span class='ocrx_word' id='word_1_5' title='bbox 89 400 200 466; x_wconf 80' lang='lat' dir='ltr'><strong>eonale</strong></span> <span class='ocrx_word' id='word_1_6' title='bbox 220 404 276 459; x_wconf 90' lang='lat' dir='ltr'><strong>est.</strong></span> <span class='ocrx_word' id='word_1_7' title='bbox 308 395 457 460; x_wconf 81' lang='lat' dir='ltr'><strong>rationale</strong></span> <span class='ocrx_word' id='word_1_8' title='bbox 477 404 577 459; x_wconf 89' lang='lat' dir='ltr'><strong>autem</strong></span> <span class='ocrx_word' id='word_1_9' title='bbox 600 403 738 459; x_wconf 78' lang='lat' dir='ltr'><strong>nonest:</strong></span> <span class='ocrx_word' id='word_1_10' title='bbox 763 411 837 472; x_wconf 84' lang='lat' dir='ltr'><strong>ergo</strong></span> <span class='ocrx_word' id='word_1_11' title='bbox 852 410 909 456; x_wconf 91' lang='lat' dir='ltr'><strong>nec</strong></span> <span class='ocrx_word' id='word_1_12' title='bbox 923 396 1045 457; x_wconf 87' lang='lat' dir='ltr'><strong>animal.</strong></span> <span class='ocrx_word' id='word_1_13' title='bbox 1081 394 1113 458; x_wconf 87' lang='lat' dir='ltr'><strong>Si</strong></span> 
     </span>
     <span class='ocr_line' id='line_1_3' title="bbox 132 481 1155 560; baseline 0 -17"><span class='ocrx_word' id='word_1_14' title='bbox 132 484 228 543; x_wconf 89' lang='lat' dir='ltr'><strong>virtus</strong></span> <span class='ocrx_word' id='word_1_15' title='bbox 247 481 360 542; x_wconf 85' lang='lat' dir='ltr'><strong>animal</strong></span> <span class='ocrx_word' id='word_1_16' title='bbox 380 489 441 555; x_wconf 91' lang='lat' dir='ltr'><strong>est,</strong></span> <span class='ocrx_word' id='word_1_17' title='bbox 463 482 558 542; x_wconf 91' lang='lat' dir='ltr'><strong>virtus</strong></span> <span class='ocrx_word' id='word_1_18' title='bbox 579 488 680 543; x_wconf 88' lang='lat' dir='ltr'><strong>autem</strong></span> <span class='ocrx_word' id='word_1_19' title='bbox 701 481 818 560; x_wconf 83' lang='lat' dir='ltr'><strong>[bonnm</strong></span> <span class='ocrx_word' id='word_1_20' title='bbox 838 487 894 552; x_wconf 85' lang='lat' dir='ltr'><strong>est,</strong></span> <span class='ocrx_word' id='word_1_21' title='bbox 913 497 998 542; x_wconf 85' lang='lat' dir='ltr'><strong>omne</strong></span> <span class='ocrx_word' id='word_1_22' title='bbox 1017 487 1113 544; x_wconf 67' lang='lat' dir='ltr'><strong>onem</strong></span> <span class='ocrx_word' id='word_1_23' title='bbox 1151 528 1155 533; x_wconf 75' lang='lat'><em>.</em></span> 
     </span>
     <span class='ocr_line' id='line_1_4' title="bbox 132 564 1112 639; baseline -0.002 -11"><span class='ocrx_word' id='word_1_24' title='bbox 132 567 228 638; x_wconf 79' lang='lat' dir='ltr'><strong>aliod]</strong></span> <span class='ocrx_word' id='word_1_25' title='bbox 245 564 358 628; x_wconf 90' lang='lat' dir='ltr'><strong>bonum</strong></span> <span class='ocrx_word' id='word_1_26' title='bbox 373 582 435 627; x_wconf 95' lang='lat' dir='ltr'><strong>non</strong></span> <span class='ocrx_word' id='word_1_27' title='bbox 452 573 513 639; x_wconf 92' lang='lat' dir='ltr'><strong>est,</strong></span> <span class='ocrx_word' id='word_1_28' title='bbox 537 566 753 626; x_wconf 90' lang='lat' dir='ltr'><strong>omnebonum</strong></span> <span class='ocrx_word' id='word_1_29' title='bbox 769 565 880 624; x_wconf 88' lang='lat' dir='ltr'><strong>animal</strong></span> <span class='ocrx_word' id='word_1_30' title='bbox 895 571 951 625; x_wconf 89' lang='lat' dir='ltr'><strong>est.</strong></span> <span class='ocrx_word' id='word_1_31' title='bbox 984 564 1044 625; x_wconf 87' lang='lat' dir='ltr'><strong>boc</strong></span> <span class='ocrx_word' id='word_1_32' title='bbox 1060 581 1112 626; x_wconf 90' lang='lat' dir='ltr'><strong>no·</strong></span> 
     </span>
     <span class='ocr_line' id='line_1_5' title="bbox 134 648 1113 724; baseline -0.004 -11"><span class='ocrx_word' id='word_1_33' title='bbox 134 651 188 713; x_wconf 87' lang='lat' dir='ltr'><strong>stri</strong></span> <span class='ocrx_word' id='word_1_34' title='bbox 199 651 338 710; x_wconf 82' lang='lat' dir='ltr'><strong>latentur.</strong></span> <span class='ocrx_word' id='word_1_35' title='bbox 353 649 472 711; x_wconf 89' lang='lat' dir='ltr'><strong>Patrem</strong></span> <span class='ocrx_word' id='word_1_36' title='bbox 484 664 608 710; x_wconf 87' lang='lat' dir='ltr'><strong>servare</strong></span> <span class='ocrx_word' id='word_1_37' title='bbox 618 649 732 710; x_wconf 90' lang='lat' dir='ltr'><strong>bonum</strong></span> <span class='ocrx_word' id='word_1_38' title='bbox 743 655 800 722; x_wconf 92' lang='lat' dir='ltr'><strong>est,</strong></span> <span class='ocrx_word' id='word_1_39' title='bbox 811 655 842 708; x_wconf 88' lang='lat' dir='ltr'><strong>ct</strong></span> <span class='ocrx_word' id='word_1_40' title='bbox 853 648 1034 709; x_wconf 78' lang='lat' dir='ltr'><strong>sententiam</strong></span> <span class='ocrx_word' id='word_1_41' title='bbox 1042 665 1113 724; x_wconf 87' lang='lat' dir='ltr'><strong>pru-</strong></span> 
     </span>
     <span class='ocr_line' id='line_1_6' title="bbox 134 731 1112 806; baseline -0.002 -11"><span class='ocrx_word' id='word_1_42' title='bbox 134 735 240 795; x_wconf 89' lang='lat' dir='ltr'><strong>denter</strong></span> <span class='ocrx_word' id='word_1_43' title='bbox 257 733 410 795; x_wconf 70' lang='lat' dir='ltr'><strong>insensatu</strong></span> <span class='ocrx_word' id='word_1_44' title='bbox 424 733 527 794; x_wconf 90' lang='lat' dir='ltr'><strong>dicere</strong></span> <span class='ocrx_word' id='word_1_45' title='bbox 540 734 654 795; x_wconf 89' lang='lat' dir='ltr'><strong>bonum</strong></span> <span class='ocrx_word' id='word_1_46' title='bbox 669 740 729 806; x_wconf 92' lang='lat' dir='ltr'><strong>est,</strong></span> <span class='ocrx_word' id='word_1_47' title='bbox 745 739 776 792; x_wconf 92' lang='lat' dir='ltr'><strong>et</strong></span> <span class='ocrx_word' id='word_1_48' title='bbox 789 732 869 793; x_wconf 91' lang='lat' dir='ltr'><strong>iuste</strong></span> <span class='ocrx_word' id='word_1_49' title='bbox 880 731 1112 793; x_wconf 88' lang='lat' dir='ltr'><strong>decernerebo-</strong></span> 
     </span>
     <span class='ocr_line' id='line_1_7' title="bbox 133 816 1113 893; baseline -0.003 -15"><span class='ocrx_word' id='word_1_50' title='bbox 133 834 206 879; x_wconf 92' lang='lat' dir='ltr'><strong>num</strong></span> <span class='ocrx_word' id='word_1_51' title='bbox 222 825 284 878; x_wconf 78' lang='lat' dir='ltr'><strong>est:</strong></span> <span class='ocrx_word' id='word_1_52' title='bbox 308 831 382 892; x_wconf 77' lang='lat' dir='ltr'><strong>ergo</strong></span> <span class='ocrx_word' id='word_1_53' title='bbox 398 825 428 879; x_wconf 94' lang='lat' dir='ltr'><strong>et</strong></span> <span class='ocrx_word' id='word_1_54' title='bbox 443 825 560 893; x_wconf 79' lang='lat' dir='ltr'><strong>patrem</strong></span> <span class='ocrx_word' id='word_1_55' title='bbox 575 832 701 878; x_wconf 90' lang='lat' dir='ltr'><strong>servare</strong></span> <span class='ocrx_word' id='word_1_56' title='bbox 715 817 826 876; x_wconf 88' lang='lat' dir='ltr'><strong>animal</strong></span> <span class='ocrx_word' id='word_1_57' title='bbox 841 823 888 876; x_wconf 93' lang='lat' dir='ltr'><strong>est</strong></span> <span class='ocrx_word' id='word_1_58' title='bbox 902 821 932 876; x_wconf 94' lang='lat' dir='ltr'><strong>et</strong></span> <span class='ocrx_word' id='word_1_59' title='bbox 948 816 1113 892; x_wconf 80' lang='lat' dir='ltr'><strong>prudenter</strong></span> 
     </span>
     <span class='ocr_line' id='line_1_8' title="bbox 134 900 1114 975; baseline -0.004 -11"><span class='ocrx_word' id='word_1_60' title='bbox 134 900 315 964; x_wconf 84' lang='lat' dir='ltr'><strong>sententiam</strong></span> <span class='ocrx_word' id='word_1_61' title='bbox 327 901 430 963; x_wconf 79' lang='lat' dir='ltr'>dicere</span> <span class='ocrx_word' id='word_1_62' title='bbox 442 901 554 961; x_wconf 89' lang='lat' dir='ltr'><strong>animal</strong></span> <span class='ocrx_word' id='word_1_63' title='bbox 569 908 630 962; x_wconf 81' lang='lat' dir='ltr'><strong>est=</strong></span> <span class='ocrx_word' id='word_1_64' title='bbox 646 916 684 962; x_wconf 90' lang='lat' dir='ltr'><strong>eo</strong></span> <span class='ocrx_word' id='word_1_65' title='bbox 696 915 795 975; x_wconf 91' lang='lat' dir='ltr'><strong>usque</strong></span> <span class='ocrx_word' id='word_1_66' title='bbox 805 915 856 960; x_wconf 88' lang='lat' dir='ltr'><strong>res</strong></span> <span class='ocrx_word' id='word_1_67' title='bbox 868 903 955 975; x_wconf 80' lang='lat' dir='ltr'><strong>exiet,</strong></span> <span class='ocrx_word' id='word_1_68' title='bbox 972 907 1005 960; x_wconf 90' lang='lat' dir='ltr'><strong>ut</strong></span> <span class='ocrx_word' id='word_1_69' title='bbox 1019 902 1114 962; x_wconf 91' lang='lat' dir='ltr'><strong>risum</strong></span> 
     </span>
     <span class='ocr_line' id='line_1_9' title="bbox 134 982 1116 1061; baseline -0.004 -13"><span class='ocrx_word' id='word_1_70' title='bbox 134 995 238 1048; x_wconf 87' lang='lat' dir='ltr'><strong>tenere</strong></span> <span class='ocrx_word' id='word_1_71' title='bbox 253 1001 315 1047; x_wconf 89' lang='lat' dir='ltr'><strong>non</strong></span> <span class='ocrx_word' id='word_1_72' title='bbox 334 987 454 1060; x_wconf 83' lang='lat' dir='ltr'><strong>possis=</strong></span> <span class='ocrx_word' id='word_1_73' title='bbox 469 987 635 1061; x_wconf 84' lang='lat' dir='ltr'><strong>prudenter</strong></span> <span class='ocrx_word' id='word_1_74' title='bbox 651 993 753 1045; x_wconf 83' lang='lat' dir='ltr'><strong>tacere</strong></span> <span class='ocrx_word' id='word_1_75' title='bbox 766 982 881 1045; x_wconf 92' lang='lat' dir='ltr'><strong>bonum</strong></span> <span class='ocrx_word' id='word_1_76' title='bbox 896 991 953 1044; x_wconf 88' lang='grc' dir='ltr'><strong>εει.</strong></span> <span class='ocrx_word' id='word_1_77' title='bbox 982 1000 1116 1046; x_wconf 87' lang='lat' dir='ltr'><strong>coenare</strong></span> 
     </span>
     <span class='ocr_line' id='line_1_10' title="bbox 90 1067 1115 1143; baseline 0.002 -17"><span class='ocrx_word' id='word_1_78' title='bbox 90 1071 212 1130; x_wconf 72' lang='lat' dir='ltr'><strong>ilbene</strong></span> <span class='ocrx_word' id='word_1_79' title='bbox 224 1069 338 1130; x_wconf 91' lang='lat' dir='ltr'><strong>bonum</strong></span> <span class='ocrx_word' id='word_1_80' title='bbox 353 1077 414 1129; x_wconf 79' lang='lat' dir='ltr'><strong>est:</strong></span> <span class='ocrx_word' id='word_1_81' title='bbox 432 1070 472 1129; x_wconf 89' lang='lat' dir='ltr'><strong>lta</strong></span> <span class='ocrx_word' id='word_1_82' title='bbox 488 1077 518 1130; x_wconf 95' lang='lat' dir='ltr'><strong>et</strong></span> <span class='ocrx_word' id='word_1_83' title='bbox 532 1076 634 1129; x_wconf 87' lang='lat' dir='ltr'><strong>tacere</strong></span> <span class='ocrx_word' id='word_1_84' title='bbox 648 1076 679 1129; x_wconf 91' lang='lat' dir='ltr'><strong>et</strong></span> <span class='ocrx_word' id='word_1_85' title='bbox 694 1082 826 1129; x_wconf 89' lang='lat' dir='ltr'><strong>coenare</strong></span> <span class='ocrx_word' id='word_1_86' title='bbox 840 1067 952 1128; x_wconf 89' lang='lat' dir='ltr'><strong>animal</strong></span> <span class='ocrx_word' id='word_1_87' title='bbox 968 1076 1026 1129; x_wconf 90' lang='lat' dir='ltr'><strong>est.</strong></span> <span class='ocrx_word' id='word_1_88' title='bbox 1049 1069 1115 1143; x_wconf 80' lang='lat' dir='ltr'><strong>Ego</strong></span> 
     </span>
     <span class='ocr_line' id='line_1_11' title="bbox 133 1151 1116 1213; baseline 0.001 -1"><span class='ocrx_word' id='word_1_89' title='bbox 133 1153 324 1213; x_wconf 80' lang='lat' dir='ltr'><strong>mehercules</strong></span> <span class='ocrx_word' id='word_1_90' title='bbox 346 1153 466 1213; x_wconf 79' lang='lat' dir='ltr'><strong>titillare</strong></span> <span class='ocrx_word' id='word_1_91' title='bbox 487 1167 548 1212; x_wconf 89' lang='lat' dir='ltr'><strong>nnn</strong></span> <span class='ocrx_word' id='word_1_92' title='bbox 572 1152 710 1213; x_wconf 81' lang='lat' dir='ltr'><strong>desinam</strong></span> <span class='ocrx_word' id='word_1_93' title='bbox 731 1158 761 1211; x_wconf 90' lang='lat' dir='ltr'><strong>et</strong></span> <span class='ocrx_word' id='word_1_94' title='bbox 781 1152 871 1212; x_wconf 90' lang='lat' dir='ltr'><strong>ludos</strong></span> <span class='ocrx_word' id='word_1_95' title='bbox 893 1151 965 1210; x_wconf 88' lang='lat' dir='ltr'><strong>mibi</strong></span> <span class='ocrx_word' id='word_1_96' title='bbox 987 1167 1025 1211; x_wconf 86' lang='lat' dir='ltr'><strong>ex</strong></span> <span class='ocrx_word' id='word_1_97' title='bbox 1048 1153 1116 1213; x_wconf 91' lang='lat' dir='ltr'><strong>istis</strong></span> 
     </span>
     <span class='ocr_line' id='line_1_12' title="bbox 134 1235 1116 1310; baseline 0 -14"><span class='ocrx_word' id='word_1_98' title='bbox 134 1235 296 1296; x_wconf 86' lang='lat' dir='ltr'><strong>subtilibus</strong></span> <span class='ocrx_word' id='word_1_99' title='bbox 312 1235 434 1310; x_wconf 85' lang='lat' dir='ltr'><strong>ineptiis</strong></span> <span class='ocrx_word' id='word_1_100' title='bbox 450 1236 561 1296; x_wconf 86' lang='lat' dir='ltr'><strong>lacere.</strong></span> <span class='ocrx_word' id='word_1_101' title='bbox 584 1237 701 1298; x_wconf 89' lang='lat' dir='ltr'><strong>Iustitia</strong></span> <span class='ocrx_word' id='word_1_102' title='bbox 715 1243 745 1296; x_wconf 90' lang='lat' dir='ltr'><strong>et</strong></span> <span class='ocrx_word' id='word_1_103' title='bbox 760 1235 915 1309; x_wconf 83' lang='lat' dir='ltr'><strong>tortitudo,</strong></span> <span class='ocrx_word' id='word_1_104' title='bbox 931 1236 958 1295; x_wconf 82' lang='lat' dir='ltr'><strong>si</strong></span> <span class='ocrx_word' id='word_1_105' title='bbox 972 1237 1116 1296; x_wconf 81' lang='lat' dir='ltr'><strong>animalia</strong></span> 
     </span>
     <span class='ocr_line' id='line_1_13' title="bbox 134 1319 1115 1394; baseline 0 -14"><span class='ocrx_word' id='word_1_106' title='bbox 134 1327 220 1392; x_wconf 91' lang='lat' dir='ltr'><strong>sunt,</strong></span> <span class='ocrx_word' id='word_1_107' title='bbox 237 1325 319 1378; x_wconf 89' lang='lat' dir='ltr'><strong>certe</strong></span> <span class='ocrx_word' id='word_1_108' title='bbox 334 1319 490 1380; x_wconf 89' lang='lat' dir='ltr'><strong>terrestria</strong></span> <span class='ocrx_word' id='word_1_109' title='bbox 505 1326 584 1380; x_wconf 92' lang='lat' dir='ltr'><strong>sunt.</strong></span> <span class='ocrx_word' id='word_1_110' title='bbox 619 1335 709 1380; x_wconf 90' lang='lat' dir='ltr'><strong>omne</strong></span> <span class='ocrx_word' id='word_1_111' title='bbox 729 1320 840 1379; x_wconf 89' lang='lat' dir='ltr'><strong>animal</strong></span> <span class='ocrx_word' id='word_1_112' title='bbox 861 1326 1006 1380; x_wconf 89' lang='lat' dir='ltr'><strong>terrestre</strong></span> <span class='ocrx_word' id='word_1_113' title='bbox 1023 1321 1115 1394; x_wconf 84' lang='lat' dir='ltr'><strong>alget,</strong></span> 
     </span>
     <span class='ocr_line' id='line_1_14' title="bbox 135 1402 1117 1478; baseline 0 -14"><span class='ocrx_word' id='word_1_114' title='bbox 135 1402 239 1475; x_wconf 88' lang='lat' dir='ltr'><strong>esurit,</strong></span> <span class='ocrx_word' id='word_1_115' title='bbox 256 1403 332 1463; x_wconf 71' lang='lat' dir='ltr'><strong>sitite</strong></span> <span class='ocrx_word' id='word_1_116' title='bbox 353 1416 426 1477; x_wconf 77' lang='lat' dir='ltr'><strong>ergo</strong></span> <span class='ocrx_word' id='word_1_117' title='bbox 443 1403 556 1464; x_wconf 85' lang='lat' dir='ltr'><strong>iustitia</strong></span> <span class='ocrx_word' id='word_1_118' title='bbox 569 1405 658 1478; x_wconf 78' lang='lat' dir='ltr'><strong>alget,</strong></span> <span class='ocrx_word' id='word_1_119' title='bbox 675 1403 819 1464; x_wconf 77' lang='lat' dir='ltr'><strong>fortitudo</strong></span> <span class='ocrx_word' id='word_1_120' title='bbox 834 1403 938 1476; x_wconf 88' lang='lat' dir='ltr'><strong>esurit,</strong></span> <span class='ocrx_word' id='word_1_121' title='bbox 955 1405 1117 1464; x_wconf 90' lang='lat' dir='ltr'><strong>clementia</strong></span> 
     </span>
     <span class='ocr_line' id='line_1_15' title="bbox 91 1485 1116 1562; baseline -0.002 -13"><span class='ocrx_word' id='word_1_122' title='bbox 91 1487 204 1549; x_wconf 68' lang='lat' dir='ltr'><strong>insilit.</strong></span> <span class='ocrx_word' id='word_1_123' title='bbox 240 1485 319 1560; x_wconf 79' lang='lat' dir='ltr'><strong>uuio</strong></span> <span class='ocrx_word' id='word_1_124' title='bbox 333 1493 449 1562; x_wconf 70' lang='lat' dir='ltr'><strong>porro?</strong></span> <span class='ocrx_word' id='word_1_125' title='bbox 475 1504 538 1549; x_wconf 93' lang='lat' dir='ltr'><strong>non</strong></span> <span class='ocrx_word' id='word_1_126' title='bbox 559 1487 753 1562; x_wconf 82' lang='lat' dir='ltr'><strong>interrogabo</strong></span> <span class='ocrx_word' id='word_1_127' title='bbox 768 1487 853 1559; x_wconf 91' lang='lat' dir='ltr'><strong>illos,</strong></span> <span class='ocrx_word' id='word_1_128' title='bbox 876 1503 968 1562; x_wconf 89' lang='lat' dir='ltr'><strong>quam</strong></span> <span class='ocrx_word' id='word_1_129' title='bbox 983 1488 1116 1562; x_wconf 80' lang='lat' dir='ltr'><strong>figuram</strong></span> 
     </span>
     <span class='ocr_line' id='line_1_16' title="bbox 134 1569 1116 1647; baseline 0.001 -16"><span class='ocrx_word' id='word_1_130' title='bbox 134 1571 268 1632; x_wconf 89' lang='lat' dir='ltr'><strong>habeant</strong></span> <span class='ocrx_word' id='word_1_131' title='bbox 281 1569 341 1632; x_wconf 89' lang='lat' dir='ltr'><strong>ista</strong></span> <span class='ocrx_word' id='word_1_132' title='bbox 356 1571 518 1631; x_wconf 69' lang='lat' dir='ltr'><strong>animalia?</strong></span> <span class='ocrx_word' id='word_1_133' title='bbox 537 1571 677 1644; x_wconf 89' lang='lat' dir='ltr'><strong>hominis,</strong></span> <span class='ocrx_word' id='word_1_134' title='bbox 692 1587 731 1631; x_wconf 88' lang='lat' dir='ltr'><strong>an</strong></span> <span class='ocrx_word' id='word_1_135' title='bbox 746 1571 832 1647; x_wconf 88' lang='lat' dir='ltr'><strong>equi,</strong></span> <span class='ocrx_word' id='word_1_136' title='bbox 849 1587 887 1630; x_wconf 87' lang='lat' dir='ltr'><strong>an</strong></span> <span class='ocrx_word' id='word_1_137' title='bbox 902 1571 1007 1631; x_wconf 80' lang='lat' dir='ltr'><strong>semel</strong></span> <span class='ocrx_word' id='word_1_138' title='bbox 1022 1570 1049 1631; x_wconf 91' lang='lat' dir='ltr'><strong>si</strong></span> <span class='ocrx_word' id='word_1_139' title='bbox 1064 1589 1116 1632; x_wconf 91' lang='lat' dir='ltr'><strong>ro·</strong></span> 
     </span>
     <span class='ocr_line' id='line_1_17' title="bbox 137 1654 1116 1730; baseline -0.001 -14"><span class='ocrx_word' id='word_1_140' title='bbox 137 1656 261 1716; x_wconf 84' lang='lat' dir='ltr'><strong>tundam</strong></span> <span class='ocrx_word' id='word_1_141' title='bbox 281 1654 341 1715; x_wconf 94' lang='lat' dir='ltr'><strong>illis</strong></span> <span class='ocrx_word' id='word_1_142' title='bbox 363 1655 484 1730; x_wconf 90' lang='lat' dir='ltr'><strong>qualem</strong></span> <span class='ocrx_word' id='word_1_143' title='bbox 499 1655 558 1715; x_wconf 93' lang='lat' dir='ltr'><strong>deo</strong></span> <span class='ocrx_word' id='word_1_144' title='bbox 576 1655 729 1729; x_wconf 86' lang='lat' dir='ltr'><strong>dederint,</strong></span> <span class='ocrx_word' id='word_1_145' title='bbox 752 1670 913 1730; x_wconf 89' lang='lat' dir='ltr'><strong>quaeram,</strong></span> <span class='ocrx_word' id='word_1_146' title='bbox 934 1671 972 1715; x_wconf 90' lang='lat' dir='ltr'><strong>an</strong></span> <span class='ocrx_word' id='word_1_147' title='bbox 993 1662 1024 1714; x_wconf 90' lang='lat' dir='ltr'><strong>et</strong></span> <span class='ocrx_word' id='word_1_148' title='bbox 1039 1669 1116 1715; x_wconf 88' lang='lat' dir='ltr'><strong>ava·</strong></span> 
     </span>
     <span class='ocr_line' id='line_1_18' title="bbox 134 1737 1115 1814; baseline 0.002 -17"><span class='ocrx_word' id='word_1_149' title='bbox 134 1737 204 1798; x_wconf 89' lang='lat' dir='ltr'><strong>ritia</strong></span> <span class='ocrx_word' id='word_1_150' title='bbox 225 1746 255 1798; x_wconf 84' lang='lat' dir='ltr'><strong>et</strong></span> <span class='ocrx_word' id='word_1_151' title='bbox 274 1739 396 1800; x_wconf 89' lang='lat' dir='ltr'><strong>luxuria</strong></span> <span class='ocrx_word' id='word_1_152' title='bbox 416 1746 446 1798; x_wconf 90' lang='lat' dir='ltr'><strong>el</strong></span> <span class='ocrx_word' id='word_1_153' title='bbox 465 1738 618 1799; x_wconf 89' lang='lat' dir='ltr'><strong>dementia</strong></span> <span class='ocrx_word' id='word_1_154' title='bbox 638 1754 737 1814; x_wconf 90' lang='lat' dir='ltr'><strong>aeque</strong></span> <span class='ocrx_word' id='word_1_155' title='bbox 761 1738 911 1800; x_wconf 88' lang='lat' dir='ltr'><strong>rotundae</strong></span> <span class='ocrx_word' id='word_1_156' title='bbox 934 1738 1015 1797; x_wconf 72' lang='lat' dir='ltr'><strong>sinti</strong></span> <span class='ocrx_word' id='word_1_157' title='bbox 1040 1747 1115 1799; x_wconf 89' lang='lat' dir='ltr'><strong>suut</strong></span> 
     </span>
     <span class='ocr_line' id='line_1_19' title="bbox 136 1821 1115 1898; baseline 0.002 -17"><span class='ocrx_word' id='word_1_158' title='bbox 136 1823 216 1881; x_wconf 89' lang='lat' dir='ltr'><strong>enim</strong></span> <span class='ocrx_word' id='word_1_159' title='bbox 231 1829 261 1881; x_wconf 91' lang='grc' dir='ltr'><strong>ει</strong></span> <span class='ocrx_word' id='word_1_160' title='bbox 274 1821 362 1897; x_wconf 86' lang='lat' dir='ltr'><strong>ipsae</strong></span> <span class='ocrx_word' id='word_1_161' title='bbox 377 1821 527 1882; x_wconf 80' lang='lat' dir='ltr'><strong>annualia.</strong></span> <span class='ocrx_word' id='word_1_162' title='bbox 556 1822 584 1882; x_wconf 93' lang='lat' dir='ltr'><strong>si</strong></span> <span class='ocrx_word' id='word_1_163' title='bbox 599 1822 654 1883; x_wconf 88' lang='lat' dir='ltr'><strong>has</strong></span> <span class='ocrx_word' id='word_1_164' title='bbox 671 1837 796 1898; x_wconf 91' lang='lat' dir='ltr'><strong>quoque</strong></span> <span class='ocrx_word' id='word_1_165' title='bbox 812 1822 1115 1896; x_wconf 89' lang='lat' dir='ltr'><strong>conrntundaverint,</strong></span> 
     </span>
     <span class='ocr_line' id='line_1_20' title="bbox 138 1904 1117 1981; baseline -0.001 -14"><span class='ocrx_word' id='word_1_166' title='bbox 138 1905 309 1967; x_wconf 85' lang='lat' dir='ltr'><strong>etiamnunc</strong></span> <span class='ocrx_word' id='word_1_167' title='bbox 321 1905 526 1980; x_wconf 79' lang='lat' dir='ltr'><strong>interrogabo,</strong></span> <span class='ocrx_word' id='word_1_168' title='bbox 541 1921 579 1965; x_wconf 83' lang='lat' dir='ltr'><strong>arr</strong></span> <span class='ocrx_word' id='word_1_169' title='bbox 596 1907 733 1981; x_wconf 88' lang='lat' dir='ltr'><strong>prudens</strong></span> <span class='ocrx_word' id='word_1_170' title='bbox 746 1905 909 1967; x_wconf 87' lang='lat' dir='ltr'><strong>ambulatio</strong></span> <span class='ocrx_word' id='word_1_171' title='bbox 924 1905 1037 1966; x_wconf 87' lang='lat' dir='ltr'><strong>animal</strong></span> <span class='ocrx_word' id='word_1_172' title='bbox 1054 1904 1117 1966; x_wconf 67' lang='lat' dir='ltr'><strong>siti</strong></span> 
     </span>
     <span class='ocr_line' id='line_1_21' title="bbox 137 1989 1116 2051; baseline 0 -3"><span class='ocrx_word' id='word_1_173' title='bbox 137 2005 268 2050; x_wconf 90' lang='lat' dir='ltr'><strong>necesse</strong></span> <span class='ocrx_word' id='word_1_174' title='bbox 293 1997 341 2050; x_wconf 90' lang='lat' dir='ltr'><strong>est</strong></span> <span class='ocrx_word' id='word_1_175' title='bbox 369 1990 578 2051; x_wconf 85' lang='lat' dir='ltr'><strong>confiteantur.</strong></span> <span class='ocrx_word' id='word_1_176' title='bbox 615 1989 726 2050; x_wconf 89' lang='lat' dir='ltr'><strong>deinde</strong></span> <span class='ocrx_word' id='word_1_177' title='bbox 751 1991 853 2051; x_wconf 88' lang='lat' dir='ltr'><strong>dicant</strong></span> <span class='ocrx_word' id='word_1_178' title='bbox 875 1989 1116 2050; x_wconf 88' lang='lat' dir='ltr'><strong>ambulationem</strong></span> 
     </span>
     <span class='ocr_line' id='line_1_22' title="bbox 94 2073 1116 2150; baseline -0.001 -15"><span class='ocrx_word' id='word_1_179' title='bbox 94 2074 246 2135; x_wconf 68' lang='lat' dir='ltr'><strong>lbanimal</strong></span> <span class='ocrx_word' id='word_1_180' title='bbox 272 2089 344 2145; x_wconf 74' lang='lat' dir='ltr'><strong>esse</strong></span> <span class='ocrx_word' id='word_1_181' title='bbox 365 2081 395 2133; x_wconf 92' lang='lat' dir='ltr'><strong>et</strong></span> <span class='ocrx_word' id='word_1_182' title='bbox 415 2074 538 2149; x_wconf 89' lang='lat' dir='ltr'><strong>quidem</strong></span> <span class='ocrx_word' id='word_1_183' title='bbox 558 2073 731 2134; x_wconf 89' lang='lat' dir='ltr'><strong>rotundum.</strong></span> <span class='ocrx_word' id='word_1_184' title='bbox 765 2074 810 2134; x_wconf 90' lang='lat' dir='ltr'><strong>Ne</strong></span> <span class='ocrx_word' id='word_1_185' title='bbox 832 2080 922 2150; x_wconf 78' lang='lat' dir='ltr'><strong>putes</strong></span> <span class='ocrx_word' id='word_1_186' title='bbox 942 2081 1045 2135; x_wconf 90' lang='lat' dir='ltr'><strong>autem</strong></span> <span class='ocrx_word' id='word_1_187' title='bbox 1066 2089 1116 2134; x_wconf 91' lang='lat' dir='ltr'><strong>me</strong></span> 
     </span>
     <span class='ocr_line' id='line_1_23' title="bbox 136 2155 1117 2233; baseline 0.004 -19"><span class='ocrx_word' id='word_1_188' title='bbox 136 2155 267 2231; x_wconf 89' lang='lat' dir='ltr'><strong>primum</strong></span> <span class='ocrx_word' id='word_1_189' title='bbox 288 2172 328 2216; x_wconf 88' lang='lat' dir='ltr'><strong>ex</strong></span> <span class='ocrx_word' id='word_1_190' title='bbox 349 2156 462 2217; x_wconf 89' lang='lat' dir='ltr'><strong>nostris</strong></span> <span class='ocrx_word' id='word_1_191' title='bbox 483 2174 544 2217; x_wconf 92' lang='lat' dir='ltr'><strong>nou</strong></span> <span class='ocrx_word' id='word_1_192' title='bbox 566 2173 605 2218; x_wconf 86' lang='lat' dir='ltr'><strong>ex</strong></span> <span class='ocrx_word' id='word_1_193' title='bbox 619 2157 808 2233; x_wconf 86' lang='lat' dir='ltr'><strong>praescripto</strong></span> <span class='ocrx_word' id='word_1_194' title='bbox 824 2157 924 2232; x_wconf 91' lang='lat' dir='ltr'><strong>loqui,</strong></span> <span class='ocrx_word' id='word_1_195' title='bbox 951 2158 1009 2218; x_wconf 92' lang='lat' dir='ltr'><strong>sed</strong></span> <span class='ocrx_word' id='word_1_196' title='bbox 1027 2173 1117 2218; x_wconf 90' lang='lat' dir='ltr'><strong>meae</strong></span> 
     </span>
     <span class='ocr_line' id='line_1_24' title="bbox 137 2239 1116 2320; baseline 0.002 -22"><span class='ocrx_word' id='word_1_197' title='bbox 137 2239 304 2299; x_wconf 87' lang='lat' dir='ltr'><strong>sententiae</strong></span> <span class='ocrx_word' id='word_1_198' title='bbox 319 2255 405 2300; x_wconf 86' lang='lat' dir='ltr'><strong>esse=</strong></span> <span class='ocrx_word' id='word_1_199' title='bbox 422 2240 500 2300; x_wconf 92' lang='lat' dir='ltr'><strong>inter</strong></span> <span class='ocrx_word' id='word_1_200' title='bbox 516 2241 680 2302; x_wconf 83' lang='lat' dir='ltr'><strong>Cleanthen</strong></span> <span class='ocrx_word' id='word_1_201' title='bbox 695 2249 725 2302; x_wconf 90' lang='lat' dir='ltr'><strong>et</strong></span> <span class='ocrx_word' id='word_1_202' title='bbox 738 2241 923 2316; x_wconf 85' lang='lat' dir='ltr'><strong>discipulum</strong></span> <span class='ocrx_word' id='word_1_203' title='bbox 938 2242 1005 2302; x_wconf 90' lang='lat' dir='ltr'><strong>eius</strong></span> <span class='ocrx_word' id='word_1_204' title='bbox 1019 2241 1116 2320; x_wconf 80' lang='lat' dir='ltr'><strong>Chry-</strong></span> 
     </span>
     <span class='ocr_line' id='line_1_25' title="bbox 137 2322 1116 2399; baseline 0.005 -17"><span class='ocrx_word' id='word_1_205' title='bbox 137 2322 260 2396; x_wconf 88' lang='lat' dir='ltr'><strong>sippum</strong></span> <span class='ocrx_word' id='word_1_206' title='bbox 274 2339 335 2383; x_wconf 92' lang='lat' dir='ltr'><strong>non</strong></span> <span class='ocrx_word' id='word_1_207' title='bbox 354 2324 511 2398; x_wconf 87' lang='lat' dir='ltr'><strong>convenit,</strong></span> <span class='ocrx_word' id='word_1_208' title='bbox 528 2325 600 2399; x_wconf 91' lang='lat' dir='ltr'><strong>quid</strong></span> <span class='ocrx_word' id='word_1_209' title='bbox 615 2326 655 2386; x_wconf 93' lang='lat' dir='ltr'><strong>sit</strong></span> <span class='ocrx_word' id='word_1_210' title='bbox 667 2325 841 2385; x_wconf 89' lang='lat' dir='ltr'><strong>ambulatio.</strong></span> <span class='ocrx_word' id='word_1_211' title='bbox 876 2324 924 2367; x_wconf 84' lang='lat'><strong>**</strong></span> <span class='ocrx_word' id='word_1_212' title='bbox 950 2324 1116 2387; x_wconf 87' lang='lat' dir='ltr'><strong>cleanthes</strong></span> 
     </span>
     <span class='ocr_line' id='line_1_26' title="bbox 137 2405 1116 2484; baseline 0.005 -19"><span class='ocrx_word' id='word_1_213' title='bbox 137 2405 178 2466; x_wconf 86' lang='lat' dir='ltr'><strong>ait</strong></span> <span class='ocrx_word' id='word_1_214' title='bbox 192 2407 331 2482; x_wconf 84' lang='lat' dir='ltr'><strong>spiritum</strong></span> <span class='ocrx_word' id='word_1_215' title='bbox 347 2422 418 2467; x_wconf 88' lang='lat' dir='ltr'><strong>esse</strong></span> <span class='ocrx_word' id='word_1_216' title='bbox 435 2424 453 2467; x_wconf 90' lang='lat' dir='ltr'><strong>a</strong></span> <span class='ocrx_word' id='word_1_217' title='bbox 468 2407 629 2483; x_wconf 88' lang='lat' dir='ltr'><strong>principali</strong></span> <span class='ocrx_word' id='word_1_218' title='bbox 643 2424 743 2484; x_wconf 87' lang='lat' dir='ltr'><strong>usque</strong></span> <span class='ocrx_word' id='word_1_219' title='bbox 758 2410 786 2468; x_wconf 91' lang='lat' dir='ltr'><strong>in</strong></span> <span class='ocrx_word' id='word_1_220' title='bbox 804 2408 900 2483; x_wconf 84' lang='lat' dir='ltr'><strong>pedes</strong></span> <span class='ocrx_word' id='word_1_221' title='bbox 916 2409 1116 2483; x_wconf 85' lang='lat' dir='ltr'><strong>permissum,</strong></span> 
     </span>
     <span class='ocr_line' id='line_1_27' title="bbox 138 2489 1117 2568; baseline 0.005 -20"><span class='ocrx_word' id='word_1_222' title='bbox 138 2489 329 2567; x_wconf 82' lang='lat' dir='ltr'><strong>Chrysippus</strong></span> <span class='ocrx_word' id='word_1_223' title='bbox 351 2491 451 2566; x_wconf 88' lang='lat' dir='ltr'><strong>ipsum</strong></span> <span class='ocrx_word' id='word_1_224' title='bbox 476 2491 654 2568; x_wconf 88' lang='lat' dir='ltr'><strong>principale.</strong></span> <span class='ocrx_word' id='word_1_225' title='bbox 692 2492 770 2567; x_wconf 81' lang='lat' dir='ltr'><strong>Quid</strong></span> <span class='ocrx_word' id='word_1_226' title='bbox 790 2500 837 2553; x_wconf 92' lang='lat' dir='ltr'><strong>est</strong></span> <span class='ocrx_word' id='word_1_227' title='bbox 858 2507 948 2566; x_wconf 85' lang='lat' dir='ltr'><strong>ergo,</strong></span> <span class='ocrx_word' id='word_1_228' title='bbox 976 2509 1031 2553; x_wconf 92' lang='lat' dir='ltr'><strong>cur</strong></span> <span class='ocrx_word' id='word_1_229' title='bbox 1054 2509 1117 2553; x_wconf 90' lang='lat' dir='ltr'><strong>non</strong></span> 
     </span>
     <span class='ocr_line' id='line_1_28' title="bbox 137 2573 1117 2654; baseline 0.005 -22"><span class='ocrx_word' id='word_1_230' title='bbox 137 2573 235 2648; x_wconf 87' lang='lat' dir='ltr'><strong>ipsius</strong></span> <span class='ocrx_word' id='word_1_231' title='bbox 251 2574 416 2654; x_wconf 80' lang='lat' dir='ltr'><strong>Chrysippi</strong></span> <span class='ocrx_word' id='word_1_232' title='bbox 432 2578 572 2652; x_wconf 89' lang='lat' dir='ltr'><strong>exemplo</strong></span> <span class='ocrx_word' id='word_1_233' title='bbox 587 2576 647 2636; x_wconf 89' lang='lat' dir='ltr'><strong>sibi</strong></span> <span class='ocrx_word' id='word_1_234' title='bbox 662 2576 793 2651; x_wconf 87' lang='lat' dir='ltr'><strong>quisque</strong></span> <span class='ocrx_word' id='word_1_235' title='bbox 813 2590 848 2635; x_wconf 90' lang='lat' dir='ltr'><strong>se</strong></span> <span class='ocrx_word' id='word_1_236' title='bbox 864 2575 999 2636; x_wconf 90' lang='lat' dir='ltr'><strong>vindicet</strong></span> <span class='ocrx_word' id='word_1_237' title='bbox 1013 2579 1117 2637; x_wconf 85' lang='lat' dir='ltr'><strong>eliste</strong></span> 
     </span>
     <span class='ocr_line' id='line_1_29' title="bbox 136 2660 1116 2736; baseline 0.005 -21"><span class='ocrx_word' id='word_1_238' title='bbox 136 2662 181 2716; x_wconf 91' lang='lat' dir='ltr'><strong>tot</strong></span> <span class='ocrx_word' id='word_1_239' title='bbox 195 2660 351 2734; x_wconf 86' lang='lat' dir='ltr'><strong>animalia,</strong></span> <span class='ocrx_word' id='word_1_240' title='bbox 373 2668 448 2736; x_wconf 90' lang='lat' dir='ltr'><strong>quot</strong></span> <span class='ocrx_word' id='word_1_241' title='bbox 462 2661 595 2721; x_wconf 89' lang='lat' dir='ltr'><strong>mundus</strong></span> <span class='ocrx_word' id='word_1_242' title='bbox 610 2661 678 2734; x_wconf 87' lang='lat' dir='ltr'><strong>lpse</strong></span> <span class='ocrx_word' id='word_1_243' title='bbox 693 2677 753 2720; x_wconf 92' lang='lat' dir='ltr'><strong>non</strong></span> <span class='ocrx_word' id='word_1_244' title='bbox 770 2665 873 2734; x_wconf 83' lang='lat' dir='ltr'><strong>potest</strong></span> <span class='ocrx_word' id='word_1_245' title='bbox 887 2674 1016 2735; x_wconf 87' lang='lat' dir='ltr'><strong>capere,</strong></span> <span class='ocrx_word' id='word_1_246' title='bbox 1035 2661 1116 2720; x_wconf 90' lang='lat' dir='ltr'><strong>deri-</strong></span> 
     </span>
     <span class='ocr_line' id='line_1_30' title="bbox 95 2739 1115 2820; baseline 0.006 -24"><span class='ocrx_word' id='word_1_247' title='bbox 95 2739 227 2799; x_wconf 74' lang='lat' dir='ltr'><strong>aldeam</strong></span> <span class='ocrx_word' id='word_1_248' title='bbox 242 2743 327 2812; x_wconf 90' lang='lat' dir='ltr'><strong>„Non</strong></span> <span class='ocrx_word' id='word_1_249' title='bbox 341 2753 419 2818; x_wconf 93' lang='lat' dir='ltr'><strong>sunt,</strong></span> <span class='ocrx_word' id='word_1_250' title='bbox 434 2745 539 2820; x_wconf 88' lang='lat' dir='ltr'><strong>inquit,</strong></span> <span class='ocrx_word' id='word_1_251' title='bbox 556 2745 681 2805; x_wconf 88' lang='lat' dir='ltr'><strong>virtutes</strong></span> <span class='ocrx_word' id='word_1_252' title='bbox 694 2744 787 2805; x_wconf 89' lang='lat' dir='ltr'><strong>multa</strong></span> <span class='ocrx_word' id='word_1_253' title='bbox 800 2742 951 2818; x_wconf 86' lang='lat' dir='ltr'><strong>animalia,</strong></span> <span class='ocrx_word' id='word_1_254' title='bbox 967 2751 1115 2805; x_wconf 85' lang='lat' dir='ltr'><strong>ettamen</strong></span> 
     </span>
     <span class='ocr_line' id='line_1_31' title="bbox 138 2822 1118 2902; baseline 0.008 -23"><span class='ocrx_word' id='word_1_255' title='bbox 138 2822 277 2882; x_wconf 88' lang='lat' dir='ltr'><strong>animalia</strong></span> <span class='ocrx_word' id='word_1_256' title='bbox 296 2835 376 2887; x_wconf 85' lang='lat' dir='ltr'><strong>sunt.</strong></span> <span class='ocrx_word' id='word_1_257' title='bbox 406 2846 475 2888; x_wconf 86' lang='lat' dir='ltr'><strong>narn</strong></span> <span class='ocrx_word' id='word_1_258' title='bbox 498 2828 754 2902; x_wconf 88' lang='lat' dir='ltr'><strong>quemadmodum</strong></span> <span class='ocrx_word' id='word_1_259' title='bbox 775 2825 887 2902; x_wconf 87' lang='lat' dir='ltr'><strong>aliquis</strong></span> <span class='ocrx_word' id='word_1_260' title='bbox 907 2835 937 2887; x_wconf 93' lang='grc' dir='ltr'><strong>ει</strong></span> <span class='ocrx_word' id='word_1_261' title='bbox 956 2836 1053 2902; x_wconf 88' lang='lat' dir='ltr'><strong>poeta</strong></span> <span class='ocrx_word' id='word_1_262' title='bbox 1070 2835 1118 2888; x_wconf 91' lang='lat' dir='ltr'><strong>est</strong></span> 
     </span>
     <span class='ocr_line' id='line_1_32' title="bbox 137 2907 1117 2986; baseline 0.012 -26"><span class='ocrx_word' id='word_1_263' title='bbox 137 2907 167 2961; x_wconf 93' lang='lat' dir='ltr'><strong>et</strong></span> <span class='ocrx_word' id='word_1_264' title='bbox 182 2912 296 2979; x_wconf 87' lang='lat' dir='ltr'><strong>orator,</strong></span> <span class='ocrx_word' id='word_1_265' title='bbox 312 2917 455 2970; x_wconf 89' lang='lat' dir='ltr'><strong>ettamen</strong></span> <span class='ocrx_word' id='word_1_266' title='bbox 473 2929 566 2985; x_wconf 94' lang='lat' dir='ltr'><strong>unus,</strong></span> <span class='ocrx_word' id='word_1_267' title='bbox 583 2913 627 2971; x_wconf 89' lang='lat' dir='ltr'><strong>sio</strong></span> <span class='ocrx_word' id='word_1_268' title='bbox 641 2913 767 2973; x_wconf 90' lang='lat' dir='ltr'><strong>virtutes</strong></span> <span class='ocrx_word' id='word_1_269' title='bbox 783 2913 860 2972; x_wconf 86' lang='lat' dir='ltr'><strong>istae</strong></span> <span class='ocrx_word' id='word_1_270' title='bbox 876 2912 1019 2972; x_wconf 89' lang='lat' dir='ltr'><strong>animalia</strong></span> <span class='ocrx_word' id='word_1_271' title='bbox 1035 2921 1117 2986; x_wconf 90' lang='lat' dir='ltr'><strong>sunt,</strong></span> 
     </span>
     <span class='ocr_line' id='line_1_33' title="bbox 138 2985 1116 3072; baseline 0.014 -31"><span class='ocrx_word' id='word_1_272' title='bbox 138 2985 194 3043; x_wconf 90' lang='lat' dir='ltr'><strong>sed</strong></span> <span class='ocrx_word' id='word_1_273' title='bbox 207 2989 299 3049; x_wconf 85' lang='lat' dir='ltr'><strong>multa</strong></span> <span class='ocrx_word' id='word_1_274' title='bbox 314 3008 374 3053; x_wconf 91' lang='lat' dir='ltr'><strong>non</strong></span> <span class='ocrx_word' id='word_1_275' title='bbox 389 3003 468 3055; x_wconf 93' lang='lat' dir='ltr'><strong>sunt.</strong></span> <span class='ocrx_word' id='word_1_276' title='bbox 491 2997 572 3056; x_wconf 90' lang='lat' dir='ltr'><strong>idem</strong></span> <span class='ocrx_word' id='word_1_277' title='bbox 584 3002 632 3056; x_wconf 90' lang='grc' dir='ltr'><strong>εει</strong></span> <span class='ocrx_word' id='word_1_278' title='bbox 645 2996 763 3057; x_wconf 90' lang='lat' dir='ltr'><strong>animus</strong></span> <span class='ocrx_word' id='word_1_279' title='bbox 776 3002 806 3056; x_wconf 90' lang='lat' dir='ltr'><strong>et</strong></span> <span class='ocrx_word' id='word_1_280' title='bbox 819 2995 918 3056; x_wconf 88' lang='lat' dir='ltr'><strong>iustus</strong></span> <span class='ocrx_word' id='word_1_281' title='bbox 934 3004 965 3057; x_wconf 92' lang='lat' dir='ltr'><strong>et</strong></span> <span class='ocrx_word' id='word_1_282' title='bbox 976 2998 1116 3072; x_wconf 90' lang='lat' dir='ltr'><strong>prudens</strong></span> 
     </span>
     <span class='ocr_line' id='line_1_34' title="bbox 138 3068 1117 3155; baseline 0.018 -33"><span class='ocrx_word' id='word_1_283' title='bbox 138 3073 167 3124; x_wconf 91' lang='grc' dir='ltr'><strong>ει</strong></span> <span class='ocrx_word' id='word_1_284' title='bbox 182 3068 283 3145; x_wconf 92' lang='lat' dir='ltr'><strong>lortis,</strong></span> <span class='ocrx_word' id='word_1_285' title='bbox 307 3077 346 3136; x_wconf 87' lang='lat' dir='ltr'><strong>ad</strong></span> <span class='ocrx_word' id='word_1_286' title='bbox 367 3076 503 3154; x_wconf 80' lang='lat' dir='ltr'><strong>singulas</strong></span> <span class='ocrx_word' id='word_1_287' title='bbox 519 3080 645 3140; x_wconf 88' lang='lat' dir='ltr'><strong>virtutes</strong></span> <span class='ocrx_word' id='word_1_288' title='bbox 667 3080 894 3155; x_wconf 89' lang='lat' dir='ltr'><strong>quodammodo</strong></span> <span class='ocrx_word' id='word_1_289' title='bbox 912 3097 947 3141; x_wconf 92' lang='lat' dir='ltr'><strong>se</strong></span> <span class='ocrx_word' id='word_1_290' title='bbox 962 3080 1117 3140; x_wconf 85' lang='lat' dir='ltr'><strong>habens.“</strong></span> 
     </span>
     <span class='ocr_line' id='line_1_35' title="bbox 95 3146 1117 3238; baseline 0.017 -32"><span class='ocrx_word' id='word_1_291' title='bbox 95 3153 130 3207; x_wconf 77' lang='lat'><strong>25</strong></span> <span class='ocrx_word' id='word_1_292' title='bbox 138 3146 263 3214; x_wconf 89' lang='lat' dir='ltr'><strong>Sublata</strong></span> <span class='ocrx_word' id='word_1_293' title='bbox 278 3165 324 3219; x_wconf 92' lang='lat' dir='ltr'><strong>est</strong></span> <span class='ocrx_word' id='word_1_294' title='bbox 339 3164 494 3238; x_wconf 90' lang='lat' dir='ltr'><strong>quaestio,</strong></span> <span class='ocrx_word' id='word_1_295' title='bbox 510 3163 651 3224; x_wconf 89' lang='lat' dir='ltr'><strong>convenit</strong></span> <span class='ocrx_word' id='word_1_296' title='bbox 665 3164 765 3224; x_wconf 89' lang='lat' dir='ltr'><strong>nobis.</strong></span> <span class='ocrx_word' id='word_1_297' title='bbox 791 3179 861 3223; x_wconf 88' lang='lat' dir='ltr'><strong>nam</strong></span> <span class='ocrx_word' id='word_1_298' title='bbox 877 3170 979 3238; x_wconf 80' lang='lat' dir='ltr'><strong>elego</strong></span> <span class='ocrx_word' id='word_1_299' title='bbox 994 3165 1117 3224; x_wconf 90' lang='lat' dir='ltr'><strong>interim</strong></span> 
     </span>
     <span class='ocr_line' id='line_1_36' title="bbox 139 3229 1118 3323; baseline 0.022 -36"><span class='ocrx_word' id='word_1_300' title='bbox 139 3229 236 3293; x_wconf 82' lang='lat' dir='ltr'><strong>fateor</strong></span> <span class='ocrx_word' id='word_1_301' title='bbox 250 3243 383 3306; x_wconf 90' lang='lat' dir='ltr'><strong>animum</strong></span> <span class='ocrx_word' id='word_1_302' title='bbox 399 3245 509 3308; x_wconf 89' lang='lat' dir='ltr'><strong>animal</strong></span> <span class='ocrx_word' id='word_1_303' title='bbox 523 3263 603 3321; x_wconf 91' lang='lat' dir='ltr'><strong>esse,</strong></span> <span class='ocrx_word' id='word_1_304' title='bbox 619 3254 729 3322; x_wconf 88' lang='lat' dir='ltr'><strong>postea</strong></span> <span class='ocrx_word' id='word_1_305' title='bbox 743 3247 874 3322; x_wconf 88' lang='lat' dir='ltr'><strong>visurus,</strong></span> <span class='ocrx_word' id='word_1_306' title='bbox 891 3263 984 3323; x_wconf 84' lang='lat' dir='ltr'><strong>quam</strong></span> <span class='ocrx_word' id='word_1_307' title='bbox 1001 3248 1042 3308; x_wconf 93' lang='lat' dir='ltr'><strong>de</strong></span> <span class='ocrx_word' id='word_1_308' title='bbox 1057 3249 1118 3309; x_wconf 85' lang='lat' dir='ltr'><strong>ista</strong></span> 
     </span>
     <span class='ocr_line' id='line_1_37' title="bbox 137 3328 1116 3417; baseline 0.01 -36"><span class='ocrx_word' id='word_1_309' title='bbox 137 3329 175 3409; x_wconf 58' lang='lat' dir='ltr'><strong>lq</strong></span> <span class='ocrx_word' id='word_1_310' title='bbox 193 3328 371 3417; x_wconf 84' lang='lat' dir='ltr'><strong>sententiam</strong></span> <span class='ocrx_word' id='word_1_311' title='bbox 392 3332 501 3391; x_wconf 74' lang='lat' dir='ltr'><strong>lenanu</strong></span> <span class='ocrx_word' id='word_1_312' title='bbox 527 3331 662 3391; x_wconf 83' lang='lat' dir='ltr'><strong>actiones</strong></span> <span class='ocrx_word' id='word_1_313' title='bbox 683 3331 750 3392; x_wconf 89' lang='lat' dir='ltr'><strong>eius</strong></span> <span class='ocrx_word' id='word_1_314' title='bbox 771 3331 913 3400; x_wconf 87' lang='lat' dir='ltr'><strong>animalia</strong></span> <span class='ocrx_word' id='word_1_315' title='bbox 933 3348 1007 3393; x_wconf 91' lang='lat' dir='ltr'><strong>esse</strong></span> <span class='ocrx_word' id='word_1_316' title='bbox 1023 3349 1116 3406; x_wconf 83' lang='lat' dir='ltr'><strong>nego.</strong></span> 
     </span>
     <span class='ocr_line' id='line_1_38' title="bbox 137 3398 1115 3501; baseline 0.018 -45"><span class='ocrx_word' id='word_1_317' title='bbox 137 3398 272 3501; x_wconf 71' lang='lat' dir='ltr'><strong>alloquar</strong></span> <span class='ocrx_word' id='word_1_318' title='bbox 287 3419 318 3471; x_wconf 92' lang='lat' dir='ltr'><strong>et</strong></span> <span class='ocrx_word' id='word_1_319' title='bbox 332 3413 432 3474; x_wconf 86' lang='lat' dir='ltr'><strong>omnia</strong></span> <span class='ocrx_word' id='word_1_320' title='bbox 446 3415 543 3474; x_wconf 88' lang='lat' dir='ltr'><strong>verba</strong></span> <span class='ocrx_word' id='word_1_321' title='bbox 558 3421 646 3476; x_wconf 88' lang='lat' dir='ltr'><strong>erunt</strong></span> <span class='ocrx_word' id='word_1_322' title='bbox 660 3414 802 3476; x_wconf 89' lang='lat' dir='ltr'><strong>animalia</strong></span> <span class='ocrx_word' id='word_1_323' title='bbox 818 3422 847 3475; x_wconf 90' lang='grc' dir='ltr'><strong>ει</strong></span> <span class='ocrx_word' id='word_1_324' title='bbox 864 3431 972 3477; x_wconf 91' lang='lat' dir='ltr'><strong>omnes</strong></span> <span class='ocrx_word' id='word_1_325' title='bbox 991 3431 1115 3475; x_wconf 87' lang='lat' dir='ltr'><strong>versus.</strong></span> 
     </span>
     <span class='ocr_line' id='line_1_39' title="bbox 136 3493 1116 3576; baseline 0.018 -36"><span class='ocrx_word' id='word_1_326' title='bbox 136 3493 206 3540; x_wconf 86' lang='lat' dir='ltr'><strong>nam</strong></span> <span class='ocrx_word' id='word_1_327' title='bbox 227 3501 254 3547; x_wconf 85' lang='grc' dir='ltr'><strong>ει</strong></span> <span class='ocrx_word' id='word_1_328' title='bbox 278 3497 414 3566; x_wconf 85' lang='lat' dir='ltr'><strong>prudens</strong></span> <span class='ocrx_word' id='word_1_329' title='bbox 435 3513 536 3568; x_wconf 88' lang='lat' dir='ltr'><strong>sermo</strong></span> <span class='ocrx_word' id='word_1_330' title='bbox 556 3497 670 3560; x_wconf 91' lang='lat' dir='ltr'><strong>bonum</strong></span> <span class='ocrx_word' id='word_1_331' title='bbox 692 3507 753 3576; x_wconf 90' lang='lat' dir='ltr'><strong>est,</strong></span> <span class='ocrx_word' id='word_1_332' title='bbox 774 3500 890 3561; x_wconf 88' lang='lat' dir='ltr'><strong>bonum</strong></span> <span class='ocrx_word' id='word_1_333' title='bbox 905 3507 1007 3561; x_wconf 87' lang='lat' dir='ltr'><strong>autern</strong></span> <span class='ocrx_word' id='word_1_334' title='bbox 1023 3513 1116 3560; x_wconf 90' lang='lat' dir='ltr'><strong>omne</strong></span> 
     </span>
    </p>
   </div>
   <div class='ocr_carea' id='block_1_3' title="bbox 0 0 1223 3862">
    <p class='ocr_par' dir='ltr' id='par_1_3' title="bbox 0 0 1223 3862">
     <span class='ocr_line' id='line_1_40' title="bbox 0 0 1223 3862; baseline 0 0"><span class='ocrx_word' id='word_1_335' title='bbox 0 0 1223 3862; x_wconf 95' lang='lat' dir='ltr'><strong> </strong></span> 
     </span>
    </p>
   </div>
  </div>
 </body>
</html>
