2422 3862
129 233 191 296 122
415 231 446 290 t.
467 230 611 290 ANNAEI
638 228 812 289 SENECAE

128 386 159 444 in
175 384 296 460 species
318 383 485 458 secabitur,
508 391 541 444 ει
559 384 712 444 εἰεεειεει
736 382 839 459 quod
854 390 912 444 est
927 391 978 442 aut
992 397 1104 460 corpo-

89 471 235 545 laparale
257 478 305 529 εει
324 477 376 528 εει
390 468 595 543 incorporale.
623 467 689 528 Hoc
704 485 777 545 ergo
796 476 844 529 est
857 484 955 544 genus
976 468 1106 543 primurn

130 563 160 613 ει
175 553 419 628 antiquissimum
436 562 480 627 ει,
503 562 536 613 ει
544 553 592 613 'ita
607 554 721 630 dicam,
744 556 896 629 generale.
936 560 1039 613 cetera
1054 569 1105 627 ge-

131 653 205 697 nera
221 637 344 712 quidem
360 644 444 709 sumt,
460 638 517 697 sed
533 637 694 721 specialia:
709 647 865 713 tamquam
879 639 991 698 homo
1007 654 1105 712 genus

131 729 187 782 est.
220 721 311 781 habet
332 722 411 781 enim
433 723 461 780 in
485 737 519 780 se
541 723 695 782 nationum
712 723 852 798 species:
875 724 1027 797 Gnaeum,
1045 725 1106 783 Ro·

131 821 254 878 manos,
277 805 416 866 Parthos.
440 806 592 866 colorum:
615 806 716 880 albos,
733 809 854 882 nigros,
870 806 979 867 ilavos.
1016 807 1108 867 habet

131 889 285 964 singulos:
327 891 485 964 Catonem,
521 884 712 964 Ciceronem,
747 893 926 952 Lucretium.
978 890 1105 966 ita[que]

133 991 194 1051 qua
209 974 301 1035 multa
319 975 466 1046 continet,
489 975 517 1034 in
540 990 637 1048 genus
652 976 741 1035 cadit.
772 992 833 1050 qua
850 975 907 1038 sub
922 975 982 1036 alio
998 983 1061 1048 est,
1077 976 1106 1034 in

133 1060 283 1136 speciem:
307 1059 381 1119 illud
402 1075 500 1134 genus
518 1059 619 1134 quod
634 1067 694 1119 est
708 1063 859 1134 generale,
875 1076 969 1134 supra
984 1075 1019 1119 se
1035 1059 1107 1119 nihil

91 1145 232 1209 achabet.
268 1143 384 1204 initium
405 1160 505 1204 rerum
526 1152 582 1204 εει.
620 1144 721 1202 omnia
742 1144 799 1204 sub
821 1145 871 1205 illo
897 1151 976 1204 sunt.
1014 1143 1107 1204 Stoici

132 1231 239 1288 volunt
261 1244 471 1303 superponere
496 1228 567 1287 huic
592 1228 764 1310 etiamnunc
785 1228 867 1288 aliud
891 1243 993 1302 genus·
1009 1227 1107 1302 magis

134 1311 317 1387 principale:
340 1312 455 1387 dequo
478 1312 577 1372 statim
600 1312 714 1382 dicam,
739 1312 765 1372 si
790 1313 875 1386 prius
902 1312 977 1372 illud
1001 1327 1107 1386 genus,

134 1396 173 1456 de
190 1412 251 1470 quo
267 1397 387 1456 locutus
407 1413 490 1470 surn,
512 1394 618 1455 merito
636 1397 764 1470 primum
780 1397 853 1471 poni
868 1397 1021 1468 docuero,
1039 1411 1108 1455 curn

92 1479 174 1543 lusit
198 1495 298 1538 rerum
324 1480 457 1541 omnium
482 1495 590 1553 capax.
628 1480 734 1554 Quod
760 1481 873 1539 estin
899 1480 955 1538 has
986 1481 1108 1554 species

134 1564 253 1637 divido,
270 1570 304 1623 ut
324 1565 384 1623 sint
398 1563 570 1638 corporalia
584 1572 637 1624 εει
650 1565 865 1638 incorporalia.
900 1563 973 1622 nihil
988 1562 1106 1623 tertium

134 1655 189 1708 εει.
214 1664 355 1722 corpus
378 1650 534 1722 quomodo
553 1648 679 1714 dividat
699 1655 732 1708 ει
745 1649 859 1708 dicam:
881 1654 932 1707 aut
947 1649 1109 1707 animantia

135 1739 206 1792 sunt
232 1740 284 1791 aut
308 1731 451 1792 inanima.
486 1749 594 1792 rursus
620 1733 832 1792 animantia
850 1732 1108 1807 quemadmodum

135 1815 261 1876 divido?
288 1825 321 1876 ut
342 1816 457 1876 dicam:
482 1817 630 1891 quaedam
653 1819 785 1876 animum
805 1816 931 1886 habent,
956 1817 1109 1890 quaedam

134 1907 249 1961 tantum
266 1901 405 1960 animam.
429 1909 481 1960 aut
492 1903 552 1960 sic:
569 1901 720 1975 quaedam
735 1901 869 1975 inpetum
884 1900 1011 1973 habent,
1028 1899 1108 1959 ince-

136 1985 223 2056 dunt,
244 1992 416 2056 transeunt,
440 1986 590 2060 quaedam
612 1987 679 2045 solo
701 1984 804 2044 adfixa
818 1982 973 2044 radicibus
990 1986 1110 2044 aluntur

137 2069 176 2144 [et
186 2075 349 2141 crescunt].
369 2086 477 2129 rursus
490 2069 670 2129 animalia
682 2070 711 2128 in
724 2085 801 2143 quas
813 2067 934 2143 species
947 2074 1044 2128 seco?
1059 2074 1110 2127 aut

97 2167 128 2222 15
136 2153 276 2212 mortalia
291 2161 363 2213 sunt
377 2162 429 2213 aut
440 2152 619 2216 inmortalia.
654 2153 784 2212 Primum
800 2169 898 2228 genus
914 2150 1027 2212 Stoicis
1044 2151 1107 2225 qui-

136 2237 267 2296 busdam
293 2236 412 2297 videtur
438 2240 544 2313 quid:
575 2253 670 2312 quare
692 2237 847 2310 videatur,
868 2235 1032 2296 subiciam=
1061 2236 1110 2308 „in

136 2336 253 2392 rerum,
277 2321 430 2395 inquiunt,
458 2331 566 2383 natura
588 2322 740 2396 quaedam
762 2330 846 2395 sunt,
875 2319 1028 2396 quaedam
1049 2335 1110 2378 non

137 2412 216 2466 sunt.
240 2406 360 2465 ethaeo
375 2415 490 2480 autem,
514 2423 593 2482 quae
613 2423 672 2466 non
689 2414 773 2477 sunt,
796 2419 896 2465 rerum
912 2412 1022 2466 natura
1037 2419 1108 2463 con·

138 2488 292 2564 plectitur,
322 2507 401 2565 quae
430 2492 530 2551 anirno
553 2498 749 2560 succurrunt,
780 2498 933 2564 tamquam
960 2487 1110 2558 Centauri,

138 2575 282 2649 Gigantes
307 2582 337 2635 et
360 2576 508 2650 quicquid
533 2575 615 2635 aliud
642 2575 719 2634 salsa
741 2574 923 2647 cogitatione
951 2573 1111 2633 sarmatum

137 2659 250 2718 habere
271 2661 403 2733 aliquam
423 2660 584 2732 imaginem
607 2659 723 2734 coepit,
748 2674 889 2732 quamuis
914 2673 976 2717 non
1002 2656 1112 2715 habeat

97 2742 369 2810 lasubstantiam.“
408 2743 495 2802 Nunc
520 2743 560 2801 ad
584 2743 630 2816 id,
653 2741 738 2817 quod
762 2741 813 2802 tibi
839 2740 981 2816 promisi,
1009 2755 1111 2799 rever-

138 2835 200 2900 tor,
225 2827 417 2902 quomodo
436 2835 819 2901 quaecumquesunt,
843 2827 879 2884 in
896 2825 1111 2885 sexmodos

136 2912 244 2971 Plato
270 2910 477 2985 partiatur.
512 2909 759 2970 Primumillud
780 2909 1111 2985 quodestneovisu

138 3010 195 3054 nec
220 3000 302 3053 tactu
327 3009 384 3052 neo
410 2995 471 3054 ullo
497 3008 591 3054 sensu
615 2995 848 3069 oonprenditur=
872 2994 1035 3067 cogitabile
1056 2999 1112 3051 εει.

139 3078 224 3152 quod
249 3077 432 3150 generaliter
460 3086 521 3151 est,
554 3086 710 3152 tamquam
738 3079 829 3139 homo
855 3077 1024 3153 generalis,
1056 3076 1112 3137 sub

140 3161 247 3221 oculos
262 3177 322 3220 non
338 3161 429 3221 venit.
463 3163 520 3222 sed
539 3162 683 3236 specialis
696 3164 797 3237 uenit,
819 3171 850 3223 ut
863 3163 968 3222 Cicero
985 3169 1014 3221 et
1030 3161 1111 3220 Cato.

139 3244 249 3303 animal
278 3262 338 3305 non
363 3246 499 3306 videtur:
523 3247 680 3320 cogitatur.
719 3247 839 3308 videtur
864 3254 963 3307 autem
991 3245 1113 3320 species

98 3328 222 3400 Πείεε,
251 3345 350 3403 equus
376 3339 405 3390 et
433 3333 527 3390 canis.
571 3329 746 3390 Secundum
774 3347 812 3390 ex
839 3330 901 3405 his,
929 3336 1113 3406 quaesunt,

142 3412 228 3486 ponit
252 3411 336 3474 Plato
366 3415 469 3489 quod
501 3415 642 3474 eminet
672 3422 709 3474 ει
733 3421 953 3490 exsuperat
978 3414 1112 3473 omnia.

66 3540 72 3547 .
131 3495 207 3555 boc
224 3497 269 3557 ait
282 3500 769 3574 perexcellentiamesse
803 3505 1111 3574 utpoetaoommu·
