2422 3862
225 221 393 284 aprsrun.
408 224 503 286 nou.
517 225 587 285 utu.
602 226 683 287 xlv.
697 228 755 288 ur.
769 237 796 292 ε.
810 238 836 292 ι.
851 240 978 310 (uasa
1020 234 1082 300 ars

99 373 247 434 submittit
261 373 403 448 animum,
419 382 479 435 stat
490 384 596 436 contra
606 376 773 438 fortunam:
788 381 817 439 in
831 382 967 456 quolibet
979 400 1080 447 rerum

96 456 202 518 habitu
217 474 252 518 se
270 457 366 518 virtus
382 467 495 519 servat.
522 459 554 519 id
569 468 670 521 autem
684 479 778 522 unum
793 464 907 525 bonum
923 476 979 541 est,
997 471 1080 544 quod

96 557 262 616 numquam
280 542 468 617 defringitur.
494 544 525 602 ls
541 551 596 617 est,
612 545 748 620 inquam,
765 546 874 608 beatus
891 567 983 624 quem
998 554 1081 613 nulla

95 642 146 684 res
168 625 316 685 minorem
337 626 417 685 lacit.
448 632 531 687 tenet
551 643 670 688 summa
690 636 720 689 et
739 645 778 689 ne
799 631 853 692 ulli
877 633 999 708 quidem
1021 636 1080 696 nisi

96 709 154 769 sibi
167 716 215 769 est
229 708 362 770 innixus.
381 726 450 770 nam
467 709 520 784 qui
535 711 639 787 aliquo
651 713 765 773 auxilio
785 716 961 791 sustinetur,
977 726 1081 794 potest

96 794 216 853 cadere.
233 794 261 853 si
276 794 364 854 aliter
378 803 434 868 est,
451 794 597 869 incipient
611 797 736 858 muttum
751 798 783 857 in
797 800 887 860 nobis
900 802 1002 861 valere
1017 819 1079 862 non

95 886 210 939 nostra.
241 879 311 953 quis
322 888 424 939 autem
438 880 502 939 vult
516 886 659 940 constare
674 883 796 942 lonuna
810 891 862 944 aut
875 885 944 958 quis
960 902 995 946 se
1006 903 1079 961 pru-

95 963 172 1022 dens
188 963 228 1022 ob
244 962 344 1022 aliena
357 962 504 1023 miraturt
546 962 625 1036 Quid
646 973 693 1025 est
716 965 806 1026 beata
820 969 902 1029 vitat
930 970 1103 1043 securitasg

95 1054 124 1105 ct
137 1055 288 1121 perpetua
307 1045 518 1121 tranquillitas.
563 1046 643 1107 hanc
670 1048 754 1108 dabit
774 1051 866 1111 animi
888 1054 1077 1127 magnitudo.

96 1131 180 1191 dabit
195 1129 367 1190 constantia
385 1129 465 1189 bene
480 1131 603 1191 iudicati
618 1137 719 1191 tenax.
753 1135 805 1193 Ad
823 1133 900 1195 haec
921 1138 1077 1211 quomodo

95 1215 294 1290 pervenitur?
325 1216 352 1274 si
366 1214 479 1274 veritas
496 1222 558 1275 tota
577 1221 742 1290 perspecta
757 1225 814 1277 est.
831 1219 857 1277 si
874 1227 1015 1281 servatus
1031 1230 1079 1282 εει

94 1301 124 1358 in
144 1299 239 1359 rebus
256 1299 385 1373 agendis
400 1299 486 1373 ordo,
503 1299 630 1371 modus,
659 1300 768 1374 decor,
790 1301 917 1362 innoxia
935 1291 1077 1365 voluntas

93 1398 130 1442 ac
145 1383 292 1456 benigna,
308 1383 423 1443 intenta
437 1381 547 1442 rationi
562 1398 620 1442 nec
635 1400 780 1459 umquam
798 1385 836 1444 ab
851 1386 904 1445 illa
916 1389 1077 1461 secedens,

95 1465 233 1530 amabilis
249 1467 339 1526 simul
354 1466 573 1542 mirabilisque.
590 1466 725 1542 denique
746 1468 926 1528 utbreviter
940 1469 993 1530 tibi
1015 1472 1077 1530 lor-

94 1552 205 1609 mulam
221 1551 368 1622 scribam,
391 1550 484 1610 talis
508 1551 658 1610 animus
679 1566 769 1610 esse
790 1553 987 1626 sapientis
1003 1554 1076 1612 viri

94 1634 223 1708 debet,
241 1635 369 1708 qualis
385 1635 494 1693 deum
509 1635 664 1694 deceat.
688 1631 766 1706 Quid
781 1641 881 1710 potest
898 1636 1100 1700 desiderared

93 1719 129 1792 is,
145 1719 195 1778 oui
213 1718 315 1778 omnia
330 1717 460 1779 honesta
476 1717 675 1792 contiuguntl
692 1733 761 1776 nam
778 1718 804 1777 si
815 1727 949 1795 possunt
963 1720 1078 1794 aliquid

94 1819 156 1863 non
178 1802 310 1862 honesta
332 1803 472 1863 conferre
493 1799 695 1877 adoptimum
716 1808 841 1876 statum,
861 1801 894 1840 **
913 1804 944 1861 in
960 1803 1008 1862 his
1022 1805 1079 1865 erit

93 1887 188 1946 beata
200 1885 270 1960 vita,
286 1886 353 1946 sine
368 1886 479 1961 quibus
495 1900 556 1943 non
573 1891 629 1944 est.
645 1892 675 1944 ει
691 1883 765 1959 quid
780 1887 902 1947 stultius
917 1885 1078 1962 turpiusve

96 1986 189 2045 quam
204 1970 316 2030 bonum
331 1969 488 2030 rationalis
509 1968 601 2028 animi
621 1984 661 2028 ex
682 1967 914 2031 inrationalibus
932 1977 1077 2030 necteret

94 2055 331 2128 Quidamtamen
340 2052 874 2128 augerisummumbonumiuutcant
889 2055 960 2131 quia
968 2060 1099 2130 parum5

94 2141 219 2213 plenum
235 2139 274 2198 sit
289 2138 419 2199 fortuitis
436 2137 690 2212 repugnantibus.
713 2138 873 2213 Antipater
889 2154 1014 2215 quoque
1032 2138 1077 2197 in-

92 2231 139 2283 ter
154 2239 283 2297 magnos
302 2231 406 2283 sectae
418 2222 509 2282 huius
523 2228 666 2282 auctores
687 2221 804 2296 aliquid
826 2238 861 2282 se
881 2224 1016 2284 tribuere
1031 2223 1077 2282 di-

94 2307 133 2365 cit
150 2307 301 2379 externis,
317 2307 374 2365 sed
391 2306 536 2380 exiguum
553 2306 728 2367 admodum.
753 2306 841 2366 vides
854 2314 972 2380 autem,
987 2307 1077 2382 quale

93 2391 142 2464 sit,
160 2393 271 2451 solete
286 2406 348 2450 non
366 2399 439 2450 esse
451 2396 635 2464 contentum,
652 2388 711 2449 nisi
727 2389 838 2465 aliquis
854 2388 1007 2466 igniculus
1023 2389 1077 2449 ad-

93 2476 224 2536 luxerit't
259 2475 344 2549 quod
364 2481 467 2549 potest
486 2473 518 2532 in
534 2472 593 2533 hac
616 2474 751 2534 claritate
766 2475 842 2534 solis
860 2474 974 2534 habere
995 2473 1077 2531 scin-

93 2560 376 2620 tillamomentumt
398 2557 435 2617 Si
450 2573 522 2617 non
538 2572 580 2616 es
597 2555 904 2617 solahonestate
920 2561 1099 2619 conten-6

93 2652 169 2718 tus,
190 2658 357 2703 necesse
372 2649 431 2702 est
451 2648 516 2700 aut
532 2638 699 2714 quietem
721 2638 827 2698 adici
846 2640 963 2710 velis,
985 2653 1077 2714 quam

95 2719 275 2806 ἀοχλησίαν
291 2732 404 2786 vocant
420 2724 541 2795 Graeci,
572 2731 637 2782 aut
662 2722 918 2796 voluptatem:
943 2721 1077 2781 horum

95 2812 257 2873 alterum
274 2807 622 2884 utcumquereoipi
644 2812 787 2881 potest.
814 2812 905 2866 vacat
919 2807 999 2866 enim
1014 2806 1077 2866 ani-

96 2911 163 2955 mus
178 2894 320 2956 molestia
339 2893 415 2953 liber
429 2893 469 2951 ad
485 2893 656 2967 inspectum
679 2888 816 2951 universi
837 2890 974 2966 nihilque
994 2888 1078 2951 illum

96 2986 206 3039 avocat
220 2996 239 3038 a
254 2979 510 3053 contemplatione
537 2981 672 3037 naturae.
704 2975 863 3034 alterum
885 2975 998 3047 illud,
1019 2989 1078 3033 vo-

97 3065 248 3138 luptas,
266 3063 404 3122 bonum
428 3059 582 3134 pecoris
603 3064 665 3118 est.
701 3057 851 3118 adicimus
871 3057 1012 3119 rationali
1032 3058 1078 3117 in·

96 3149 258 3220 rationale,
279 3146 410 3207 honesto
431 3143 642 3213 inhonestum,
668 3156 778 3214 magno
804 3144 969 3218 wardiam,
990 3142 1081 3202 siud

96 3235 224 3303 beatam]
241 3230 333 3290 vitam
351 3230 421 3289 lacit
432 3227 559 3287 titillatio
573 3223 722 3301 corporis.
745 3223 823 3298 Quid
839 3241 912 3300 ergo
932 3223 1101 3294 dubitatis?

98 3317 202 3375 dicere
217 3315 296 3374 bene
312 3330 383 3373 esse
397 3309 528 3384 homini,
544 3310 571 3370 si
589 3311 690 3384 palato
706 3309 784 3370 bene
800 3316 868 3369 est‘t
900 3318 929 3369 ει
942 3309 1025 3372 hunc
1046 3317 1077 3369 tu

97 3417 159 3460 non
182 3400 251 3459 dico
268 3400 344 3457 inter
359 3397 443 3457 viros
458 3410 616 3468 numeras,
644 3393 701 3453 sed
720 3395 798 3455 inter
812 3393 969 3467 homines,
990 3394 1077 3454 cuius

98 3499 251 3544 summum
264 3482 380 3544 bonum
396 3478 560 3556 saporibus
578 3486 607 3539 et
623 3477 778 3540 coloribus
792 3495 830 3539 ac
842 3479 928 3600 sonis
941 3481 1080 3538 constat?
