2422 3862
266 223 436 284 EPISTUL.
452 222 546 284 MOR.
569 224 641 282 LlB.
654 223 704 283 Xl.
723 225 782 285 ΕΡ.
800 234 840 302 t(
878 235 899 301 .)
1004 229 1067 293 205

93 395 155 440 non
176 378 267 438 fidele
290 384 320 437 et
340 376 487 437 lusorium
508 376 561 436 fiat
576 392 759 452 concursus,
791 385 905 454 quanta
925 380 964 441 sit
987 383 1068 444 circa

94 471 175 524 artes
190 462 289 521 bonas
304 461 449 522 solitudo.
478 477 570 534 quam
584 461 833 522 inbecillianimo
848 466 922 539 sint,
938 481 1067 540 quorum

93 549 225 607 lacertos
238 546 444 620 humerosque
458 545 610 605 miramur.
632 545 709 605 lllud
724 546 856 607 maxime
867 549 993 610 revolvo
1005 557 1095 611 [ηε-3

93 647 177 692 cum:
194 631 221 689 si
237 645 351 705 corpus
371 629 498 704 perduci
512 628 730 690 exercitatione
743 631 782 690 ad
797 630 876 691 hanc
895 633 1067 707 patientiam

93 722 209 791 potest,
239 729 300 789 qua
315 721 344 774 et
360 729 480 788 pugnos
503 712 614 787 pariter
629 721 659 773 et
673 715 775 775 caloes
790 730 851 775 non
867 715 957 777 unius
972 717 1068 778 homi·

93 800 139 859 nis
155 799 246 871 terat,
265 813 327 872 qua
341 798 439 857 solem
454 797 698 857 ardentissimum
714 798 743 857 in
759 799 985 862 ferventissimo
1003 803 1068 876 pul·

93 898 166 942 vere
188 882 344 942 sustinens
362 881 474 956 aliquis
490 889 520 940 et
534 881 682 957 sanguiue
697 899 755 944 suo
770 883 899 946 madens
914 885 994 945 diem
1014 887 1068 947 du-

93 974 157 1027 cat=
181 973 297 1040 quanto
312 963 432 1025 lucilius
448 965 568 1026 animus
583 966 776 1027 corroborari
792 969 905 1043 possit,
925 977 958 1030 ut
974 970 1068 1031 lortu-

92 1066 151 1110 nae
166 1051 244 1110 ictus
260 1050 392 1110 invictus
408 1048 557 1123 excipiat,
578 1057 611 1110 ut
626 1049 796 1126 proiectus,
824 1062 858 1113 ut
868 1055 1068 1116 conculcatus

92 1141 260 1210 exsurgat?
284 1150 398 1208 corpus
414 1133 494 1194 enim
505 1134 605 1195 multis
620 1142 691 1209 eget
704 1136 811 1211 rebus,
826 1146 859 1197 ut
874 1139 988 1198 valeat:
1005 1139 1069 1199 ani·

92 1236 161 1279 mus
183 1235 224 1279 ex
246 1235 280 1278 se
302 1216 428 1292 crescit,
458 1233 493 1277 se
514 1215 583 1292 ipse
604 1218 670 1290 alit,
693 1234 729 1279 se
749 1230 882 1282 exercet.
913 1222 955 1282 illi
975 1223 1069 1285 multo

92 1302 177 1376 cibo,
192 1304 284 1363 multa
301 1302 425 1377 potione
440 1318 519 1377 opus
535 1311 596 1376 est,
609 1304 702 1365 multo
720 1305 805 1377 oleo,
828 1306 920 1382 longa
935 1306 1070 1382 denique

93 1404 204 1462 opera:
227 1385 282 1447 tibi
297 1386 452 1461 continget
466 1386 562 1446 virtus
577 1387 645 1447 sine
659 1387 824 1463 adparatu,
847 1388 915 1449 sine
929 1390 1069 1465 inpensa.

93 1471 241 1547 quicquid
263 1471 365 1530 lacere
385 1478 415 1531 te
437 1478 541 1546 potest
560 1472 689 1543 bonum,
712 1479 811 1533 tecum
831 1480 888 1533 est.
918 1473 997 1546 Quid
1017 1473 1100 1538 tibit

93 1572 174 1630 opus
192 1562 253 1629 est,
283 1562 317 1616 ut
338 1553 382 1615 sis
403 1555 526 1616 bonust
558 1557 648 1616 velle.
680 1555 754 1630 quid
770 1562 871 1616 autem
887 1557 996 1617 melius
1015 1574 1069 1633 po-

93 1647 139 1699 tes
157 1639 235 1699 velle
252 1655 343 1715 quam
358 1639 479 1713 eripere
495 1646 525 1699 te
535 1638 606 1699 huic
619 1638 766 1712 servituti,
780 1655 860 1715 quae
876 1656 985 1701 omnes
1001 1658 1069 1716 pre·

93 1725 161 1796 mit,
192 1739 283 1798 quam
300 1724 452 1797 mancipia
468 1740 593 1798 quoque
613 1723 804 1784 condicionis
822 1730 977 1785 extremae
995 1733 1026 1787 et
1040 1727 1069 1785 in

92 1807 140 1866 his
154 1807 300 1867 sordibus
314 1814 386 1867 nata
397 1809 478 1867 omni
491 1808 583 1868 modo
595 1823 709 1868 exuere
720 1814 891 1868 conantur?
918 1811 1071 1883 peculium

94 1909 199 1963 suum,
226 1891 310 1966 quod
328 1898 573 1967 conparaverunt
594 1898 699 1951 ventre
714 1892 870 1966 lraudato,
892 1909 948 1968 pro
971 1893 1071 1969 capite
1141 1950 1144 1955 .

93 1983 269 2036 numerant:
287 1984 319 2037 tu
336 1990 398 2035 non
419 1975 623 2052 concupisces
644 1976 881 2050 quanticumque
895 1977 936 2037 ad
950 1977 1069 2038 liberta-

93 2068 153 2120 tem
175 2060 351 2135 pervenire,
381 2060 432 2135 qui
455 2068 485 2121 te
505 2059 535 2120 in
550 2061 602 2120 illa
616 2068 707 2135 putas
720 2067 844 2122 natumt
877 2060 955 2136 Quid
970 2063 1008 2122 ad
1024 2065 1099 2121 ar·5

28 2182 30 2186 ,
95 2161 161 2204 cam
183 2152 266 2204 tuam
287 2144 440 2220 respiciet
467 2145 526 2204 emi
548 2160 609 2204 non
633 2151 744 2220 potest.
781 2143 884 2221 itaque
904 2147 934 2206 in
951 2147 1070 2208 tabulas

94 2244 205 2288 vanum
220 2227 369 2288 conicitur
381 2244 492 2288 nomen
508 2228 669 2299 libertatis,
686 2245 777 2304 quam
790 2245 847 2291 nec
860 2230 911 2306 qui
923 2239 1069 2304 emerunt,

94 2311 223 2385 habent,
246 2327 304 2372 nec
321 2312 373 2386 qui
388 2312 611 2374 vendiderunt:¹
633 2312 686 2374 tibi
708 2313 764 2374 des
781 2321 901 2390 oportet
917 2314 998 2376 istud
1015 2317 1069 2376 bo-

94 2413 181 2468 num,
204 2395 604 2470 supermemorato
625 2397 783 2472 primum
805 2406 904 2459 metu
920 2399 1070 2460 mortis=

95 2479 148 2537 illa
161 2478 250 2539 nobis
268 2480 372 2554 iugum
387 2479 513 2555 inponit.
538 2481 680 2541 deinde
695 2488 795 2543 metu
808 2481 1070 2557 paupertatis.

96 2561 129 2622 Si
144 2562 193 2622 vis
207 2563 302 2637 scire,
326 2580 417 2637 quam
432 2563 505 2623 nihil
520 2565 549 2624 in
565 2565 617 2625 illa
629 2565 699 2625 mali
714 2566 767 2638 sit,
794 2581 930 2641 conpara
944 2566 1023 2626 inter
1037 2573 1098 2628 set

95 2662 267 2722 pauperum
287 2655 317 2708 et
334 2646 461 2707 divitum
482 2649 599 2710 voltus:
626 2648 751 2723 saepius
767 2665 886 2724 pauper
904 2655 935 2708 et
949 2649 1071 2712 ildelius

95 2731 184 2790 ridet.
217 2733 302 2791 nulla
322 2730 496 2794 sollicitudo
516 2733 546 2792 in
568 2732 629 2794 alto
653 2739 709 2792 est.
738 2733 829 2793 etiam
843 2733 870 2793 si
886 2749 947 2807 qua
967 2734 1072 2796 incidit

95 2831 184 2887 cura,
210 2816 293 2877 velut
306 2816 406 2876 nubes
427 2816 505 2877 levis
518 2817 641 2878 transit:
662 2816 785 2892 horum,
813 2818 866 2893 qui
889 2817 995 2879 lelices
1018 2835 1071 2880 vo·

98 2907 217 2973 cantur,
230 2899 367 2961 hilaritas
381 2900 453 2961 licta
467 2908 515 2962 est
529 2908 580 2962 aut
594 2900 697 2976 gravis
712 2910 742 2963 et
756 2902 926 2977 subpurata
939 2900 1070 2978 tristitia,

95 2998 132 3044 eo
150 2983 274 3059 quidem
290 2985 426 3058 gravior,
457 2985 530 3061 quia
550 2985 701 3046 interdum
716 2987 863 3048 nonlicet
878 2988 979 3062 palam
998 3002 1070 3048 esse

94 3067 242 3140 miseros,
274 3067 331 3127 sed
352 3068 430 3129 inter
451 3085 613 3130 aerumnas
635 3086 689 3130 cor
710 3071 811 3146 ipsum
828 3071 996 3132 exedentes
1016 3087 1068 3131 ne-

95 3148 185 3211 ces'se
199 3158 248 3211 est
261 3166 353 3226 agere
366 3152 494 3212 felicem.
521 3151 653 3229 Saepius
669 3152 728 3214 hoc
742 3155 884 3230 exemplo
896 3154 969 3215 mihi
983 3162 1069 3216 uten·
1081 3164 1095 3219 7

95 3236 167 3296 dum
191 3241 254 3309 est,
283 3251 341 3296 nec
361 3235 441 3296 enim
461 3238 523 3297 ullo
539 3238 701 3301 efficacius
711 3238 889 3314 exprimitur
902 3237 952 3300 hic
966 3239 1071 3300 huma·

96 3334 153 3378 nae
167 3319 250 3379 vitae
264 3319 390 3396 mimus,
420 3320 473 3396 qui
491 3321 581 3382 nobis
596 3328 716 3397 partes,
746 3338 824 3398 quas
839 3324 918 3383 male
932 3338 1070 3398 agamus,

95 3400 252 3479 adsignat:
275 3402 340 3480 ille,
365 3402 417 3479 qui
432 3402 462 3464 in
478 3420 572 3466 scena
586 3407 666 3467 latus
681 3405 794 3467 incedit
814 3414 845 3467 et
858 3406 935 3467 lraec
949 3408 1069 3479 resupi-

96 3501 153 3547 nus
170 3485 255 3547 dicit=
