2422 3862
275 210 446 272 EPISTUL.
461 211 554 274 llos.
577 213 648 272 LIB.
664 214 699 272 ll.
720 212 777 271 ΕΡ.
790 221 814 274 l.
836 217 908 287 (1³.)
1029 211 1069 277 27

97 364 172 425 enim
187 364 257 424 sine
269 362 404 436 ratione,
420 364 450 424 hi
467 366 534 426 sine
548 372 649 426 mente
662 372 743 427 sunt.
761 365 954 440 Inquiramus
969 367 1071 443 ltaque
1082 375 1112 428 lo

96 448 122 509 in
145 464 212 508 rem
238 449 408 523 diligenter.
440 450 603 511 verisimile
629 459 676 511 est
696 449 810 524 aliquid
832 451 963 509 loturum
983 453 1069 511 mali:

96 549 151 594 non
168 532 272 592 statim
289 547 398 592 verum
408 542 465 594 est.
495 550 586 609 quam
600 535 694 594 multa
707 549 767 593 non
783 542 963 609 exspectata
978 550 1070 595 vene·

95 624 175 678 runt!
204 631 298 691 quam
318 617 411 676 mulla
432 625 611 693 exspectata
636 633 801 692 numquam
828 626 1070 693 cooperuerunt!

95 699 218 762 Etiamsi
234 702 439 776 futurumst,
456 702 529 778 quid
541 703 624 763 iuvat
638 701 737 762 dolori
752 718 809 762 suo
826 708 1009 763 occurreret
1023 718 1071 762 sa-

96 787 132 846 tis
156 785 219 846 cito
241 784 377 859 dolebiS,
399 800 468 847 curn
491 786 620 847 venerit:
654 785 772 846 interim
792 784 845 845 tibi
859 787 987 847 meliora
1001 802 1071 862 pro·

96 869 184 930 mitte.
229 869 309 943 Quid
338 869 432 931 iacies
460 871 558 932 luerit
585 879 720 948 tempus=
743 872 838 932 multa
863 871 1072 944 intervenient,
1082 891 1110 943 tl

96 954 204 1030 quibus
227 954 362 1014 vicinum
383 956 575 1035 [periculum]
594 963 623 1017 el
643 971 742 1031 prope
763 957 916 1016 admotum
933 963 984 1017 aut
1000 956 1071 1016 sub-

95 1041 180 1099 sistat
200 1045 255 1099 aut
276 1038 397 1099 desinat
416 1046 468 1100 aul
487 1041 517 1099 in
538 1042 670 1101 alienum
691 1046 784 1114 eaput
797 1047 947 1101 transealr
970 1042 1068 1101 incen·

94 1123 175 1184 dium
190 1123 231 1182 ad
246 1123 349 1198 lugam
366 1124 470 1198 patuit
499 1125 650 1199 quosdam
670 1125 800 1185 molliter
814 1124 903 1185 ruina
917 1125 1070 1200 deposuit.

94 1206 261 1282 aliquando
284 1206 406 1282 gladius
421 1208 459 1267 ab
476 1209 545 1284 ipsa
563 1209 683 1268 cervice
698 1215 861 1269 revocatus
875 1217 931 1269 est.
960 1209 1071 1295 aliquis

93 1291 230 1351 carnifici
253 1306 311 1352 suo
334 1301 494 1366 superstes
515 1294 578 1353 luit.
617 1293 716 1354 Habet
735 1294 825 1352 etiam
846 1294 926 1353 mala
951 1295 1072 1354 lortuna

92 1376 255 1436 levitatem.
291 1377 423 1436 satiasse
443 1377 513 1445 erit,
536 1377 668 1437 fortasse
692 1393 752 1437 non
774 1377 845 1437 erit:
874 1375 992 1437 interim
1010 1394 1070 1438 non

93 1466 147 1520 est
170 1457 300 1520 meliora
315 1475 466 1535 propone.
495 1461 728 1536 Nonnumquam
745 1461 837 1521 nullis
853 1462 1072 1537 adparentibus
1081 1479 1114 1531 η

94 1544 206 1619 signis,
224 1559 306 1618 quae
320 1544 392 1603 mali
408 1543 522 1619 aliquid
539 1547 747 1619 pronuntient,
769 1545 888 1604 animus
904 1545 962 1604 sibi
977 1545 1071 1605 falsas

93 1629 242 1703 imagines
258 1627 361 1703 flagita
385 1635 437 1688 aut
456 1627 583 1689 verbum
602 1629 728 1706 aliquod
749 1627 861 1688 dubiae
876 1628 1063 1703 significatio·

93 1711 140 1772 nis
156 1713 322 1787 detorquet
335 1709 365 1771 in
380 1713 469 1787 peius
485 1721 536 1773 aut
550 1713 694 1773 maiorem
715 1712 772 1773 sibi
791 1711 941 1772 offensam
958 1727 1071 1786 propo·

93 1796 135 1856 nit
148 1794 281 1856 alicuius
297 1811 387 1871 quarn
403 1803 465 1869 est,
488 1804 518 1856 et
538 1798 651 1872 cogitat
664 1812 725 1856 non
742 1810 833 1870 quam
849 1795 944 1855 iratus
960 1795 1009 1854 ille
1024 1795 1071 1865 sit,

95 1882 149 1941 sed
173 1886 323 1954 quantum
343 1880 432 1940 liceat
453 1877 539 1941 irato.
573 1880 656 1941 nulla
675 1886 776 1940 autem
799 1894 893 1938 causa
913 1879 993 1938 vitae
1015 1887 1071 1951 cst,

94 1965 194 2025 nullus
217 1963 409 2024 miseriarum
429 1965 556 2039 modus,
579 1964 605 2023 si
630 1964 769 2024 timeatur
790 1969 937 2037 quantum
953 1970 1070 2038 potest:

93 2047 141 2108 hic
158 2048 324 2124 prudentia
339 2048 452 2123 prosit,
467 2048 640 2108 hieroboae
655 2047 745 2106 animi
761 2047 932 2108 evidentem
948 2063 1072 2123 quoque

94 2140 205 2193 metum
227 2147 361 2207 respue:
386 2133 412 2192 si
435 2132 548 2207 minus,
571 2133 644 2192 vilio
666 2130 771 2191 vitium
786 2132 917 2207 repelle:
938 2147 995 2207 spe
1009 2147 1064 2192 me·
1138 2130 1141 2136 ’

94 2225 155 2277 lum
175 2222 325 2291 tempera.
358 2216 430 2276 nihil
452 2221 513 2276 tam
528 2224 643 2278 certum
658 2223 759 2276 estex
776 2214 838 2289 his,
862 2232 941 2293 quae
966 2215 1071 2277 timen

93 2310 156 2376 tur,
176 2309 287 2361 utnon
305 2299 417 2361 certius
432 2301 473 2361 sit
487 2307 517 2361 et
532 2300 695 2362 formidata
716 2300 878 2360 subsidere
899 2308 930 2360 et
949 2309 1072 2376 sperata

93 2385 250 2460 decipere.
269 2383 351 2459 Ergo
366 2400 454 2460 spem
470 2400 506 2444 ac
520 2392 634 2446 metum
648 2383 804 2457 examina,
821 2393 853 2445 et
869 2383 1013 2460 quotiens
1028 2383 1072 2444 in·
1082 2390 1115 2445 13

92 2477 176 2530 certa
190 2474 282 2528 erunt
296 2469 411 2542 omnia,
429 2468 481 2528 tibi
499 2469 582 2529 lave:
607 2470 698 2529 crede
711 2469 794 2544 quod
807 2468 914 2529 mavis.
929 2468 956 2528 si
968 2470 1072 2543 plures

96 2550 191 2612 habes
206 2552 377 2613 sententias
390 2558 506 2626 melus,
529 2551 725 2614 nihilominus
741 2553 770 2612 in
788 2552 868 2613 hanc
884 2560 1002 2627 partem
1018 2567 1072 2626 po-

94 2636 152 2698 tius
174 2636 290 2696 inclina
309 2644 340 2697 el
364 2637 543 2711 perturbare
562 2645 593 2698 te
614 2637 730 2711 desine,
755 2652 791 2696 ac
812 2634 943 2697 subinde
961 2634 1022 2695 hoc
1042 2636 1071 2695 in

95 2720 195 2782 animo
219 2721 325 2796 volve,
347 2720 492 2781 maiorem
514 2729 629 2796 partem
648 2719 834 2794 mortalium,
862 2736 930 2780 cum
952 2719 994 2779 illi
1015 2734 1073 2780 nec

94 2805 131 2866 sil
148 2805 317 2880 quiequam
331 2804 403 2864 mali
418 2821 475 2865 nec
489 2821 546 2880 pro
561 2813 645 2866 certo
658 2807 790 2867 tutorum
808 2804 862 2878 sit,
879 2811 1019 2865 aestuare
1036 2819 1072 2864 ac

87 2888 279 2951 discurrere.
307 2905 398 2949 nemo
414 2890 493 2950 enim
515 2888 630 2950 resistit
650 2891 722 2962 sibi,
748 2904 815 2951 cum
836 2889 938 2963 coepit
958 2886 1072 2963 inpelli,

95 2988 149 3033 nec
163 2973 305 3036 timorem
321 2990 410 3033 suum
426 2973 537 3048 redigit
549 2974 589 3034 ad
605 2991 720 3035 verum.
741 2988 830 3035 nemo
846 2973 933 3033 dicit=
953 2988 1073 3044 „vanus

52 3091 56 3097 -
95 3065 199 3119 auctor
214 3065 272 3117 est.
292 3057 370 3118 lraec
391 3065 442 3118 aut
462 3058 550 3118 linxit
569 3067 620 3119 aut
640 3057 798 3118 credidit.“
825 3059 934 3118 damus
950 3072 1008 3116 nos
1030 3058 1077 3115 ret

96 3141 250 3203 lerendos.
280 3142 517 3217 expavescimus
532 3142 624 3202 dubia
640 3159 695 3217 pro
711 3143 813 3203 certis.
835 3157 896 3202 non
913 3156 1073 3202 servamus

95 3227 214 3288 modum
232 3241 346 3287 rerum.
369 3226 468 3287 statim
482 3227 513 3286 in
527 3228 665 3287 timorem
684 3227 766 3287 venit
783 3227 957 3300 scrupulus.
979 3223 1115 3284 Pudetll

95 3325 139 3370 me
159 3310 202 3371 ibi
225 3309 272 3370 sic
294 3319 395 3372 tecum
416 3310 500 3386 loqui
523 3317 553 3370 el
566 3318 627 3371 tam
644 3309 764 3370 lenibus
779 3317 809 3370 le
825 3308 969 3369 remediis
987 3308 1072 3368 locit-

96 3392 162 3455 lnre.
184 3395 375 3455 aliusdical:
398 3396 603 3456 tortassenon
617 3395 725 3454 veniet.
748 3401 780 3454 tu
793 3394 858 3453 dic:
883 3393 955 3468 quid
972 3407 1078 3467 porro,

96 3477 118 3536 si
135 3481 258 3541 veniet?
286 3479 457 3540 videbimus
473 3486 540 3540 oter
554 3482 664 3541 vincat.
694 3480 830 3544 tortasse
849 3492 980 3559 prome
994 3473 1097 3534 uenit.
