2422 3862
216 217 388 281 aristot.
402 218 497 281 Mes.
517 221 650 283 Limlx.
672 223 730 283 ΕΡ.
742 233 806 287 23.
828 235 885 301 (73.
897 235 955 300 te.)
1013 228 1074 294 175

93 373 151 434 bus
176 387 236 448 par
259 371 387 432 scientia
410 373 538 448 regendi
562 374 800 448 gubernaculum
826 388 889 451 est,
919 382 1072 443 meliorem

94 455 227 530 dixeris,
248 456 299 516 cui
319 456 418 517 maius
438 458 676 535 speciosiusque
697 461 850 537 navigium
870 472 927 524 est
961 466 1115 540 iupiterre

93 558 156 617 quo
178 540 333 601 antecedit
351 542 448 600 virum
464 541 601 602 bonum?
620 543 734 605 diutius
749 547 849 607 bonus
863 555 926 608 est:
948 550 1073 625 sapiens

93 625 187 687 nihilo
202 640 239 687 se
249 625 377 686 minoris
391 623 545 698 aestimat,
568 628 653 703 quod
667 628 794 691 virtutes
809 632 877 692 eius
893 634 992 707 spatio
1005 634 1072 693 bre-

94 713 179 772 viore
194 709 365 771 cluduntur.
399 707 660 783 Quemadmodum
683 729 722 772 ex
746 714 867 776 duobus
883 717 1073 791 sapientibus

94 795 145 872 qui
161 795 268 856 senior
282 793 432 868 decessit,
457 811 517 856 non
533 803 582 856 est
593 794 710 858 beatior
724 813 777 871 eo,
800 800 888 860 cuius
911 801 988 861 intra
999 818 1073 877 pau-

93 880 196 942 ciores
218 893 320 940 annos
340 879 499 940 terminata
520 880 617 940 virtus
641 890 704 942 est=
730 883 776 942 sic
797 883 876 945 deus
896 901 956 946 non
980 886 1073 946 vincit

94 963 264 1041 sapientem
279 963 438 1035 felicitate,
454 962 574 1024 etiamsi
588 964 683 1026 vincit
694 973 802 1027 aetate.
830 968 897 1029 Non
914 976 962 1031 εει
977 970 1072 1032 virtus

93 1049 204 1122 maior,
227 1063 307 1123 quae
328 1047 457 1122 longior.
494 1049 610 1123 iupiter
629 1049 731 1110 omnia
752 1050 857 1126 babet,
885 1054 941 1115 sed
965 1065 1117 1131 nempelt

94 1132 161 1194 aliis
178 1132 306 1195 tradidit
321 1130 479 1193 habenda:
503 1133 543 1193 ad
563 1131 665 1208 ipsum
680 1133 730 1194 bic
745 1151 825 1198 unus
841 1154 919 1198 usus
934 1139 1073 1214 pertinet,

94 1218 176 1294 quod
189 1217 295 1279 utendi
307 1216 448 1277 omnibus
461 1232 556 1278 causa
571 1225 632 1278 est:
648 1219 774 1293 sapiens
785 1228 846 1281 tam
858 1237 959 1297 aequo
971 1224 1073 1284 animo

92 1303 195 1364 omnia
219 1300 303 1377 apud
332 1302 411 1361 alios
436 1301 520 1362 videt
546 1303 773 1380 contemnitque
794 1321 886 1381 quarn
908 1307 1023 1382 iupiter
1043 1315 1074 1368 et

92 1387 151 1449 hoc
166 1403 203 1448 εε
216 1384 315 1461 magis
330 1385 473 1462 suspicit,
498 1387 581 1462 quod
602 1387 717 1463 iupiter
735 1389 778 1450 uti
798 1389 858 1450 iliis
883 1407 943 1451 non
961 1399 1072 1467 potest,

93 1473 220 1548 sapiens
242 1488 303 1532 non
331 1472 406 1531 vult.
444 1470 611 1533 Credamus
634 1473 737 1549 itaque
759 1471 866 1534 Sextio
893 1475 1115 1536 monstrantila

93 1557 329 1634 pulcherrimum
345 1556 401 1616 iter
416 1563 446 1615 ει
461 1556 617 1616 clamanti:

423 1641 501 1714 „boc
516 1643 577 1701 itur
589 1641 633 1701 ud
645 1648 745 1701 astra:

92 1727 150 1788 hac
176 1726 346 1788 secundum
376 1725 594 1800 frugalitatem,
625 1725 684 1785 hac
709 1725 879 1786 secundum
902 1732 1073 1800 temperan-

93 1811 180 1886 tiam,
207 1811 267 1871 hac
287 1811 455 1872 secundum
479 1809 715 1870 fortitudinem.“
755 1809 820 1869 Non
843 1817 915 1870 sunt
934 1809 965 1870 di
989 1808 1072 1870 iasti-

94 1897 190 1970 diosi,
216 1913 278 1957 noo
300 1895 410 1955 invidi:
437 1893 599 1954 admittunt
618 1900 648 1954 ει
670 1894 930 1955 adscendentibus
952 1909 1072 1954 manum

93 1981 264 2058 porrigunt.
297 1978 417 2041 Miraris
439 1979 592 2040 hominem
613 1978 652 2038 ad
673 1978 751 2040 deos
773 1979 839 2038 iret
866 1978 945 2039 deus
960 1978 1001 2038 ad
1018 1977 1072 2040 ho·
1082 1989 1115 2044 16

94 2068 192 2128 mines
208 2066 304 2140 venit,
319 2065 425 2137 immo,
450 2064 534 2139 quod
549 2071 596 2124 est
610 2064 756 2139 propius,
774 2063 804 2123 in
820 2061 961 2125 homines
977 2063 1072 2124 veuit:

95 2153 200 2212 nulla
220 2150 305 2211 sine
327 2150 398 2210 deo
420 2163 525 2209 mens
545 2148 726 2210 bonaest.
757 2148 920 2209 seminain
936 2149 1072 2223 corpori·

94 2237 152 2298 bus
169 2236 311 2296 humanis
327 2234 431 2295 divina
451 2232 595 2309 dispersa
611 2241 696 2307 sunt,
719 2233 839 2308 quaesi
855 2232 957 2294 bonus
975 2235 1074 2294 cultor

94 2320 224 2397 excipit,
247 2319 357 2381 similia
372 2316 482 2393 origini
502 2319 656 2394 prodeunt
668 2327 699 2380 et
711 2319 797 2393 paria
811 2317 877 2392 his,
899 2336 938 2379 ex
961 2318 1073 2394 quibus

95 2414 161 2468 orta
175 2412 262 2478 sunt,
277 2411 419 2480 surgunt:
437 2400 463 2462 si
476 2406 589 2477 malus,
605 2420 666 2464 non
683 2403 770 2464 aliter
782 2418 874 2479 quam
885 2402 997 2463 humus
1012 2408 1073 2462 ste·

93 2490 158 2552 rilis
181 2507 217 2551 ac
239 2490 384 2566 palustris
406 2496 496 2549 necat
517 2504 554 2548 ac
574 2488 686 2548 deinde
702 2495 787 2548 creat
801 2492 1001 2563 purgamenta
1017 2500 1074 2559 pro

95 2575 243 2652 frugibus.
271 2576 358 2636 Vale.

395 2710 613 2769 EPISTULA
634 2711 679 2767 ΙΙΙ.
709 2710 782 2782 (74.)

350 2807 460 2860 Surisca
480 2809 592 2860 Lucruro
613 2819 665 2858 suo
683 2818 824 2858 sundran.

155 2913 299 2989 Epistula
323 2920 375 2974 tua
403 2911 567 2972 delectavit
591 2920 692 2974 meet
717 2918 901 2973 marcentem
923 2906 1104 2980 excitavitl

94 2999 271 3060 memoriam
289 3012 414 3074 quoque
429 3013 543 3069 meam,
560 3013 640 3073 quae
657 2999 717 3057 iam
735 2996 806 3056 mihi
822 2995 927 3071 segnis
943 3009 981 3055 ac
995 2995 1078 3052 lenta

94 3091 151 3158 est,
165 3083 316 3145 evocavit.
332 3081 442 3157 Quidni
454 3088 495 3154 tu,
505 3082 545 3140 mi
555 3081 660 3156 Lucili,
675 3082 879 3141 maximum
893 3086 1005 3155 putes
1018 3076 1076 3137 in·

94 3175 349 3232 strumentum
372 3167 510 3227 beatae
527 3166 742 3229 vitaelranc
760 3164 1077 3241 persuasionem,

95 3271 205 3314 unum
233 3253 373 3314 bonum
400 3267 505 3324 esse,
538 3252 642 3326 quod
669 3251 875 3311 honestum
899 3255 979 3309 εειι
1008 3264 1078 3308 narn

97 3339 147 3415 qui
164 3339 223 3399 alia
237 3337 319 3398 bona
333 3336 462 3409 iudicat,
479 3336 509 3396 in
525 3336 667 3396 fortunae
681 3333 765 3396 venit
776 3340 973 3410 potestatem,
989 3332 1078 3392 alieni

96 3422 210 3483 arbitrii
224 3423 272 3483 lit:
293 3421 346 3498 qui
369 3437 460 3484 omne
476 3421 591 3481 bonum
607 3421 739 3482 honesto
755 3418 1008 3492 circumscripsit,
1034 3417 1078 3476 in-

99 3514 143 3586 tra
158 3523 193 3568 se
207 3507 281 3567 iclix
295 3516 351 3569 est.
388 3505 446 3568 Hic
471 3505 599 3570 amissis
621 3503 731 3570 liberis
750 3500 991 3575 moestus,iiic
1008 3497 1133 3557 sotii-<i
