2422 3862
244 229 414 292 EPISTUL.
436 228 530 290 molt.
554 230 625 290 LlB.
644 232 723 291 vlit.
744 231 800 290 ΕΡ.
815 240 840 293 i.
853 239 925 304 (71.)
1010 233 1070 296 165

98 396 161 448 erat
174 386 218 446 illi
234 386 331 457 bono,
354 399 415 460 quo
430 384 529 444 victor
549 384 661 444 rediret
680 384 710 442 ln
731 385 858 459 patriam
873 392 903 444 et
916 401 1068 461 conpone·

97 480 142 533 ret
156 476 288 547 pacemt
308 468 417 542 Quidni
437 483 493 543 par
512 468 575 528 siti
596 469 704 528 eadem
724 467 805 528 enim
821 469 931 529 virtute
946 476 976 529 et
992 472 1071 531 mala

97 557 220 616 iortuna
232 553 364 613 vincitur
380 560 410 613 et
424 551 581 612 ordinatur
594 552 684 617 bona·
710 552 806 612 virtus
818 560 917 613 autem
930 570 990 614 non
1003 562 1069 628 pot·

96 648 143 701 est
167 637 267 699 maior
287 644 339 697 aut
360 634 460 697 minor
483 634 564 696 uem
587 637 677 696 unius
693 642 827 696 staturae
846 643 901 696 est.
939 637 1001 698 Sed
1017 637 1099 697 Cns

95 721 260 798 Pompeius
275 721 388 781 amittet
403 718 585 794 exercitum,
600 719 657 780 sed
674 719 748 780 illud
764 720 998 795 pulcherrimum
1012 721 1069 781 rei-

97 807 239 883 publicae
264 811 470 880 praetextum,
495 803 673 878 optimates,
700 811 733 863 ot
757 803 854 880 prima
877 803 961 866 acies
981 805 1068 867 Pom-

98 892 276 968 peianarum
302 889 446 964 partium,
468 894 593 948 senatus
620 889 721 947 lerens
740 904 840 961 arma,
863 906 924 950 uno
953 890 1069 965 proelio

98 974 340 1051 profligabuntur
353 980 454 1033 ettam
475 972 574 1047 magni
589 970 676 1031 ruina
691 972 811 1047 imperii
822 972 852 1032 in
868 979 963 1035 totum
980 975 1069 1034 dissi-

98 1060 147 1120 liet
170 1057 292 1119 orbem=
324 1055 427 1132 aliquo
452 1072 526 1132 pars
558 1056 625 1117 eius
656 1054 686 1114 in
713 1058 873 1134 Aegypto,
905 1058 1008 1134 aliqua
1038 1059 1069 1117 in

97 1142 214 1216 Africa,
236 1142 339 1216 aliqua
353 1140 383 1200 in
397 1139 544 1217 Hispania
560 1140 658 1199 cadet.
680 1155 719 1199 ne
734 1139 791 1201 boc
805 1141 927 1216 quidem
938 1143 1069 1203 miserae

98 1225 284 1304 -eipublioae
310 1226 479 1299 continget,
503 1227 597 1284 semel
622 1240 719 1285 more.
753 1223 860 1285 Omnia
884 1226 954 1287 lieet
978 1226 1111 1292 flantrlo

97 1310 201 1371 iubam
220 1309 253 1369 in
274 1325 370 1384 regno
391 1325 448 1370 suo
473 1325 534 1370 non
560 1311 696 1369 locorum
721 1310 826 1370 notitia
845 1309 982 1381 adiuvet,
1006 1327 1068 1371 non

99 1392 291 1471 popularium
310 1409 364 1468 pro
385 1406 457 1468 rege
479 1409 536 1453 suo
558 1393 653 1454 virtus
672 1393 925 1464 obstinatissima,
946 1393 1068 1454 Uticen-

98 1480 172 1539 sium
191 1492 317 1553 quoque
332 1477 410 1538 ildes
435 1476 522 1537 malis
543 1477 639 1537 fracta
658 1477 780 1537 deficiat
801 1484 831 1536 et
844 1475 1020 1551 Scipionem
1038 1479 1068 1537 in

96 1562 199 1622 Africa
214 1560 345 1623 nominis
368 1561 415 1621 sui
433 1562 553 1622 iortuna
568 1561 725 1621 destituat:
746 1561 817 1620 olim
839 1560 995 1635 provisum
1011 1569 1067 1635 est,

96 1645 230 1721 nequid
252 1645 325 1706 Cato
347 1646 515 1705 detrimenti
538 1650 671 1720 caperet.
715 1644 842 1717 „Victus
867 1650 914 1702 est
938 1649 1108 1707 tamen.“ll

97 1731 131 1790 Et
144 1730 205 1790 hoc
220 1744 347 1790 numera
361 1727 439 1789 inter
453 1731 593 1803 repulsas
604 1726 742 1788 Catonis:
764 1735 824 1788 tam
839 1742 950 1801 magno
966 1726 1067 1789 animo

97 1815 173 1874 leret
193 1813 309 1889 aliquid
332 1813 390 1873 sibi
411 1813 451 1872 ad
473 1812 630 1872 victoriam
652 1827 744 1886 quam
766 1811 805 1870 ad
825 1817 997 1886 praeturam
1013 1812 1066 1871 ob-

97 1898 221 1958 stitisse.
266 1897 331 1971 Quo
349 1896 399 1956 dio
413 1898 557 1972 repulsus
572 1904 634 1966 est,
658 1896 738 1956 lusit.
774 1911 835 1971 qua
848 1902 938 1955 nocte
955 1895 1065 1970 peritu-

96 1997 180 2042 rurus
197 1981 267 2053 luit,
287 1981 373 2056 legit=
396 1980 506 2042 eodem
522 1980 590 2043 loco
607 1978 712 2040 babuit
734 1987 875 2055 praetura
894 1988 924 2039 et
940 1980 1001 2039 vita
1014 1995 1066 2039 ex·

97 2067 213 2126 cidere=
236 2065 351 2137 omnia,
376 2080 456 2140 quae
478 2064 665 2136 acciderent,
694 2064 821 2124 serenda
846 2079 918 2124 esse
940 2079 1066 2139 persua-

96 2159 176 2210 serat
197 2149 266 2209 sibi.
310 2147 421 2223 Quidni
442 2150 491 2208 ille
514 2148 711 2209 mutationem
736 2148 923 2223 reipublicae
944 2149 1012 2209 lorti
1038 2155 1109 2212 elli

96 2249 196 2310 aequo
213 2240 367 2309 pateretur
389 2233 512 2293 auimol
543 2232 615 2308 quid
636 2233 716 2293 enim
737 2233 911 2294 mutationis
928 2233 1065 2308 periculo

95 2323 279 2394 exceptum?
306 2332 367 2378 non
384 2325 478 2390 terra,
501 2332 560 2377 nou
577 2318 711 2391 coelum,
728 2333 788 2377 non
803 2325 886 2380 totus
901 2317 950 2376 bic
965 2333 1066 2378 rerum

94 2400 228 2462 omnium
255 2409 426 2476 contextus,
451 2402 590 2476 quamvls
615 2402 674 2462 deo
700 2408 809 2477 agente
834 2402 972 2462 ducatur.
1004 2417 1065 2461 non

95 2501 218 2563 semper
238 2486 352 2546 tenebit
371 2485 452 2546 hunc
472 2486 624 2558 ordinem,
649 2486 704 2545 sed
725 2487 807 2546 illum
829 2501 866 2545 ex
887 2484 947 2544 hoc
972 2498 1065 2545 cursu

95 2570 204 2645 aliquis
220 2570 287 2630 dies
302 2570 422 2630 deiciet.
443 2569 538 2630 certis
550 2577 622 2630 eunt
634 2576 743 2629 cuncta
757 2569 962 2644 temporibus:
978 2566 1064 2628 nasci
1072 2573 1105 2628 13

94 2654 220 2727 debent,
243 2668 398 2726 crescere,
414 2654 576 2729 exstingui.
612 2668 824 2728 quaecumque
841 2667 936 2728 supra
949 2667 1007 2713 nos
1021 2652 1065 2711 vi·

94 2738 149 2798 des
167 2752 305 2812 currere,
327 2744 357 2798 et
376 2737 468 2811 haec,
492 2738 601 2814 quibus
622 2737 738 2799 inmixti
757 2744 849 2812 atque
871 2734 997 2813 inpositi
1014 2752 1065 2800 su-

93 2838 159 2882 mus
174 2822 267 2883 veluti
283 2821 492 2897 solidissimis,
511 2831 673 2898 carpentur
685 2838 722 2882 ac
737 2823 887 2883 desinent·
915 2819 989 2882 nulii
1002 2837 1065 2882 non

94 2914 237 2968 senectus
253 2921 310 2967 sua
324 2914 386 2967 estr
408 2907 621 2981 inaequalibus
635 2906 694 2968 ista
708 2905 816 2982 spatiis
832 2907 942 2968 eodem
958 2913 1065 2966 natura

91 2988 222 3052 dimittit.
255 2990 401 3066 quicquid
414 2998 477 3064 est,
501 2993 651 3053 nouerit:
674 3007 731 3051 nec
750 2990 873 3067 peribit,
896 2992 953 3052 sed
966 2991 1063 3051 resol-

91 3082 188 3135 vetur.
232 3074 327 3136 Nobis
340 3074 418 3135 solvi
440 3075 539 3151 perire
559 3083 615 3136 est.
651 3077 790 3151 proxima
803 3076 884 3135 enim
901 3074 1107 3146 intuemur=14

93 3158 131 3217 ad
150 3160 296 3221 ulteriora
317 3176 377 3221 non
401 3159 549 3235 prospicit
568 3174 655 3220 mens
676 3159 772 3220 babes
792 3169 822 3221 et
844 3176 923 3235 quae
947 3175 982 3219 se
998 3174 1063 3219 cor·

92 3242 159 3316 pori
177 3243 310 3304 addixit=
333 3245 467 3318 alioquin
489 3242 596 3305 fortius
618 3244 709 3304 linem
732 3245 779 3303 sui
806 3258 994 3319 suorumque
1009 3259 1063 3317 pa·

92 3332 221 3401 teretur,
244 3329 270 3387 si
286 3335 439 3403 speraret,
462 3329 515 3406 [rit]
531 3328 632 3388 omnia
648 3327 713 3400 illa,
743 3329 789 3388 sic
809 3329 902 3388 vitam
923 3334 1064 3388 mortem-

92 3426 152 3484 que
172 3412 333 3486 pervices
354 3412 398 3472 ire
418 3418 448 3472 et
469 3412 629 3488 conposita
649 3411 792 3484 dissolvi,
826 3412 978 3472 dissoluta
991 3424 1063 3471 con·

91 3493 177 3566 poni,
200 3494 231 3554 in
249 3496 310 3555 boc
330 3511 425 3572 opere
445 3503 603 3558 aeternam
621 3503 718 3559 artem
740 3503 856 3559 cuncta
870 3491 1082 3568 temperamus
