2422 3862
168 213 230 277 4⁷0
332 219 363 274 t.
377 215 550 274 ANNAEUS
569 215 711 275 SENECA
732 214 977 276 GORDUBENSIS

139 372 198 435 'lin
213 377 300 427 morte
322 370 462 426 neminem
477 368 596 438 tallere]
628 368 780 441 Opinioues
796 375 860 425 tuae
880 369 984 426 iudicia
1000 369 1068 426 sint.
1097 388 1146 428 co·

169 456 319 528 gitationes
338 469 428 525 uagas
450 454 489 521 [et
503 453 626 521 inutiles]
644 458 672 507 et
686 455 763 508 velut
778 454 886 508 somnio
903 454 1008 510 similes
1024 469 1084 512 non
1101 471 1146 511 re·

169 539 266 610 cipias,
283 539 382 610 quibus
401 537 425 593 si
445 537 566 592 animum
582 543 659 591 tuum
675 537 879 605 oblectaveris,
894 553 957 593 cum
974 539 1071 594 omnia
1086 538 1145 594 dis·

167 623 314 694 posueris,
332 621 419 679 tristis
440 621 607 675 remanebis.
638 617 697 676 Sed
711 620 844 692 cogitatio
864 625 912 676 tua
933 621 1040 677 stabilis
1063 622 1101 677 sit
1118 629 1145 678 et

169 711 259 762 certa:
281 706 342 763 sivo
358 703 492 759 deliberet
512 703 573 758 sive
593 705 795 775 contempletur
813 704 873 760 sive
890 710 1019 774 quaerat,
1041 721 1143 762 avero

143 795 226 849 bnon
241 789 364 845 recedat.
392 786 490 842 Sermo
508 803 619 858 quoque
634 793 697 842 tuus
714 803 770 841 non
786 787 823 842 sit
835 788 936 856 inanis,
952 788 1004 844 sed
1019 793 1067 843 aut
1079 805 1143 845 suo-

170 874 234 929 dcat
249 878 295 929 aut
308 875 420 926 moneat
435 877 482 926 aut
497 872 656 926 consoletur
672 876 718 925 aut
734 872 900 943 praecipiat.
932 872 1029 928 Lauda
1043 888 1142 943 parce,

168 957 299 1027 vitupera
314 955 436 1025 parcius.
457 969 521 1009 narn
542 954 668 1009 similiter
682 961 725 1010 est
739 955 968 1025 reprehensibilis
984 963 1042 1010 tarn
1055 956 1142 1011 nimia

169 1040 291 1095 laudatio
307 1054 389 1110 quam
403 1037 585 1093 immoderata
598 1039 735 1108 culpatio;
751 1039 798 1094 illa
813 1040 952 1110 siquidem
968 1040 1140 1106 adulatione,

169 1124 223 1178 ista
240 1123 412 1194 malignitate
428 1126 558 1192 suspecta
573 1126 623 1180 est.
651 1121 851 1177 Testimonium
866 1124 990 1195 veritali,
1006 1139 1062 1178 non
1074 1124 1141 1179 arni-

169 1207 250 1263 ciliae
274 1206 390 1262 reddas.
427 1204 494 1260 Cum
515 1203 740 1261 consideratione
760 1208 902 1276 promitte,
923 1207 1035 1278 plenius
1058 1223 1140 1279 quam

142 1291 352 1363 ppromlseris,
370 1295 492 1361 praesta.
521 1286 551 1344 Si
567 1288 693 1358 prudens
708 1294 751 1344 est
763 1291 873 1345 animus
889 1296 961 1364 tuus,
975 1291 1063 1347 tribus
1075 1298 1140 1346 tem·

170 1376 285 1446 poribus
301 1374 492 1444 dispensetur:
507 1374 666 1444 praeseutia
675 1372 783 1440 ordina,
797 1373 888 1429 lutura
899 1373 1048 1445 praevide,
1059 1390 1140 1445 prae·

169 1459 250 1514 terite
264 1456 422 1512 recordare.
450 1472 514 1511 narn
530 1457 576 1526 qui
590 1457 751 1527 praesentia
765 1472 821 1511 non
841 1457 967 1527 ordinat,
984 1458 1140 1515 obliviosus

170 1549 198 1597 et
212 1543 304 1598 latuus
320 1542 489 1612 appellatur,
507 1541 557 1611 qui
572 1541 610 1594 nil
627 1540 662 1594 de
684 1540 834 1612 praeterito
849 1542 968 1612 cogitat,
988 1541 1083 1612 perdit
1098 1542 1137 1596 vi·

169 1634 235 1694 tam,
252 1626 298 1697 qui
314 1626 353 1679 nil
367 1624 402 1679 do
417 1625 508 1679 tuturo
523 1622 753 1694 praemeditatur,
772 1625 799 1679 in
818 1625 912 1680 omnia
927 1624 1056 1681 incautus
1073 1625 1141 1680 inci·

171 1708 220 1764 dit.
249 1710 378 1779 Propone
394 1714 485 1762 autem
501 1708 593 1763 animo
612 1713 658 1762 tuo
674 1713 702 1761 et
716 1709 789 1763 mala
805 1712 831 1761 et
846 1709 920 1781 bona
935 1709 1037 1776 lutura,
1053 1715 1083 1764 ul
1094 1708 1141 1763 illa

129 1802 163 1855 10
172 1792 310 1848 sustinere
324 1792 432 1862 possis,
449 1791 502 1846 isla
517 1790 666 1846 moderari.
693 1789 755 1845 Non
771 1807 883 1862 semper
899 1793 927 1846 in
943 1798 1007 1847 actu
1019 1793 1069 1861 sis,
1088 1791 1141 1847 sed

171 1875 310 1932 interdurn
326 1875 418 1930 animo
433 1881 480 1930 tuo
494 1875 619 1943 requiem
637 1873 710 1939 dato,
731 1874 783 1928 sed
799 1880 826 1930 et
839 1876 951 1945 requies
964 1876 1029 1946 ipsa
1046 1875 1080 1931 sit
1097 1892 1139 1931 sa·

171 1960 292 2032 pientiae
308 1957 407 2015 studiis
427 1964 454 2012 et
468 1959 681 2030 cogitationibus
703 1959 783 2013 bonis
805 1959 897 2029 plena.
928 1974 992 2013 narn
1013 1958 1139 2030 prudeus

171 2046 330 2115 numquamv
342 2046 446 2096 marcel
464 2042 528 2098 olio.
559 2040 709 2112 aliquando
730 2042 851 2096 animum
878 2043 1028 2097 remissurn
1046 2040 1139 2108 hebet,

134 2177 137 2181 .
172 2142 322 2197 numquam
337 2127 466 2181 solutum.
496 2127 634 2180 accelerat
650 2123 745 2191 tarda,
766 2125 901 2196 perplexa
917 2125 1046 2196 expedit,
1069 2114 1141 2181 dura

171 2209 267 2275 mollit,
291 2204 409 2284 [aspera
425 2203 532 2284 tentat]
548 2209 637 2264 ardua
652 2215 798 2279 exaequat.
829 2209 881 2264 scil
895 2208 985 2275 enim,
1002 2208 1068 2278 quid
1085 2224 1141 2280 qua

171 2293 220 2348 via
235 2292 353 2364 aggredi
367 2289 468 2346 dcbcat
482 2298 509 2345 et
523 2293 576 2348 cito
593 2293 704 2363 singula
720 2306 753 2346 ao
768 2291 896 2348 distincte
914 2291 992 2348 videt
1007 2287 1142 2368 [consilia

172 2369 387 2450 imperitorum]
400 2391 436 2428 ex
448 2377 551 2446 apertis
564 2378 683 2431 obscura
694 2375 831 2443 aestimat,
843 2391 879 2429 ex
888 2375 1015 2447 parvulis
1026 2391 1140 2447 magua,

130 2460 162 2513 11
173 2472 209 2516 ex
223 2460 358 2531 proximis
372 2463 487 2523 remota,
506 2474 542 2512 ex
559 2458 683 2529 partibus
701 2464 765 2514 lota.
798 2458 860 2514 Non
876 2464 902 2512 te
917 2465 1030 2516 moveat
1046 2460 1141 2516 diceu-

171 2546 207 2600 tis
223 2545 389 2611 auctoritas,
411 2557 465 2596 nec
479 2544 558 2613 quis,
576 2541 627 2597 sed
643 2541 710 2613 quid
731 2541 804 2598 dicat
819 2541 964 2597 intendito.
987 2558 1041 2598 noc
1058 2559 1143 2613 quam

173 2629 265 2683 multis
280 2627 331 2683 sed
347 2626 475 2697 qualibus
488 2628 609 2696 placeas,
624 2626 726 2697 cogita.
758 2623 790 2679 Id
806 2640 939 2696 sequere,
959 2625 1037 2696 quod
1048 2635 1143 2698 potest

173 2712 307 2779 inveniri,
332 2709 361 2764 id
379 2708 472 2777 disce,
496 2709 570 2780 quod
591 2714 683 2779 potest
704 2709 784 2779 sciri,
805 2710 834 2764 id
853 2716 933 2780 opta,
954 2708 1030 2780 quod
1048 2719 1144 2784 potest

174 2796 263 2865 optari
280 2809 374 2851 coram
389 2793 478 2850 bonis.
509 2809 560 2848 nec
575 2793 664 2848 altiori
681 2794 760 2848 reite
775 2794 918 2864 imponas,
938 2792 965 2846 ln
986 2808 1045 2866 qua
1060 2797 1144 2852 stanti

132 2878 164 2931 lt
174 2877 223 2932 tibi
249 2876 432 2944 tremendum,
456 2874 637 2931 descendenti
659 2875 816 2931 cadendum
838 2877 883 2932 sit.
918 2874 997 2935 Tunc
1023 2882 1145 2937 consilia

173 2960 221 3016 tibi
237 2960 368 3015 salutaria
385 2960 503 3028 advoca,
519 2976 581 3015 curn
595 2960 643 3015 tibi
659 2958 756 3014 alludit
773 2960 847 3015 vitae
861 2963 1048 3034 prosperitas.
1078 2971 1144 3020 tunc

172 3050 199 3098 tc
214 3043 332 3098 velutin
354 3043 457 3102 lubrico
480 3043 614 3098 retinebis
631 3058 664 3097 ao
678 3045 762 3099 sistes
782 3058 835 3099 nec
856 3046 904 3105 tibi
920 3045 1002 3102 dabis
1020 3048 1144 3118 impetus
1185 3087 1191 3095 -

173 3128 285 3194 liberos,
301 3126 353 3182 sed
368 3127 587 3199 circumspicies,
603 3142 657 3200 quo
671 3126 793 3184 eundum
813 3128 911 3187 situel
927 3145 1086 3202 quousque.

256 3210 301 3266 Ill.
323 3210 362 3265 De
379 3213 615 3284 magnanimitate.

148 3302 163 3353 l
236 3295 451 3366 Magnanimitas
475 3311 560 3365 vero,
587 3311 658 3367 quae
679 3301 706 3350 et
733 3297 864 3354 tortitudo
885 3297 1001 3356 dicitur.
1028 3299 1053 3352 si
1079 3299 1146 3354 insit

173 3378 266 3435 animo
280 3383 343 3445 tuo,
364 3394 426 3433 eum
444 3394 546 3450 magna
560 3377 664 3435 fiducia
680 3380 777 3448 vives,
794 3381 882 3448 liber,
899 3379 1070 3452 intrepidus,
1086 3382 1147 3437 ala·

163 3475 221 3520 cer.
247 3462 387 3537 Magnum
398 3460 503 3526 bonum
516 3461 636 3521 humani
648 3464 735 3521 anlrm
744 3469 856 3519 estnon
866 3469 995 3532 tremere,
1011 3463 1066 3520 sed
1076 3478 1147 3520 con·
