2422 3862
246 192 292 248 DE
306 192 473 250 REMEDHS
487 193 743 252 FORTUITORUM
758 197 872 255 LIBER.
981 195 1044 261 451

169 345 226 415 „ln
239 344 352 400 exilium
363 344 428 398 eo.“
449 345 537 401 Immo
556 347 651 403 forsan
666 348 695 402 in
705 348 846 420 requiem=
866 352 917 406 sub
930 355 1045 417 obtentu
1092 344 1096 353 ’

106 429 193 484 falsae
209 428 339 484 miseriae
364 444 433 484 vera
453 429 578 486 felicitas.
602 431 658 486 iarn
676 433 774 488 saltem
791 434 825 488 ab
841 433 947 490 invidia
968 442 1043 493 tutus

84 528 88 532 ·
107 528 171 567 ens.

168 595 285 666 „Mittor
297 596 325 649 in
338 594 479 649 exilium.“
506 597 593 651 Immo
612 598 639 652 in
651 598 873 668 experimentum
885 602 938 656 tui:
962 604 1043 661 vide·
1054 608 1073 662 4

105 679 159 747 ris,
176 695 259 750 quern
277 683 305 733 le
326 677 355 731 in
372 677 454 732 exilio
471 682 623 749 praebeam
648 680 672 735 si
696 684 876 754 succumbas,
898 687 961 740 exal
978 703 1042 744 ver·

105 779 153 816 rus
161 803 169 832 ,
181 763 205 818 si
217 761 363 831 consistis,
382 761 464 816 exilio
485 763 595 836 clarus,
616 769 646 820 ut
658 763 735 818 mulli
748 765 827 834 olim,
849 768 896 838 qui
907 767 1002 825 invicti
1016 777 1043 825 et
1115 806 1120 839 ς

105 845 203 917 fulgidi
219 861 271 917 per
290 844 457 916 asperitates
476 846 666 918 incesserunt,
683 853 713 902 ut
731 850 912 920 sequentibus
929 853 981 908 iter
998 869 1040 909 re·

106 936 179 984 ctum
191 928 383 985 ostenderent.

146 1026 232 1081 Vllll.
256 1026 388 1096 „Dolor
404 1025 590 1082 imminet.“
612 1026 643 1084 Si
655 1029 773 1100 exiguus
785 1037 837 1099 est,
852 1033 989 1090 feramus=
1002 1037 1041 1091 le·
1054 1044 1069 1095 1

61 1112 105 1169 vis
119 1116 161 1167 est
171 1110 315 1182 patientia.
329 1109 460 1180 signaris
473 1116 530 1178 est,
542 1112 678 1167 feramus:
691 1128 746 1167 non
758 1114 829 1169 levis
843 1121 885 1170 cst
897 1117 995 1190 gloria.

127 1236 143 1264 „
152 1193 308 1250 Clamorem
320 1193 400 1248 dolor
412 1194 568 1265 exprimit.“
589 1194 662 1250 Dum
673 1201 783 1252 secreta
793 1212 849 1251 non
863 1202 1009 1271 exprimat.

126 1276 213 1350 „Non
223 1284 316 1350 potest
329 1277 414 1332 homo
425 1293 477 1348 par
489 1277 579 1332 dolori
591 1280 686 1334 esse.“
703 1276 762 1334 Nec
776 1281 876 1337 rationi
888 1282 976 1343 dolor.

124 1362 224 1432 „Dura
235 1378 281 1416 res
294 1365 336 1416 est
348 1360 459 1416 dolorf‘
478 1362 565 1416 Immo
577 1367 607 1417 tu
619 1363 719 1418 mollis.
1051 1380 1068 1431 2

122 1445 231 1516 „Pauci
242 1444 369 1500 dolorem
379 1445 452 1499 ferre
465 1446 645 1517 potuerunt.“
668 1443 762 1502 Simus
774 1464 810 1503 ex
820 1450 927 1519 paucis.

125 1529 302 1599 „Imbecilles
318 1533 417 1584 natura
429 1529 554 1583 sumus.“
580 1529 713 1586 Naturam
726 1529 861 1586 infamare
873 1533 974 1589 uolitet
994 1535 1040 1590 ille

64 1629 116 1666 nos
129 1614 213 1668 fortes
226 1613 332 1684 genuit.
998 1633 1004 1644 ·

125 1696 299 1768 „Fugiamus
311 1695 468 1752 dolorem.“
484 1694 570 1765 Quid,
583 1695 658 1766 quod
670 1696 714 1751 ille
726 1696 851 1767 sequitur
863 1699 1038 1770 fugientem?

62 1779 248 1851 [Contemnite
260 1780 401 1835 dolorem:
414 1786 461 1836 aut
472 1781 596 1838 solvetur
608 1786 655 1835 aut
666 1776 777 1852 solvet]

144 1877 180 1932 X.
204 1878 433 1949 „Paupertas
448 1878 531 1934 mihi
551 1879 675 1951 gratis
695 1879 778 1934 est.“
811 1879 898 1935 Immo
920 1885 950 1936 tu
966 1881 1066 1953 pau-l

60 1962 171 2037 perlati.
189 1977 246 2015 non
256 1962 285 2015 in
295 1967 459 2033 paupertate
471 1963 569 2020 vilium
580 1968 623 2018 est
635 1962 687 2018 sed
698 1962 726 2018 in
738 1978 878 2034 paupere:
895 1965 942 2020 illa
952 1982 1038 2036 expe·

62 2049 119 2105 dita
132 2050 187 2115 est,
200 2044 312 2115 hilaris,
323 2050 391 2103 tuta.

126 2145 259 2215 „Pauper
271 2145 363 2203 sum.“
383 2144 482 2201 Nescis
500 2152 527 2201 te
540 2145 685 2217 opinione,
697 2162 753 2200 non
767 2162 798 2202 re
810 2148 954 2203 laborare:
965 2164 1035 2219 pau-

61 2246 113 2302 per
128 2247 174 2298 es,
187 2230 251 2298 quia
262 2229 377 2285 videris.

125 2312 259 2381 „Pauper
270 2313 360 2368 sum.“
382 2311 455 2367 Nihil
466 2309 546 2368 deest
562 2314 671 2372 avibus.
686 2330 792 2384 pecora
803 2314 831 2369 in
842 2314 916 2370 diem
928 2315 1035 2372 vivunt.

61 2396 126 2452 feris
144 2394 172 2448 in
183 2394 343 2449 alimentum
355 2394 475 2450 solitudo
489 2412 540 2451 sua
554 2396 663 2452 sufficit,

125 2477 224 2549 „Non
240 2493 313 2531 sum
327 2479 481 2548 potens.“
504 2477 615 2534 Gaude:
632 2480 771 2550 impotens
786 2495 843 2533 non
855 2481 921 2536 eris.
1048 2489 1065 2540 a

126 2603 143 2631 ,‚
153 2559 284 2615 Iniuriam
294 2560 423 2631 accipere
434 2560 563 2631 potero.“
586 2560 698 2616 Gaude:
716 2563 809 2616 facere
821 2577 878 2616 non
889 2561 1004 2632 poteris.

123 2643 264 2715 „Accepit
275 2643 320 2698 ille
333 2643 469 2715 grandem
480 2644 658 2714 pecuniam.“
686 2644 761 2715 Ergo
775 2650 802 2698 et
813 2645 981 2714 superbiam.

124 2729 279 2801 „Magnam
289 2728 439 2799 pecuniam
450 2725 562 2783 habet.“
584 2726 731 2781 Hominem
742 2728 819 2782 illum
830 2727 960 2782 indicas?
972 2743 1037 2784 arca
1047 2738 1065 2792 3

61 2821 116 2870 est:
137 2813 198 2886 quis
209 2813 328 2881 aerario,
341 2812 402 2882 quis
412 2812 502 2883 plenis
517 2810 623 2867 invidet
634 2810 753 2893 loculis?
771 2816 798 2866 et
810 2810 878 2882 iste,
890 2827 973 2882 quem
985 2812 1036 2868 do·

60 2899 163 2952 minum
177 2897 314 2969 pecuniae
328 2896 485 2965 existimas,
496 2895 604 2950 loculus
616 2899 667 2952 est.

122 2997 262 3067 „Multum
272 2996 386 3051 habet.“
401 2994 458 3051 Aut
470 3010 571 3052 avarus
581 2999 628 3050 aut
639 2993 775 3066 prodigus
788 2999 844 3049 cst:
857 2994 881 3048 si
889 2994 1035 3066 prodigus,

59 3098 114 3136 non
126 3080 251 3148 habebit,
263 3081 287 3134 si
298 3096 418 3150 avarus,
433 3078 594 3135 nonhabet.
614 3079 679 3147 Iste,
691 3092 773 3149 quem
784 3083 814 3133 tu
826 3078 934 3134 felicem
946 3078 1034 3134 adrni-

58 3167 182 3222 ranlibus
195 3164 302 3234 credis,
313 3180 400 3235 saepe
412 3163 503 3233 dolet,
515 3178 603 3234 saepe
615 3161 745 3232 suspirat.

121 3262 222 3331 „Multi
240 3262 316 3317 illum
334 3261 529 3319 comitantur&
550 3261 607 3317 Mel
625 3277 738 3317 muscae
756 3268 926 3331 sequuntur,
949 3261 1063 3317 cada-4
1155 3316 1158 3321 .

57 3362 127 3403 vera
138 3347 211 3417 lupi,
224 3347 361 3402 frumenta
372 3347 518 3402 formicae:
530 3346 667 3417 praedam
679 3346 802 3416 sequitur
814 3345 866 3400 ista
878 3347 966 3413 turba,
978 3360 1034 3398 non

57 3429 208 3485 hominem.

836 3501 899 3564 aa*
