2422 3862
197 229 370 291 EPISTUL.
384 229 478 290 MOR.
506 229 578 290 LIB.
593 230 643 289 Ill.
671 229 728 289 ΕΡ.
744 237 771 291 6.
786 238 812 292 t.
835 238 892 303 (at.
908 237 966 303 28.)
1029 231 1071 294 63

155 381 218 444 Sed
233 380 342 458 accipe
355 382 415 442 iam
429 381 512 457 qood
527 380 626 442 debeo
642 389 672 441 et
686 382 769 442 vale:
792 383 937 456 „Divitiae
950 391 1019 443 sunt
1032 385 1075 444 cd
1083 393 1101 449 9

99 471 181 543 taem
198 473 330 528 aubroc
342 468 695 543 conpositupuapcrtas.“
730 466 796 528 Hoc
809 481 904 541 saepe
918 466 990 526 dicit
999 466 1072 542 Epi-

100 567 182 613 curus
209 551 298 612 aliter
326 559 416 624 atque
438 551 538 610 aliter:
572 551 629 611 sed
650 567 815 626 numquam
838 551 927 613 nimis
953 551 1071 625 dicitur,

100 635 174 712 quod
190 650 360 710 numquam
380 635 456 695 satis
477 633 613 694 discitur.
639 635 823 710 quibusdam
837 636 972 696 remedia
986 651 1071 696 mon·

99 721 224 796 suenda,
238 719 423 796 quibusdam
437 718 620 779 inculcanda
634 727 715 779 suot.
745 719 832 779 Vale.

385 855 604 913 EPISTULA
624 857 683 913 Vll.
706 858 777 925 (id.)

348 952 459 1004 Seneca
477 953 588 1003 Lucumo
605 965 657 1005 suo
677 964 816 1007 susurru.

43 1102 46 1113 .
151 1056 220 1117 Hoc
242 1053 298 1116 tibi
323 1054 381 1116 soli
403 1062 494 1130 putas
515 1055 669 1116 accidisse
685 1062 715 1114 et
729 1055 888 1115 admiraris
905 1053 992 1128 quasi
1007 1067 1099 1118 reml

96 1156 211 1215 novam,
229 1139 314 1214 quod
329 1138 575 1214 peregrinatione
589 1146 650 1199 tam
664 1141 758 1214 longe
771 1146 801 1198 et
816 1145 859 1199 tot
870 1139 1007 1200 locorum
1020 1155 1072 1199 va-

94 1223 250 1286 rictatibus
265 1240 327 1284 non
343 1223 516 1285 discussisti
527 1222 678 1285 tristitiem
690 1224 930 1299 gravitatemque
943 1222 1074 1285 mentist

96 1308 393 1370 unimumdobes
409 1316 570 1382 mutare,
592 1323 665 1367 non
688 1309 847 1368 coelum.
869 1308 1073 1369 licetvastum

93 1392 250 1454 traieceris
266 1407 364 1466 mare,
380 1392 458 1465 licet,
473 1400 507 1453 ut
521 1393 562 1454 ait
576 1391 730 1467 Vergilius
745 1399 864 1464 noster,

339 1484 494 1552 terraeque
507 1478 650 1552 urbesque
665 1478 824 1538 recedant:

93 1569 262 1637 sequentur
282 1567 328 1633 te,
355 1576 552 1637 quocumque
573 1562 769 1636 perveneris,
796 1558 879 1619 vitia.
910 1559 977 1620 Hoc
993 1560 1100 1628 idemq

94 1646 233 1722 querenti
248 1643 370 1706 cuidam
384 1643 528 1706 Socrates
541 1646 596 1707 ait=
619 1645 715 1721 „quid
730 1645 848 1705 miraris
864 1641 937 1704 nihil
952 1643 1004 1703 tibi
1021 1659 1074 1717 pe·

92 1729 317 1806 regrinationes
338 1729 505 1805 prodesse,
533 1745 602 1791 cum
623 1737 653 1789 te
674 1728 894 1790 circumferas?
917 1727 1025 1801 premit
1045 1734 1075 1787 te

94 1816 199 1876 eadem
216 1830 320 1887 eausa,
335 1829 417 1890 quae
431 1814 578 1889 expulit.“
614 1813 693 1886 Quid
707 1820 855 1874 terrarum
870 1808 976 1871 iuvere
987 1811 1074 1870 novi-

92 1907 136 1961 tas
151 1905 278 1976 potestt
300 1897 373 1974 quid
398 1896 530 1972 cognitio
553 1896 673 1959 urbium
694 1905 746 1957 aut
765 1898 923 1957 locorumt
949 1897 979 1955 in
1003 1895 1074 1954 inri-

91 1992 151 2044 tum
176 1983 260 2044 cedit
281 1982 340 2042 ista
360 1983 490 2044 iactatio.
529 1982 655 2057 Quaeris
678 1996 774 2056 quare
795 1986 824 2040 te
846 1981 919 2054 iuga
938 1980 998 2040 ista
1011 1996 1074 2040 non

93 2067 240 2129 adiuvet?
260 2074 360 2127 tecum
375 2067 466 2142 tugis.
489 2082 568 2127 onus
584 2066 676 2125 animi
694 2064 911 2140 deponendum
927 2072 989 2126 est:
1012 2081 1074 2126 non

81 2159 161 2213 'anto
177 2151 234 2214 tibi
248 2152 330 2213 ullus
350 2150 483 2227 placebit
501 2153 599 2212 locus.
631 2150 733 2210 Talem
756 2165 835 2210 nunc
852 2164 924 2210 esse
938 2148 1102 2212 hebitumd

91 2244 175 2298 tuum
199 2236 318 2312 cogita,
346 2236 467 2311 qualem
487 2235 641 2310 Vergilius
664 2242 769 2294 noster
789 2237 868 2295 vatis
884 2234 1000 2295 inducit
1014 2233 1074 2293 iam

91 2320 263 2382 concitatae
278 2327 309 2381 et
321 2319 482 2394 instigatae
496 2320 685 2395 multumque
699 2318 840 2379 habentis
854 2319 884 2379 in
900 2335 935 2380 se
949 2317 1074 2393 spiritus

91 2423 151 2468 non
167 2421 233 2466 sure

218 2490 385 2550 bacchatur
398 2495 493 2562 cates,
511 2505 650 2564 mappam
666 2491 693 2548 si
700 2496 822 2563 pectore
831 2490 928 2563 possit

218 2576 386 2635 excussere
400 2575 496 2634 deum.

91 2659 188 2720 Vadis
203 2657 267 2719 huc
281 2657 362 2731 illuc,
384 2664 417 2719 ut
434 2657 572 2717 excutias
588 2653 726 2716 insidens
743 2655 883 2730 pondus,
907 2654 992 2730 quod
1006 2655 1075 2731 ipsa

91 2744 256 2806 iactatione
281 2740 506 2803 incommodius
531 2740 581 2814 fit,
604 2741 682 2801 sicut
702 2740 731 2799 in
753 2739 824 2800 navi
844 2754 940 2800 onera
961 2738 1077 2802 inmota

93 2831 192 2890 minus
210 2835 339 2902 urgent,
360 2824 561 2902 inaequaliter
575 2825 740 2885 convoluta
755 2824 844 2884 citius
861 2839 929 2884 eam
946 2831 1074 2899 partem,

93 2914 120 2973 in
136 2928 231 2990 quam
247 2912 424 2985 incubuere,
446 2911 633 2985 demergunt.
656 2907 808 2983 Quicquid
822 2909 908 2983 lucie,
925 2916 1032 2970 contra
1045 2917 1076 2970 te

93 2999 215 3062 laciset
229 3003 316 3056 motu
330 2995 400 3070 ipso
415 3011 511 3056 noces
525 2993 592 3054 tibi:
616 3008 741 3068 aegrum
757 2994 838 3053 enim
854 2993 1004 3054 concutis.
1036 2994 1101 3052 Alc

94 3098 159 3144 cum
174 3082 260 3142 istud
276 3080 427 3140 exemeris
443 3081 570 3151 malum,
594 3078 693 3137 omnis
715 3077 839 3138 mutatio
861 3078 921 3138 loci
943 3077 1077 3138 iucunda

93 3167 156 3228 fiete
178 3167 210 3226 iu
227 3154 531 3239 ultimas'e‘iibellaris
547 3169 645 3222 terras
666 3159 783 3236 licebit,
810 3160 839 3220 in
858 3161 993 3236 quolibet
1007 3161 1075 3221 bar·

91 3249 195 3312 bariae
212 3249 327 3324 angulo
345 3249 525 3320 conloceris,
541 3246 700 3323 hospitalis
716 3245 769 3306 tibi
781 3246 832 3305 illa
844 3246 1077 3320 qualiscumque

94 3337 184 3398 sedes
195 3335 270 3395 erit.
291 3333 389 3408 magis
405 3334 473 3410 quis
487 3332 610 3392 veneris
623 3347 714 3407 quum
729 3346 800 3405 quo,
816 3329 949 3404 interest,
965 3335 995 3389 et
1006 3328 1076 3389 ideo

94 3421 165 3483 nulli
180 3421 254 3482 loco
276 3417 421 3479 addicere
443 3418 591 3478 debemus
614 3414 757 3476 animum.
779 3430 850 3476 cum
869 3413 930 3474 hac
951 3427 1081 3490 persua-

94 3506 181 3568 sione
194 3501 361 3565 viuendum
381 3509 445 3563 est.-
463 3518 547 3576 „non
562 3517 631 3564 sum
649 3501 704 3565 uni
720 3501 838 3582 angulo
858 3507 977 3576 natus,
995 3495 1107 3575 palum
