<?xml version="1.0" encoding="UTF-8"?>
<!DOCTYPE html PUBLIC "-//W3C//DTD XHTML 1.0 Transitional//EN"
    "http://www.w3.org/TR/xhtml1/DTD/xhtml1-transitional.dtd">
<html xmlns="http://www.w3.org/1999/xhtml" xml:lang="en" lang="en">
 <head>
  <title>
</title>
<meta http-equiv="Content-Type" content="text/html;charset=utf-8" />
  <meta name='ocr-system' content='tesseract 3.04.00' />
  <meta name='ocr-capabilities' content='ocr_page ocr_carea ocr_par ocr_line ocrx_word'/>
</head>
<body>
  <div class='ocr_page' id='page_1' title='image "./lannaeisenecaeo06senegoog_0250.png"; bbox 0 0 2422 3862; ppageno 0'>
   <div class='ocr_carea' id='block_1_1' title="bbox 268 194 1181 311">
    <p class='ocr_par' dir='ltr' id='par_1_1' title="bbox 268 194 1181 311">
     <span class='ocr_line' id='line_1_1' title="bbox 268 194 1181 311; baseline 0.005 -15"><span class='ocrx_word' id='word_1_1' title='bbox 268 234 543 296; x_wconf 76' lang='lat' dir='ltr'>nnsauuuon.</span> <span class='ocrx_word' id='word_1_2' title='bbox 565 234 855 311; x_wconf 73' lang='lat' dir='ltr'>stantuna(</span> <span class='ocrx_word' id='word_1_3' title='bbox 892 240 914 308; x_wconf 86' lang='grc'>.)</span> <span class='ocrx_word' id='word_1_4' title='bbox 1018 236 1081 301; x_wconf 73' lang='lat'>21⁵</span> <span class='ocrx_word' id='word_1_5' title='bbox 1179 194 1181 198; x_wconf 11' lang='grc' dir='ltr'><em>Α</em></span> 
     </span>
    </p>
   </div>
   <div class='ocr_carea' id='block_1_2' title="bbox 37 387 1162 3580">
    <p class='ocr_par' dir='ltr' id='par_1_2' title="bbox 42 387 1126 1640">
     <span class='ocr_line' id='line_1_2' title="bbox 42 387 1125 468; baseline 0 -14"><span class='ocrx_word' id='word_1_6' title='bbox 42 446 46 453; x_wconf 90' lang='grc'>.</span> <span class='ocrx_word' id='word_1_7' title='bbox 96 391 150 468; x_wconf 87' lang='lat' dir='ltr'>qui</span> <span class='ocrx_word' id='word_1_8' title='bbox 164 390 245 450; x_wconf 90' lang='lat' dir='ltr'>vitae</span> <span class='ocrx_word' id='word_1_9' title='bbox 260 390 438 449; x_wconf 76' lang='lat' dir='ltr'>dederetur!</span> <span class='ocrx_word' id='word_1_10' title='bbox 472 388 549 462; x_wconf 85' lang='lat' dir='ltr'><strong>Sed,</strong></span> <span class='ocrx_word' id='word_1_11' title='bbox 564 394 597 448; x_wconf 91' lang='lat' dir='ltr'>ut</span> <span class='ocrx_word' id='word_1_12' title='bbox 612 403 775 462; x_wconf 81' lang='lat' dir='ltr'>coeperam</span> <span class='ocrx_word' id='word_1_13' title='bbox 792 387 910 462; x_wconf 80' lang='lat' dir='ltr'>dicere,</span> <span class='ocrx_word' id='word_1_14' title='bbox 933 388 1020 450; x_wconf 89' lang='lat' dir='ltr'>vides</span> <span class='ocrx_word' id='word_1_15' title='bbox 1035 391 1080 466; x_wconf 92' lang='lat' dir='ltr'>ip·</span> <span class='ocrx_word' id='word_1_16' title='bbox 1090 400 1125 454; x_wconf 82' lang='lat'>13</span> 
     </span>
     <span class='ocr_line' id='line_1_3' title="bbox 97 472 1080 537; baseline -0.004 0"><span class='ocrx_word' id='word_1_17' title='bbox 97 492 163 537; x_wconf 88' lang='lat' dir='ltr'>sam</span> <span class='ocrx_word' id='word_1_18' title='bbox 184 482 311 535; x_wconf 90' lang='lat' dir='ltr'>mortem</span> <span class='ocrx_word' id='word_1_19' title='bbox 332 489 390 533; x_wconf 89' lang='lat' dir='ltr'>nec</span> <span class='ocrx_word' id='word_1_20' title='bbox 410 474 522 534; x_wconf 88' lang='lat' dir='ltr'>malum</span> <span class='ocrx_word' id='word_1_21' title='bbox 543 487 614 532; x_wconf 88' lang='lat' dir='ltr'>esse</span> <span class='ocrx_word' id='word_1_22' title='bbox 637 488 694 531; x_wconf 91' lang='lat' dir='ltr'>nec</span> <span class='ocrx_word' id='word_1_23' title='bbox 715 472 845 533; x_wconf 80' lang='lat' dir='ltr'>bonum=</span> <span class='ocrx_word' id='word_1_24' title='bbox 873 472 945 532; x_wconf 85' lang='lat' dir='ltr'>Cato</span> <span class='ocrx_word' id='word_1_25' title='bbox 960 473 1010 532; x_wconf 91' lang='lat' dir='ltr'>illa</span> <span class='ocrx_word' id='word_1_26' title='bbox 1025 474 1080 534; x_wconf 88' lang='lat' dir='ltr'>bo-</span> 
     </span>
     <span class='ocr_line' id='line_1_4' title="bbox 96 554 1081 632; baseline 0 -13"><span class='ocrx_word' id='word_1_27' title='bbox 96 559 273 619; x_wconf 89' lang='lat' dir='ltr'>nestissime</span> <span class='ocrx_word' id='word_1_28' title='bbox 287 574 364 618; x_wconf 90' lang='lat' dir='ltr'>usus</span> <span class='ocrx_word' id='word_1_29' title='bbox 380 564 441 630; x_wconf 90' lang='lat' dir='ltr'>est,</span> <span class='ocrx_word' id='word_1_30' title='bbox 457 556 635 632; x_wconf 77' lang='lat' dir='ltr'>turpissime</span> <span class='ocrx_word' id='word_1_31' title='bbox 653 557 776 616; x_wconf 91' lang='lat' dir='ltr'>Brutus.</span> <span class='ocrx_word' id='word_1_32' title='bbox 806 554 910 615; x_wconf 85' lang='lat' dir='ltr'>Omnis</span> <span class='ocrx_word' id='word_1_33' title='bbox 927 572 978 616; x_wconf 90' lang='lat' dir='ltr'>res</span> <span class='ocrx_word' id='word_1_34' title='bbox 995 560 1081 632; x_wconf 89' lang='lat' dir='ltr'>quod</span> 
     </span>
     <span class='ocr_line' id='line_1_5' title="bbox 95 638 1080 714; baseline -0.002 -10"><span class='ocrx_word' id='word_1_35' title='bbox 95 660 158 704; x_wconf 92' lang='lat' dir='ltr'>non</span> <span class='ocrx_word' id='word_1_36' title='bbox 174 642 279 702; x_wconf 78' lang='lat' dir='ltr'>habuit</span> <span class='ocrx_word' id='word_1_37' title='bbox 294 643 405 714; x_wconf 91' lang='lat' dir='ltr'>decus,</span> <span class='ocrx_word' id='word_1_38' title='bbox 429 641 539 701; x_wconf 89' lang='lat' dir='ltr'>virtute</span> <span class='ocrx_word' id='word_1_39' title='bbox 560 639 663 700; x_wconf 89' lang='lat' dir='ltr'>addita</span> <span class='ocrx_word' id='word_1_40' title='bbox 683 639 783 700; x_wconf 90' lang='lat' dir='ltr'>sumit.</span> <span class='ocrx_word' id='word_1_41' title='bbox 813 638 991 701; x_wconf 76' lang='lat' dir='ltr'>Cubiculum</span> <span class='ocrx_word' id='word_1_42' title='bbox 1005 642 1080 702; x_wconf 89' lang='lat' dir='ltr'>luci-</span> 
     </span>
     <span class='ocr_line' id='line_1_6' title="bbox 95 723 1081 788; baseline -0.001 0"><span class='ocrx_word' id='word_1_43' title='bbox 95 730 169 788; x_wconf 91' lang='lat' dir='ltr'>dum</span> <span class='ocrx_word' id='word_1_44' title='bbox 194 726 334 786; x_wconf 88' lang='lat' dir='ltr'>dicimus.</span> <span class='ocrx_word' id='word_1_45' title='bbox 371 725 431 786; x_wconf 91' lang='lat' dir='ltr'>hoc</span> <span class='ocrx_word' id='word_1_46' title='bbox 453 726 534 784; x_wconf 92' lang='lat' dir='ltr'>idem</span> <span class='ocrx_word' id='word_1_47' title='bbox 556 723 809 785; x_wconf 88' lang='lat' dir='ltr'>obscurissimum</span> <span class='ocrx_word' id='word_1_48' title='bbox 823 730 871 783; x_wconf 90' lang='lat' dir='ltr'>est</span> <span class='ocrx_word' id='word_1_49' title='bbox 886 733 991 785; x_wconf 85' lang='lat' dir='ltr'>nocte:</span> <span class='ocrx_word' id='word_1_50' title='bbox 1013 725 1081 786; x_wconf 89' lang='lat' dir='ltr'>dies</span> 
     </span>
     <span class='ocr_line' id='line_1_7' title="bbox 95 808 1124 885; baseline -0.004 -14"><span class='ocrx_word' id='word_1_51' title='bbox 95 810 138 871; x_wconf 91' lang='lat' dir='ltr'>illi</span> <span class='ocrx_word' id='word_1_52' title='bbox 153 812 253 870; x_wconf 88' lang='lat' dir='ltr'>lucem</span> <span class='ocrx_word' id='word_1_53' title='bbox 269 810 414 884; x_wconf 84' lang='lat' dir='ltr'>infundit,</span> <span class='ocrx_word' id='word_1_54' title='bbox 430 826 494 870; x_wconf 89' lang='lat' dir='ltr'>nox</span> <span class='ocrx_word' id='word_1_55' title='bbox 508 809 611 884; x_wconf 77' lang='lat' dir='ltr'>eripit:</span> <span class='ocrx_word' id='word_1_56' title='bbox 638 809 683 868; x_wconf 89' lang='lat' dir='ltr'>sic</span> <span class='ocrx_word' id='word_1_57' title='bbox 698 809 779 882; x_wconf 92' lang='lat' dir='ltr'>istis,</span> <span class='ocrx_word' id='word_1_58' title='bbox 802 823 882 885; x_wconf 88' lang='lat' dir='ltr'>quae</span> <span class='ocrx_word' id='word_1_59' title='bbox 898 825 916 867; x_wconf 87' lang='lat' dir='ltr'>a</span> <span class='ocrx_word' id='word_1_60' title='bbox 930 809 1020 869; x_wconf 92' lang='lat' dir='ltr'>nobis</span> <span class='ocrx_word' id='word_1_61' title='bbox 1036 808 1081 869; x_wconf 92' lang='lat' dir='ltr'>in·</span> <span class='ocrx_word' id='word_1_62' title='bbox 1090 813 1124 867; x_wconf 82' lang='lat'>14</span> 
     </span>
     <span class='ocr_line' id='line_1_8' title="bbox 97 889 1080 967; baseline 0 -13"><span class='ocrx_word' id='word_1_63' title='bbox 97 894 269 955; x_wconf 83' lang='lat' dir='ltr'>differentia</span> <span class='ocrx_word' id='word_1_64' title='bbox 290 910 327 953; x_wconf 89' lang='lat' dir='ltr'>ac</span> <span class='ocrx_word' id='word_1_65' title='bbox 348 894 450 954; x_wconf 89' lang='lat' dir='ltr'>media</span> <span class='ocrx_word' id='word_1_66' title='bbox 468 893 624 964; x_wconf 90' lang='lat' dir='ltr'>dicuntur,</span> <span class='ocrx_word' id='word_1_67' title='bbox 653 892 780 966; x_wconf 89' lang='lat' dir='ltr'>divitiis,</span> <span class='ocrx_word' id='word_1_68' title='bbox 802 889 933 966; x_wconf 88' lang='lat' dir='ltr'>viribus,</span> <span class='ocrx_word' id='word_1_69' title='bbox 955 894 1080 967; x_wconf 77' lang='lat' dir='ltr'>formae,</span> 
     </span>
     <span class='ocr_line' id='line_1_9' title="bbox 96 975 1081 1053; baseline -0.003 -14"><span class='ocrx_word' id='word_1_70' title='bbox 96 979 275 1052; x_wconf 89' lang='lat' dir='ltr'>honoribus,</span> <span class='ocrx_word' id='word_1_71' title='bbox 291 989 387 1053; x_wconf 86' lang='lat' dir='ltr'>regno</span> <span class='ocrx_word' id='word_1_72' title='bbox 401 985 431 1037; x_wconf 91' lang='lat' dir='ltr'>et</span> <span class='ocrx_word' id='word_1_73' title='bbox 443 985 549 1038; x_wconf 87' lang='lat' dir='ltr'>contra</span> <span class='ocrx_word' id='word_1_74' title='bbox 562 977 659 1051; x_wconf 91' lang='lat' dir='ltr'>morti,</span> <span class='ocrx_word' id='word_1_75' title='bbox 680 975 782 1050; x_wconf 91' lang='lat' dir='ltr'>exilio,</span> <span class='ocrx_word' id='word_1_76' title='bbox 800 977 899 1037; x_wconf 87' lang='lat' dir='ltr'>malae</span> <span class='ocrx_word' id='word_1_77' title='bbox 912 977 1081 1052; x_wconf 87' lang='lat' dir='ltr'>valitudini,</span> 
     </span>
     <span class='ocr_line' id='line_1_10' title="bbox 95 1060 1081 1138; baseline -0.001 -15"><span class='ocrx_word' id='word_1_78' title='bbox 95 1060 256 1123; x_wconf 89' lang='lat' dir='ltr'>doloribus</span> <span class='ocrx_word' id='word_1_79' title='bbox 272 1078 414 1138; x_wconf 87' lang='lat' dir='ltr'>quaeque</span> <span class='ocrx_word' id='word_1_80' title='bbox 429 1063 489 1121; x_wconf 90' lang='lat' dir='ltr'>alia</span> <span class='ocrx_word' id='word_1_81' title='bbox 503 1070 555 1122; x_wconf 91' lang='lat' dir='ltr'>aut</span> <span class='ocrx_word' id='word_1_82' title='bbox 571 1061 670 1121; x_wconf 92' lang='lat' dir='ltr'>minus</span> <span class='ocrx_word' id='word_1_83' title='bbox 683 1067 735 1120; x_wconf 87' lang='lat' dir='ltr'>aut</span> <span class='ocrx_word' id='word_1_84' title='bbox 748 1061 845 1135; x_wconf 89' lang='lat' dir='ltr'>magis</span> <span class='ocrx_word' id='word_1_85' title='bbox 861 1061 1081 1136; x_wconf 69' lang='lat' dir='ltr'>pertimuimus</span> 
     </span>
     <span class='ocr_line' id='line_1_11' title="bbox 95 1142 1083 1221; baseline 0 -14"><span class='ocrx_word' id='word_1_86' title='bbox 95 1154 149 1207; x_wconf 89' lang='lat' dir='ltr'>aut</span> <span class='ocrx_word' id='word_1_87' title='bbox 164 1145 277 1206; x_wconf 84' lang='lat' dir='ltr'>malitia</span> <span class='ocrx_word' id='word_1_88' title='bbox 292 1153 344 1206; x_wconf 90' lang='lat' dir='ltr'>aut</span> <span class='ocrx_word' id='word_1_89' title='bbox 360 1147 456 1207; x_wconf 87' lang='lat' dir='ltr'>virtus</span> <span class='ocrx_word' id='word_1_90' title='bbox 472 1146 524 1205; x_wconf 89' lang='lat' dir='ltr'>dat</span> <span class='ocrx_word' id='word_1_91' title='bbox 536 1144 610 1221; x_wconf 83' lang='lat' dir='ltr'>boni</span> <span class='ocrx_word' id='word_1_92' title='bbox 624 1146 673 1204; x_wconf 91' lang='lat' dir='ltr'>vel</span> <span class='ocrx_word' id='word_1_93' title='bbox 685 1144 756 1205; x_wconf 88' lang='lat' dir='ltr'>mali</span> <span class='ocrx_word' id='word_1_94' title='bbox 768 1161 890 1205; x_wconf 91' lang='lat' dir='ltr'>nomen.</span> <span class='ocrx_word' id='word_1_95' title='bbox 907 1142 1015 1206; x_wconf 87' lang='lat' dir='ltr'>Massa</span> <span class='ocrx_word' id='word_1_96' title='bbox 1026 1163 1083 1221; x_wconf 86' lang='lat' dir='ltr'>per</span> 
     </span>
     <span class='ocr_line' id='line_1_12' title="bbox 96 1228 1083 1304; baseline 0.001 -13"><span class='ocrx_word' id='word_1_97' title='bbox 96 1246 133 1291; x_wconf 88' lang='lat' dir='ltr'>se</span> <span class='ocrx_word' id='word_1_98' title='bbox 157 1245 215 1290; x_wconf 90' lang='lat' dir='ltr'>nec</span> <span class='ocrx_word' id='word_1_99' title='bbox 238 1230 336 1289; x_wconf 91' lang='lat' dir='ltr'>calida</span> <span class='ocrx_word' id='word_1_100' title='bbox 357 1247 414 1290; x_wconf 93' lang='lat' dir='ltr'>nec</span> <span class='ocrx_word' id='word_1_101' title='bbox 430 1229 539 1304; x_wconf 78' lang='lat' dir='ltr'>frigida</span> <span class='ocrx_word' id='word_1_102' title='bbox 553 1236 615 1290; x_wconf 87' lang='lat' dir='ltr'>est=</span> <span class='ocrx_word' id='word_1_103' title='bbox 636 1228 667 1288; x_wconf 93' lang='lat' dir='ltr'>in</span> <span class='ocrx_word' id='word_1_104' title='bbox 683 1230 839 1290; x_wconf 80' lang='lat' dir='ltr'>fornacem</span> <span class='ocrx_word' id='word_1_105' title='bbox 855 1230 994 1291; x_wconf 85' lang='lat' dir='ltr'>coniecta</span> <span class='ocrx_word' id='word_1_106' title='bbox 1009 1246 1083 1292; x_wconf 90' lang='lat' dir='ltr'>con·</span> 
     </span>
     <span class='ocr_line' id='line_1_13' title="bbox 97 1313 1082 1391; baseline 0 -16"><span class='ocrx_word' id='word_1_107' title='bbox 97 1314 204 1387; x_wconf 88' lang='lat' dir='ltr'>caluit,</span> <span class='ocrx_word' id='word_1_108' title='bbox 231 1314 261 1372; x_wconf 94' lang='lat' dir='ltr'>in</span> <span class='ocrx_word' id='word_1_109' title='bbox 277 1330 389 1389; x_wconf 88' lang='lat' dir='ltr'>aquam</span> <span class='ocrx_word' id='word_1_110' title='bbox 404 1314 541 1375; x_wconf 83' lang='lat' dir='ltr'>demissa</span> <span class='ocrx_word' id='word_1_111' title='bbox 554 1313 680 1374; x_wconf 80' lang='lat' dir='ltr'>refrixit.</span> <span class='ocrx_word' id='word_1_112' title='bbox 710 1313 795 1374; x_wconf 87' lang='lat' dir='ltr'>Mors</span> <span class='ocrx_word' id='word_1_113' title='bbox 815 1313 945 1374; x_wconf 88' lang='lat' dir='ltr'>honesta</span> <span class='ocrx_word' id='word_1_114' title='bbox 960 1322 1009 1375; x_wconf 90' lang='lat' dir='ltr'>est</span> <span class='ocrx_word' id='word_1_115' title='bbox 1025 1331 1082 1391; x_wconf 84' lang='lat' dir='ltr'>per</span> 
     </span>
     <span class='ocr_line' id='line_1_14' title="bbox 95 1395 1082 1472; baseline 0.001 -15"><span class='ocrx_word' id='word_1_116' title='bbox 95 1398 186 1470; x_wconf 90' lang='lat' dir='ltr'>illud,</span> <span class='ocrx_word' id='word_1_117' title='bbox 205 1397 289 1472; x_wconf 92' lang='lat' dir='ltr'>quod</span> <span class='ocrx_word' id='word_1_118' title='bbox 305 1398 467 1459; x_wconf 88' lang='lat' dir='ltr'>honestum</span> <span class='ocrx_word' id='word_1_119' title='bbox 483 1405 545 1472; x_wconf 89' lang='lat' dir='ltr'>est,</span> <span class='ocrx_word' id='word_1_120' title='bbox 560 1398 591 1457; x_wconf 94' lang='lat' dir='ltr'>id</span> <span class='ocrx_word' id='word_1_121' title='bbox 606 1405 653 1458; x_wconf 90' lang='lat' dir='ltr'>est</span> <span class='ocrx_word' id='word_1_122' title='bbox 668 1399 764 1460; x_wconf 89' lang='lat' dir='ltr'>virtus</span> <span class='ocrx_word' id='word_1_123' title='bbox 780 1405 810 1458; x_wconf 88' lang='lat' dir='ltr'>et</span> <span class='ocrx_word' id='word_1_124' title='bbox 824 1395 942 1458; x_wconf 87' lang='lat' dir='ltr'>animus</span> <span class='ocrx_word' id='word_1_125' title='bbox 954 1406 1082 1459; x_wconf 88' lang='lat' dir='ltr'>externa</span> 
     </span>
     <span class='ocr_line' id='line_1_15' title="bbox 96 1481 1125 1558; baseline 0 -16"><span class='ocrx_word' id='word_1_126' title='bbox 96 1489 307 1552; x_wconf 89' lang='lat' dir='ltr'>contemnens.</span> <span class='ocrx_word' id='word_1_127' title='bbox 341 1482 398 1543; x_wconf 86' lang='lat' dir='ltr'>Est</span> <span class='ocrx_word' id='word_1_128' title='bbox 412 1489 441 1542; x_wconf 89' lang='lat' dir='ltr'>et</span> <span class='ocrx_word' id='word_1_129' title='bbox 455 1483 572 1556; x_wconf 91' lang='lat' dir='ltr'>horum,</span> <span class='ocrx_word' id='word_1_130' title='bbox 589 1481 694 1555; x_wconf 89' lang='lat' dir='ltr'>Lucili,</span> <span class='ocrx_word' id='word_1_131' title='bbox 713 1498 793 1557; x_wconf 87' lang='lat' dir='ltr'>quae</span> <span class='ocrx_word' id='word_1_132' title='bbox 811 1481 1003 1558; x_wconf 86' lang='lat' dir='ltr'>adpellamus</span> <span class='ocrx_word' id='word_1_133' title='bbox 1017 1499 1080 1543; x_wconf 89' lang='lat' dir='ltr'>me·</span> <span class='ocrx_word' id='word_1_134' title='bbox 1090 1489 1125 1542; x_wconf 75' lang='lat'>16</span> 
     </span>
     <span class='ocr_line' id='line_1_16' title="bbox 94 1565 1126 1640; baseline 0 -14"><span class='ocrx_word' id='word_1_135' title='bbox 94 1566 161 1640; x_wconf 90' lang='lat' dir='ltr'>dia,</span> <span class='ocrx_word' id='word_1_136' title='bbox 184 1566 300 1640; x_wconf 83' lang='lat' dir='ltr'>grande</span> <span class='ocrx_word' id='word_1_137' title='bbox 321 1566 495 1627; x_wconf 87' lang='lat' dir='ltr'>discrimen.</span> <span class='ocrx_word' id='word_1_138' title='bbox 532 1567 694 1627; x_wconf 91' lang='lat' dir='ltr'>nonenim</span> <span class='ocrx_word' id='word_1_139' title='bbox 721 1567 766 1625; x_wconf 89' lang='lat' dir='ltr'>sic</span> <span class='ocrx_word' id='word_1_140' title='bbox 791 1581 874 1625; x_wconf 93' lang='lat' dir='ltr'>mors</span> <span class='ocrx_word' id='word_1_141' title='bbox 901 1565 1080 1627; x_wconf 81' lang='lat' dir='ltr'>indifferens</span> <span class='ocrx_word' id='word_1_142' title='bbox 1123 1566 1126 1570; x_wconf 84' lang='lat'>&#39;</span> 
     </span>
    </p>

    <p class='ocr_par' dir='ltr' id='par_1_3' title="bbox 37 1649 1162 2398">
     <span class='ocr_line' id='line_1_17' title="bbox 37 1649 1082 1726; baseline 0.003 -17"><span class='ocrx_word' id='word_1_143' title='bbox 37 1665 38 1671; x_wconf 50' lang='lat'>¹</span> <span class='ocrx_word' id='word_1_144' title='bbox 95 1659 157 1724; x_wconf 89' lang='lat' dir='ltr'>est,</span> <span class='ocrx_word' id='word_1_145' title='bbox 176 1651 331 1725; x_wconf 87' lang='lat' dir='ltr'>quomodo</span> <span class='ocrx_word' id='word_1_146' title='bbox 346 1659 446 1711; x_wconf 90' lang='lat' dir='ltr'>utrum</span> <span class='ocrx_word' id='word_1_147' title='bbox 462 1650 590 1726; x_wconf 81' lang='lat' dir='ltr'>capillos</span> <span class='ocrx_word' id='word_1_148' title='bbox 606 1665 698 1725; x_wconf 87' lang='lat' dir='ltr'>pares</span> <span class='ocrx_word' id='word_1_149' title='bbox 713 1649 846 1709; x_wconf 84' lang='lat' dir='ltr'>habeas=</span> <span class='ocrx_word' id='word_1_150' title='bbox 863 1664 963 1710; x_wconf 88' lang='lat' dir='ltr'>mors</span> <span class='ocrx_word' id='word_1_151' title='bbox 979 1649 1082 1711; x_wconf 87' lang='lat' dir='ltr'>inter</span> 
     </span>
     <span class='ocr_line' id='line_1_18' title="bbox 94 1733 1081 1810; baseline 0.002 -17"><span class='ocrx_word' id='word_1_152' title='bbox 94 1734 252 1808; x_wconf 89' lang='lat' dir='ltr'>illaest,</span> <span class='ocrx_word' id='word_1_153' title='bbox 273 1750 370 1810; x_wconf 90' lang='lat' dir='ltr'>quae</span> <span class='ocrx_word' id='word_1_154' title='bbox 385 1736 482 1794; x_wconf 86' lang='lat' dir='ltr'>mala</span> <span class='ocrx_word' id='word_1_155' title='bbox 497 1735 650 1810; x_wconf 89' lang='lat' dir='ltr'>quidem</span> <span class='ocrx_word' id='word_1_156' title='bbox 667 1751 741 1793; x_wconf 96' lang='lat' dir='ltr'>non</span> <span class='ocrx_word' id='word_1_157' title='bbox 757 1740 860 1806; x_wconf 87' lang='lat' dir='ltr'>sunt,</span> <span class='ocrx_word' id='word_1_158' title='bbox 876 1740 999 1794; x_wconf 91' lang='lat' dir='ltr'>tamen</span> <span class='ocrx_word' id='word_1_159' title='bbox 1014 1733 1081 1795; x_wconf 77' lang='lat' dir='ltr'>ha·</span> 
     </span>
     <span class='ocr_line' id='line_1_19' title="bbox 93 1816 1081 1893; baseline 0 -17"><span class='ocrx_word' id='word_1_160' title='bbox 93 1817 186 1878; x_wconf 90' lang='lat' dir='ltr'>bent</span> <span class='ocrx_word' id='word_1_161' title='bbox 205 1819 292 1877; x_wconf 87' lang='lat' dir='ltr'>nrali</span> <span class='ocrx_word' id='word_1_162' title='bbox 315 1819 503 1893; x_wconf 83' lang='lat' dir='ltr'>speciem:</span> <span class='ocrx_word' id='word_1_163' title='bbox 515 1816 574 1880; x_wconf 80' lang='lat' dir='ltr'>“sui</span> <span class='ocrx_word' id='word_1_164' title='bbox 590 1834 676 1878; x_wconf 90' lang='lat' dir='ltr'>amor</span> <span class='ocrx_word' id='word_1_165' title='bbox 695 1826 742 1878; x_wconf 89' lang='lat' dir='ltr'>est</span> <span class='ocrx_word' id='word_1_166' title='bbox 759 1824 789 1877; x_wconf 89' lang='lat' dir='ltr'>et</span> <span class='ocrx_word' id='word_1_167' title='bbox 800 1816 997 1892; x_wconf 88' lang='lat' dir='ltr'>permanendi</span> <span class='ocrx_word' id='word_1_168' title='bbox 1009 1834 1081 1878; x_wconf 89' lang='lat' dir='ltr'>con-</span> 
     </span>
     <span class='ocr_line' id='line_1_20' title="bbox 95 1901 1082 1980; baseline 0.001 -18"><span class='ocrx_word' id='word_1_169' title='bbox 95 1901 303 1976; x_wconf 88' lang='lat' dir='ltr'>servandique</span> <span class='ocrx_word' id='word_1_170' title='bbox 323 1918 358 1962; x_wconf 92' lang='lat' dir='ltr'>se</span> <span class='ocrx_word' id='word_1_171' title='bbox 378 1902 468 1980; x_wconf 85' lang='lat' dir='ltr'>insita</span> <span class='ocrx_word' id='word_1_172' title='bbox 491 1905 634 1963; x_wconf 89' lang='lat' dir='ltr'>voluntas</span> <span class='ocrx_word' id='word_1_173' title='bbox 656 1911 749 1977; x_wconf 88' lang='lat' dir='ltr'>etque</span> <span class='ocrx_word' id='word_1_174' title='bbox 768 1901 965 1977; x_wconf 89' lang='lat' dir='ltr'>adspernatio</span> <span class='ocrx_word' id='word_1_175' title='bbox 981 1901 1082 1963; x_wconf 87' lang='lat' dir='ltr'>disso-</span> 
     </span>
     <span class='ocr_line' id='line_1_21' title="bbox 94 1984 1082 2061; baseline 0.001 -16"><span class='ocrx_word' id='word_1_176' title='bbox 94 1985 236 2059; x_wconf 77' lang='lat' dir='ltr'>lutioniS,</span> <span class='ocrx_word' id='word_1_177' title='bbox 259 1985 330 2060; x_wconf 88' lang='lat' dir='ltr'>quia</span> <span class='ocrx_word' id='word_1_178' title='bbox 344 1986 464 2046; x_wconf 88' lang='lat' dir='ltr'>videtur</span> <span class='ocrx_word' id='word_1_179' title='bbox 480 1988 574 2047; x_wconf 90' lang='lat' dir='ltr'>multa</span> <span class='ocrx_word' id='word_1_180' title='bbox 589 1984 678 2047; x_wconf 92' lang='lat' dir='ltr'>nobis</span> <span class='ocrx_word' id='word_1_181' title='bbox 692 1986 774 2046; x_wconf 91' lang='lat' dir='ltr'>bona</span> <span class='ocrx_word' id='word_1_182' title='bbox 790 1984 908 2061; x_wconf 86' lang='lat' dir='ltr'>eripere</span> <span class='ocrx_word' id='word_1_183' title='bbox 924 1993 955 2046; x_wconf 90' lang='lat' dir='ltr'>ct</span> <span class='ocrx_word' id='word_1_184' title='bbox 969 2002 1026 2046; x_wconf 93' lang='lat' dir='ltr'>nos</span> <span class='ocrx_word' id='word_1_185' title='bbox 1042 2002 1082 2046; x_wconf 87' lang='lat' dir='ltr'>ex</span> 
     </span>
     <span class='ocr_line' id='line_1_22' title="bbox 95 2069 1082 2146; baseline 0.004 -18"><span class='ocrx_word' id='word_1_186' title='bbox 95 2069 168 2145; x_wconf 88' lang='lat' dir='ltr'>hac,</span> <span class='ocrx_word' id='word_1_187' title='bbox 191 2070 240 2129; x_wconf 90' lang='lat' dir='ltr'>cui</span> <span class='ocrx_word' id='word_1_188' title='bbox 259 2070 475 2144; x_wconf 87' lang='lat' dir='ltr'>adsuevimus,</span> <span class='ocrx_word' id='word_1_189' title='bbox 497 2087 600 2131; x_wconf 87' lang='lat' dir='ltr'>rerum</span> <span class='ocrx_word' id='word_1_190' title='bbox 616 2070 706 2145; x_wconf 90' lang='lat' dir='ltr'>copia</span> <span class='ocrx_word' id='word_1_191' title='bbox 720 2071 860 2130; x_wconf 89' lang='lat' dir='ltr'>educere.</span> <span class='ocrx_word' id='word_1_192' title='bbox 889 2070 940 2130; x_wconf 91' lang='lat' dir='ltr'>illa</span> <span class='ocrx_word' id='word_1_193' title='bbox 955 2086 1082 2146; x_wconf 85' lang='lat' dir='ltr'>quoque</span> 
     </span>
     <span class='ocr_line' id='line_1_23' title="bbox 93 2153 1162 2230; baseline 0.002 -18"><span class='ocrx_word' id='word_1_194' title='bbox 93 2169 145 2213; x_wconf 90' lang='lat' dir='ltr'>res</span> <span class='ocrx_word' id='word_1_195' title='bbox 160 2153 250 2214; x_wconf 86' lang='lat' dir='ltr'>morti</span> <span class='ocrx_word' id='word_1_196' title='bbox 265 2170 324 2215; x_wconf 92' lang='lat' dir='ltr'>nos</span> <span class='ocrx_word' id='word_1_197' title='bbox 339 2154 465 2229; x_wconf 89' lang='lat' dir='ltr'>alienat,</span> <span class='ocrx_word' id='word_1_198' title='bbox 493 2156 578 2230; x_wconf 91' lang='lat' dir='ltr'>quod</span> <span class='ocrx_word' id='word_1_199' title='bbox 599 2155 675 2215; x_wconf 88' lang='lat' dir='ltr'>baec</span> <span class='ocrx_word' id='word_1_200' title='bbox 691 2154 750 2214; x_wconf 89' lang='lat' dir='ltr'>iam</span> <span class='ocrx_word' id='word_1_201' title='bbox 766 2153 922 2228; x_wconf 89' lang='lat' dir='ltr'>novimus,</span> <span class='ocrx_word' id='word_1_202' title='bbox 947 2156 1014 2229; x_wconf 91' lang='lat' dir='ltr'>illa,</span> <span class='ocrx_word' id='word_1_203' title='bbox 1040 2154 1081 2215; x_wconf 89' lang='lat' dir='ltr'>ad</span> <span class='ocrx_word' id='word_1_204' title='bbox 1148 2164 1162 2189; x_wconf 84' lang='lat'><em>⁰</em></span> 
     </span>
     <span class='ocr_line' id='line_1_24' title="bbox 95 2238 1079 2315; baseline 0 -17"><span class='ocrx_word' id='word_1_205' title='bbox 95 2253 175 2311; x_wconf 89' lang='lat' dir='ltr'>quae</span> <span class='ocrx_word' id='word_1_206' title='bbox 195 2238 350 2299; x_wconf 89' lang='lat' dir='ltr'>transituri</span> <span class='ocrx_word' id='word_1_207' title='bbox 370 2254 493 2314; x_wconf 88' lang='lat' dir='ltr'>sumus,</span> <span class='ocrx_word' id='word_1_208' title='bbox 515 2239 685 2313; x_wconf 88' lang='lat' dir='ltr'>nescimus,</span> <span class='ocrx_word' id='word_1_209' title='bbox 709 2239 811 2315; x_wconf 87' lang='lat' dir='ltr'>qualia</span> <span class='ocrx_word' id='word_1_210' title='bbox 832 2239 907 2315; x_wconf 90' lang='lat' dir='ltr'>sint,</span> <span class='ocrx_word' id='word_1_211' title='bbox 930 2238 1079 2300; x_wconf 84' lang='lat' dir='ltr'>ethome-</span> 
     </span>
     <span class='ocr_line' id='line_1_25' title="bbox 93 2323 1078 2398; baseline 0.003 -18"><span class='ocrx_word' id='word_1_212' title='bbox 93 2338 163 2382; x_wconf 91' lang='lat' dir='ltr'>mus</span> <span class='ocrx_word' id='word_1_213' title='bbox 183 2323 296 2397; x_wconf 89' lang='lat' dir='ltr'>ignota.</span> <span class='ocrx_word' id='word_1_214' title='bbox 332 2323 477 2384; x_wconf 87' lang='lat' dir='ltr'>naturalis</span> <span class='ocrx_word' id='word_1_215' title='bbox 499 2330 659 2398; x_wconf 87' lang='lat' dir='ltr'>praeterea</span> <span class='ocrx_word' id='word_1_216' title='bbox 685 2323 879 2384; x_wconf 87' lang='lat' dir='ltr'>tenebrarum</span> <span class='ocrx_word' id='word_1_217' title='bbox 900 2331 999 2384; x_wconf 90' lang='lat' dir='ltr'>metus</span> <span class='ocrx_word' id='word_1_218' title='bbox 1022 2330 1078 2396; x_wconf 91' lang='lat' dir='ltr'>est,</span> 
     </span>
    </p>

    <p class='ocr_par' dir='ltr' id='par_1_4' title="bbox 43 2405 1124 3069">
     <span class='ocr_line' id='line_1_26' title="bbox 43 2405 1124 2482; baseline 0.004 -17"><span class='ocrx_word' id='word_1_219' title='bbox 43 2434 46 2438; x_wconf 96' lang='lat'>·</span> <span class='ocrx_word' id='word_1_220' title='bbox 88 2406 124 2465; x_wconf 84' lang='lat' dir='ltr'>in</span> <span class='ocrx_word' id='word_1_221' title='bbox 142 2423 220 2482; x_wconf 89' lang='lat' dir='ltr'>quas</span> <span class='ocrx_word' id='word_1_222' title='bbox 235 2405 407 2466; x_wconf 89' lang='lat' dir='ltr'>adductura</span> <span class='ocrx_word' id='word_1_223' title='bbox 421 2423 504 2467; x_wconf 89' lang='lat' dir='ltr'>mors</span> <span class='ocrx_word' id='word_1_224' title='bbox 521 2407 662 2468; x_wconf 88' lang='lat' dir='ltr'>creditur.</span> <span class='ocrx_word' id='word_1_225' title='bbox 698 2407 804 2481; x_wconf 90' lang='lat' dir='ltr'>Itaque</span> <span class='ocrx_word' id='word_1_226' title='bbox 826 2406 944 2468; x_wconf 89' lang='lat' dir='ltr'>etiamsi</span> <span class='ocrx_word' id='word_1_227' title='bbox 961 2406 1082 2467; x_wconf 82' lang='lat' dir='ltr'>indiffe-</span> <span class='ocrx_word' id='word_1_228' title='bbox 1090 2414 1124 2469; x_wconf 84' lang='lat'>16</span> 
     </span>
     <span class='ocr_line' id='line_1_27' title="bbox 93 2490 1080 2566; baseline 0.002 -18"><span class='ocrx_word' id='word_1_229' title='bbox 93 2505 166 2550; x_wconf 88' lang='lat' dir='ltr'>rens</span> <span class='ocrx_word' id='word_1_230' title='bbox 181 2505 267 2550; x_wconf 89' lang='lat' dir='ltr'>mors</span> <span class='ocrx_word' id='word_1_231' title='bbox 283 2497 339 2561; x_wconf 90' lang='lat' dir='ltr'>est,</span> <span class='ocrx_word' id='word_1_232' title='bbox 355 2507 417 2550; x_wconf 93' lang='lat' dir='ltr'>non</span> <span class='ocrx_word' id='word_1_233' title='bbox 434 2498 535 2550; x_wconf 88' lang='lat' dir='ltr'>tamen</span> <span class='ocrx_word' id='word_1_234' title='bbox 550 2506 588 2550; x_wconf 88' lang='lat' dir='ltr'>ea</span> <span class='ocrx_word' id='word_1_235' title='bbox 602 2498 657 2564; x_wconf 89' lang='lat' dir='ltr'>est,</span> <span class='ocrx_word' id='word_1_236' title='bbox 675 2505 755 2566; x_wconf 88' lang='lat' dir='ltr'>quae</span> <span class='ocrx_word' id='word_1_237' title='bbox 770 2490 858 2551; x_wconf 80' lang='lat' dir='ltr'>facile</span> <span class='ocrx_word' id='word_1_238' title='bbox 873 2491 993 2565; x_wconf 82' lang='lat' dir='ltr'>neglegi</span> <span class='ocrx_word' id='word_1_239' title='bbox 1009 2507 1080 2564; x_wconf 92' lang='lat' dir='ltr'>pos-</span> 
     </span>
     <span class='ocr_line' id='line_1_28' title="bbox 94 2574 1079 2648; baseline 0 -14"><span class='ocrx_word' id='word_1_240' title='bbox 94 2575 148 2634; x_wconf 83' lang='lat' dir='ltr'>sit:</span> <span class='ocrx_word' id='word_1_241' title='bbox 169 2589 306 2648; x_wconf 88' lang='lat' dir='ltr'>magna</span> <span class='ocrx_word' id='word_1_242' title='bbox 322 2574 613 2634; x_wconf 87' lang='lat' dir='ltr'>exercitatione</span> <span class='ocrx_word' id='word_1_243' title='bbox 631 2575 830 2636; x_wconf 89' lang='lat' dir='ltr'>durandus</span> <span class='ocrx_word' id='word_1_244' title='bbox 846 2574 1079 2647; x_wconf 90' lang='lat' dir='ltr'>estanimus,</span> 
     </span>
     <span class='ocr_line' id='line_1_29' title="bbox 93 2657 1080 2732; baseline -0.002 -14"><span class='ocrx_word' id='word_1_245' title='bbox 93 2667 132 2718; x_wconf 90' lang='lat' dir='ltr'>ut</span> <span class='ocrx_word' id='word_1_246' title='bbox 170 2666 425 2732; x_wconf 90' lang='lat' dir='ltr'>conspectum</span> <span class='ocrx_word' id='word_1_247' title='bbox 461 2659 547 2718; x_wconf 89' lang='lat' dir='ltr'>eius</span> <span class='ocrx_word' id='word_1_248' title='bbox 583 2672 868 2731; x_wconf 83' lang='lat' dir='ltr'>accessumque</span> <span class='ocrx_word' id='word_1_249' title='bbox 897 2657 1080 2732; x_wconf 88' lang='lat' dir='ltr'>patiatur.</span> 
     </span>
     <span class='ocr_line' id='line_1_30' title="bbox 92 2739 1080 2816; baseline 0.001 -16"><span class='ocrx_word' id='word_1_250' title='bbox 92 2741 179 2803; x_wconf 88' lang='lat' dir='ltr'>Mors</span> <span class='ocrx_word' id='word_1_251' title='bbox 199 2741 351 2801; x_wconf 90' lang='lat' dir='ltr'>contemni</span> <span class='ocrx_word' id='word_1_252' title='bbox 372 2741 463 2802; x_wconf 87' lang='lat' dir='ltr'>debet</span> <span class='ocrx_word' id='word_1_253' title='bbox 484 2741 580 2816; x_wconf 87' lang='lat' dir='ltr'>magis</span> <span class='ocrx_word' id='word_1_254' title='bbox 603 2758 694 2816; x_wconf 91' lang='lat' dir='ltr'>quam</span> <span class='ocrx_word' id='word_1_255' title='bbox 715 2742 804 2802; x_wconf 86' lang='lat' dir='ltr'>solet.</span> <span class='ocrx_word' id='word_1_256' title='bbox 832 2743 925 2802; x_wconf 90' lang='lat' dir='ltr'>multa</span> <span class='ocrx_word' id='word_1_257' title='bbox 946 2739 1025 2802; x_wconf 92' lang='lat' dir='ltr'>enim</span> <span class='ocrx_word' id='word_1_258' title='bbox 1042 2742 1080 2801; x_wconf 92' lang='lat' dir='ltr'>de</span> 
     </span>
     <span class='ocr_line' id='line_1_31' title="bbox 93 2824 1081 2901; baseline 0.003 -18"><span class='ocrx_word' id='word_1_259' title='bbox 93 2825 144 2885; x_wconf 90' lang='lat' dir='ltr'>illa</span> <span class='ocrx_word' id='word_1_260' title='bbox 165 2825 330 2886; x_wconf 90' lang='lat' dir='ltr'>credimus.</span> <span class='ocrx_word' id='word_1_261' title='bbox 359 2827 519 2886; x_wconf 90' lang='lat' dir='ltr'>multorum</span> <span class='ocrx_word' id='word_1_262' title='bbox 540 2826 669 2900; x_wconf 88' lang='lat' dir='ltr'>ingeniis</span> <span class='ocrx_word' id='word_1_263' title='bbox 686 2832 831 2885; x_wconf 85' lang='lat' dir='ltr'>certatum</span> <span class='ocrx_word' id='word_1_264' title='bbox 846 2833 894 2887; x_wconf 90' lang='lat' dir='ltr'>est</span> <span class='ocrx_word' id='word_1_265' title='bbox 909 2824 949 2885; x_wconf 89' lang='lat' dir='ltr'>ad</span> <span class='ocrx_word' id='word_1_266' title='bbox 966 2841 1081 2901; x_wconf 88' lang='lat' dir='ltr'>augen-</span> 
     </span>
     <span class='ocr_line' id='line_1_32' title="bbox 94 2908 1079 2985; baseline 0.001 -17"><span class='ocrx_word' id='word_1_267' title='bbox 94 2910 164 2968; x_wconf 87' lang='lat' dir='ltr'>dam</span> <span class='ocrx_word' id='word_1_268' title='bbox 180 2910 246 2970; x_wconf 88' lang='lat' dir='ltr'>eius</span> <span class='ocrx_word' id='word_1_269' title='bbox 263 2909 426 2969; x_wconf 79' lang='lat' dir='ltr'>infamiam.</span> <span class='ocrx_word' id='word_1_270' title='bbox 450 2908 624 2984; x_wconf 89' lang='lat' dir='ltr'>descriptus</span> <span class='ocrx_word' id='word_1_271' title='bbox 640 2917 688 2970; x_wconf 89' lang='lat' dir='ltr'>est</span> <span class='ocrx_word' id='word_1_272' title='bbox 703 2926 808 2971; x_wconf 87' lang='lat' dir='ltr'>carcer</span> <span class='ocrx_word' id='word_1_273' title='bbox 822 2911 958 2971; x_wconf 80' lang='lat' dir='ltr'>internus</span> <span class='ocrx_word' id='word_1_274' title='bbox 970 2917 1000 2970; x_wconf 89' lang='lat' dir='ltr'>et</span> <span class='ocrx_word' id='word_1_275' title='bbox 1011 2927 1079 2985; x_wconf 91' lang='lat' dir='ltr'>per·</span> 
     </span>
     <span class='ocr_line' id='line_1_33' title="bbox 96 2991 703 3069; baseline 0.002 -17"><span class='ocrx_word' id='word_1_276' title='bbox 96 3001 188 3068; x_wconf 90' lang='lat' dir='ltr'>petua</span> <span class='ocrx_word' id='word_1_277' title='bbox 204 3001 294 3055; x_wconf 89' lang='lat' dir='ltr'>nocte</span> <span class='ocrx_word' id='word_1_278' title='bbox 311 2993 463 3068; x_wconf 87' lang='lat' dir='ltr'>obpressa</span> <span class='ocrx_word' id='word_1_279' title='bbox 476 2991 578 3069; x_wconf 89' lang='lat' dir='ltr'>regio,</span> <span class='ocrx_word' id='word_1_280' title='bbox 596 2994 626 3053; x_wconf 93' lang='lat' dir='ltr'>in</span> <span class='ocrx_word' id='word_1_281' title='bbox 641 3010 703 3069; x_wconf 84' lang='lat' dir='ltr'>qua</span> 
     </span>
    </p>

    <p class='ocr_par' dir='ltr' id='par_1_5' title="bbox 92 3081 1080 3580">
     <span class='ocr_line' id='line_1_34' title="bbox 720 3081 1030 3152; baseline 0 -14"><span class='ocrx_word' id='word_1_282' title='bbox 720 3082 825 3152; x_wconf 75' lang='lat' dir='ltr'>lupeno</span> <span class='ocrx_word' id='word_1_283' title='bbox 840 3081 950 3140; x_wconf 81' lang='lat' dir='ltr'>ianitor</span> <span class='ocrx_word' id='word_1_284' title='bbox 964 3083 1030 3139; x_wconf 82' lang='lat' dir='ltr'>orci</span> 
     </span>
     <span class='ocr_line' id='line_1_35' title="bbox 221 3163 931 3237; baseline 0 -15"><span class='ocrx_word' id='word_1_285' title='bbox 221 3178 289 3222; x_wconf 82' lang='lat' dir='ltr'>ossa</span> <span class='ocrx_word' id='word_1_286' title='bbox 303 3178 395 3236; x_wconf 84' lang='lat' dir='ltr'>saper</span> <span class='ocrx_word' id='word_1_287' title='bbox 407 3163 554 3223; x_wconf 80' lang='lat' dir='ltr'>recubans</span> <span class='ocrx_word' id='word_1_288' title='bbox 567 3170 654 3223; x_wconf 80' lang='lat' dir='ltr'>antro</span> <span class='ocrx_word' id='word_1_289' title='bbox 667 3179 781 3222; x_wconf 82' lang='lat' dir='ltr'>semeso</span> <span class='ocrx_word' id='word_1_290' title='bbox 794 3169 931 3237; x_wconf 70' lang='lat' dir='ltr'>macuto,</span> 
     </span>
     <span class='ocr_line' id='line_1_36' title="bbox 220 3247 954 3320; baseline 0.003 -16"><span class='ocrx_word' id='word_1_291' title='bbox 220 3252 373 3305; x_wconf 82' lang='lat' dir='ltr'>aeternam</span> <span class='ocrx_word' id='word_1_292' title='bbox 388 3249 506 3306; x_wconf 81' lang='lat' dir='ltr'>latrans</span> <span class='ocrx_word' id='word_1_293' title='bbox 520 3263 688 3320; x_wconf 68' lang='lat' dir='ltr'>exsangues</span> <span class='ocrx_word' id='word_1_294' title='bbox 702 3251 814 3306; x_wconf 70' lang='lat' dir='ltr'>terrem</span> <span class='ocrx_word' id='word_1_295' title='bbox 825 3247 954 3306; x_wconf 80' lang='lat' dir='ltr'>umbras.</span> 
     </span>
     <span class='ocr_line' id='line_1_37' title="bbox 92 3329 1079 3405; baseline 0.002 -17"><span class='ocrx_word' id='word_1_296' title='bbox 92 3329 190 3389; x_wconf 83' lang='lat' dir='ltr'>Etiam</span> <span class='ocrx_word' id='word_1_297' title='bbox 211 3343 281 3389; x_wconf 90' lang='lat' dir='ltr'>cum</span> <span class='ocrx_word' id='word_1_298' title='bbox 305 3329 501 3403; x_wconf 87' lang='lat' dir='ltr'>persuaseris</span> <span class='ocrx_word' id='word_1_299' title='bbox 522 3331 597 3390; x_wconf 91' lang='lat' dir='ltr'>istas</span> <span class='ocrx_word' id='word_1_300' title='bbox 619 3329 739 3389; x_wconf 83' lang='lat' dir='ltr'>tabulas</span> <span class='ocrx_word' id='word_1_301' title='bbox 755 3344 826 3389; x_wconf 89' lang='lat' dir='ltr'>esse</span> <span class='ocrx_word' id='word_1_302' title='bbox 841 3345 898 3388; x_wconf 91' lang='lat' dir='ltr'>nec</span> <span class='ocrx_word' id='word_1_303' title='bbox 914 3330 1079 3405; x_wconf 84' lang='lat' dir='ltr'>quicquam</span> 
     </span>
     <span class='ocr_line' id='line_1_38' title="bbox 93 3409 1079 3487; baseline -0.004 -16"><span class='ocrx_word' id='word_1_304' title='bbox 93 3412 247 3473; x_wconf 77' lang='lat' dir='ltr'>defunctis</span> <span class='ocrx_word' id='word_1_305' title='bbox 270 3428 451 3487; x_wconf 89' lang='lat' dir='ltr'>superesse,</span> <span class='ocrx_word' id='word_1_306' title='bbox 482 3414 567 3487; x_wconf 92' lang='lat' dir='ltr'>quod</span> <span class='ocrx_word' id='word_1_307' title='bbox 587 3409 725 3485; x_wconf 86' lang='lat' dir='ltr'>timeant,</span> <span class='ocrx_word' id='word_1_308' title='bbox 752 3412 834 3473; x_wconf 92' lang='lat' dir='ltr'>subit</span> <span class='ocrx_word' id='word_1_309' title='bbox 858 3412 936 3472; x_wconf 89' lang='lat' dir='ltr'>alius</span> <span class='ocrx_word' id='word_1_310' title='bbox 962 3420 1079 3472; x_wconf 81' lang='lat' dir='ltr'>metus=</span> 
     </span>
     <span class='ocr_line' id='line_1_39' title="bbox 94 3493 1080 3580; baseline -0.002 -25"><span class='ocrx_word' id='word_1_311' title='bbox 94 3511 194 3571; x_wconf 87' lang='lat' dir='ltr'>aeque</span> <span class='ocrx_word' id='word_1_312' title='bbox 214 3493 296 3556; x_wconf 90' lang='lat' dir='ltr'>enim</span> <span class='ocrx_word' id='word_1_313' title='bbox 315 3497 433 3570; x_wconf 89' lang='lat' dir='ltr'>timent,</span> <span class='ocrx_word' id='word_1_314' title='bbox 455 3511 494 3556; x_wconf 93' lang='lat' dir='ltr'>ne</span> <span class='ocrx_word' id='word_1_315' title='bbox 514 3496 598 3572; x_wconf 86' lang='lat' dir='ltr'>apud</span> <span class='ocrx_word' id='word_1_316' title='bbox 620 3496 735 3556; x_wconf 87' lang='lat' dir='ltr'>inferos</span> <span class='ocrx_word' id='word_1_317' title='bbox 756 3497 929 3580; x_wconf 47' lang='lat' dir='ltr'>sinttquam</span> <span class='ocrx_word' id='word_1_318' title='bbox 951 3509 989 3553; x_wconf 83' lang='lat' dir='ltr'>ne</span> <span class='ocrx_word' id='word_1_319' title='bbox 1002 3510 1080 3573; x_wconf 74' lang='lat' dir='ltr'>uus-</span> 
     </span>
    </p>
   </div>
   <div class='ocr_carea' id='block_1_3' title="bbox 0 0 1216 3862">
    <p class='ocr_par' dir='ltr' id='par_1_6' title="bbox 0 0 1216 3862">
     <span class='ocr_line' id='line_1_40' title="bbox 0 0 1216 3862; baseline 0 0"><span class='ocrx_word' id='word_1_320' title='bbox 0 0 1216 3862; x_wconf 95' lang='lat' dir='ltr'> </span> 
     </span>
    </p>
   </div>
  </div>
 </body>
</html>
