2422 3862
128 230 193 296 ³44
422 227 455 288 L.
475 227 621 288 nunaut
643 226 818 288 sublacus
841 267 849 282 .

131 383 201 457 cipe
215 381 296 443 hunc
306 379 347 439 M.
363 377 505 438 catone
514 394 544 437 m
556 376 765 452 recentiorem,
777 392 846 438 oum
858 393 920 453 quo
932 385 963 438 et
973 377 1116 443 infestius

130 467 253 527 fortuna
273 464 335 538 egit
348 469 380 524 et
393 461 591 538 pertinacius.
619 461 668 523 cui
683 477 752 521 cum
768 460 910 523 omnibus
924 462 1003 523 locis
1020 463 1115 526 obsti·

130 550 226 622 tissel,
243 545 413 608 novissime
426 552 457 605 et
470 544 500 606 in
512 551 622 619 morte,
637 545 770 607 ostendit
783 551 882 606 tamen
892 546 992 606 ’vuum
1004 546 1117 607 fortem

131 648 228 709 posse
249 631 343 692 invita
363 631 486 692 fortuna
503 629 625 703 <vicera
650 628 744 690 invita
763 630 856 691 mori:
879 636 943 691 tota
962 629 1006 691 illl
1028 638 1116 693 actas

131 725 183 778 aut
197 715 228 776 in
243 716 337 776 armis
353 721 402 775 est
415 721 524 775 exacta
540 712 680 774 civilibus
693 719 748 774 aut
762 713 792 773 in
806 719 905 775 aetate
921 713 1116 790 concipiente

131 799 191 860 iam
208 799 297 859 civile
317 798 439 857 bellum.
468 804 498 857 et
519 796 599 856 hunc
620 797 691 858 licet
711 798 797 859 dicas
818 813 879 856 non
898 798 1001 860 minus
1022 815 1116 874 quam

133 883 279 943 Socraten
301 881 438 942 servituti
456 896 491 940 se
512 880 672 955 eduxisse,
692 880 751 941 nisi
770 882 849 943 forte
867 882 920 942 Cn.
933 881 1116 957 Pompeium

132 973 162 1027 et
185 965 347 1026 Caesarem
371 970 400 1024 et
422 965 566 1026 Crassum
589 971 677 1039 putas
704 964 849 1026 libertatis
876 965 981 1026 socios
1007 965 1115 1027 luisse.

88 1049 225 1112 ithemo
246 1055 392 1111 mutatum
415 1046 558 1108 emonem
580 1049 690 1108 totiens
710 1055 824 1109 mutmu
842 1049 1003 1124 republica
1024 1048 1116 1110 vidite

132 1133 273 1193 eumdem
292 1148 327 1193 se
347 1132 377 1192 in
399 1133 480 1191 omni
501 1139 581 1193 statu
601 1132 765 1208 praestitit,
788 1131 818 1193 in
836 1141 994 1208 praetura,
1013 1132 1046 1193 in
1066 1149 1115 1194 re-

131 1219 231 1293 pulsa,
253 1218 283 1276 in
298 1214 503 1290 accusatione,
525 1215 556 1276 in
570 1217 737 1293 provincia,
758 1216 789 1276 in
806 1217 964 1292 concione,
981 1219 1011 1277 in
1026 1232 1115 1278 exer·

133 1301 208 1373 citu,
230 1299 260 1360 in
276 1304 382 1361 morte.
426 1300 567 1376 Denique
586 1301 617 1360 in
632 1301 682 1360 illa
698 1300 885 1376 reipublicae
900 1301 1114 1376 trepidatione,

133 1401 202 1445 cum
222 1384 303 1445 illine
318 1383 432 1444 Caesar
452 1393 536 1445 esset
555 1384 662 1444 decem
683 1383 855 1459 legionibus
872 1385 1117 1461 pugnacissimis

132 1466 299 1542 subnixus,
328 1475 373 1530 tot
401 1475 572 1530 exterarum
600 1469 734 1543 gentium
759 1469 937 1544 praesidiis,
964 1469 1035 1529 binc
1061 1469 1116 1529 Cn.

131 1553 305 1629 Pompeius,
321 1553 397 1614 satis
412 1569 493 1614 unus
509 1554 659 1614 adversus
675 1555 786 1626 omnia,
801 1570 869 1614 cum
884 1552 935 1613 alii
948 1554 986 1614 ad
1002 1552 1116 1614 Caesa-

131 1652 197 1698 rem
207 1637 396 1710 inclinarent,
414 1636 464 1696 olii
476 1637 515 1697 ad
527 1637 713 1713 Pompeium,
725 1639 812 1699 solus
824 1638 898 1698 cato
911 1636 980 1698 lenit
992 1636 1116 1710 aliquas

90 1728 162 1784 alet
183 1720 370 1796 reipublicae
391 1727 505 1796 partes.
549 1720 581 1782 Si
597 1719 698 1781 animo
715 1720 867 1797 conplecti
882 1720 1014 1781 volueris
1028 1720 1115 1780 illius

132 1803 294 1879 imaginem
309 1805 466 1882 temporis,
480 1803 599 1866 videbis
611 1804 692 1866 illinc
705 1805 824 1880 plebem
838 1812 867 1865 et
878 1819 966 1865 omne
978 1811 1117 1865 erectum

133 1889 240 1949 adres
259 1905 357 1950 novas
375 1891 500 1964 volgus,
521 1888 592 1950 hine
611 1890 771 1964 optimates
789 1897 819 1950 et
836 1898 1010 1965 equestrem
1031 1889 1116 1948 ordi·

132 1987 217 2047 nem,
241 1971 388 2048 quicquid
411 1980 477 2033 erat
495 1974 526 2033 in
547 1973 666 2034 civitate
688 1974 784 2035 sancti
805 1981 835 2034 et
853 1972 955 2048 electi,
981 1974 1062 2033 duos
1083 1973 1115 2032 in

132 2056 234 2116 medio
250 2057 391 2127 relictos,
406 2057 625 2131 rempublicam
640 2066 669 2117 et
685 2057 840 2118 Catonem.
884 2057 1054 2132 Miraberis,
1070 2056 1112 2116 in-

134 2154 235 2212 quam,
251 2154 320 2200 cum
334 2140 585 2202 animadverteris

195 2221 319 2283 Atriden
337 2223 548 2299 mniumque
560 2232 591 2286 et
601 2243 717 2287 saevom
732 2226 869 2286 ambobus
882 2224 1035 2286 Achillen:

90 2307 295 2380 centrumque
312 2307 395 2366 enlm
414 2307 569 2383 inprobat,
584 2314 747 2385 utrumque
762 2316 908 2370 exarmat.
952 2309 1041 2369 Hanc
1059 2309 1117 2370 lert

133 2389 173 2448 de
190 2396 322 2465 utroque
342 2392 536 2452 sententiam
560 2394 601 2453 ait
616 2410 686 2469 „se,
708 2392 734 2454 si
752 2394 865 2454 Caesar
880 2391 1002 2468 vicerit,
1023 2394 1117 2454 mori·

132 2481 248 2549 turum,
272 2474 299 2534 si
312 2473 486 2551 Pompeius,
501 2479 723 2539 exulaturum.“
767 2477 845 2551 Quid
860 2476 1007 2551 habebat,
1031 2477 1116 2553 qnod

132 2559 264 2633 timeret,
287 2560 339 2634 qui
359 2559 390 2620 id
412 2561 470 2621 sibl
484 2568 516 2620 et
534 2560 614 2622 victo
633 2570 663 2623 et
676 2561 784 2622 victori
794 2562 1012 2634 constituerat,
1035 2576 1117 2636 quae

134 2642 297 2704 constituta
314 2659 390 2704 csse
409 2645 448 2705 ab
472 2643 611 2706 hostibus
637 2644 807 2707 iratissimis
834 2652 996 2720 poterante
1026 2645 1117 2719 periit

89 2724 235 2801 aditaque
255 2744 293 2786 ex
313 2728 437 2789 decreto
460 2743 529 2788 suo.
571 2728 670 2790 Vides
691 2746 787 2805 posse
809 2730 951 2790 homines
977 2728 1116 2789 laborem

132 2809 209 2882 pati:
236 2825 293 2884 per
306 2809 429 2871 medias
450 2811 573 2872 Africae
592 2813 773 2874 solitudines
790 2813 891 2888 podes
915 2813 1003 2874 duxit
1027 2828 1117 2872 exer-

133 2890 233 2951 citum
261 2892 349 2952 vides
371 2909 467 2967 posse
489 2896 611 2956 tolerari
632 2897 727 2957 silim:
754 2899 784 2956 in
806 2897 936 2957 collibus
958 2896 1116 2956 arentibus

133 2971 201 3034 sine
222 2973 293 3035 ullis
314 2974 529 3051 inpedimentis
553 2979 623 3040 victi
644 2981 797 3041 exercitus
819 2979 965 3054 reliquias
986 2981 1114 3040 trahens

132 3057 267 3133 inopiam
281 3059 419 3122 humoris
433 3063 577 3124 loricatus
592 3066 658 3125 tulit
674 3071 719 3139 et,
744 3065 885 3140 quotiens
900 3079 1002 3138 aquae
1016 3064 1117 3123 tuerat

133 3141 268 3216 occasio,
284 3144 471 3206 novissimus
485 3145 569 3208 bibit
590 3147 678 3208 uides
693 3147 841 3210 bonorem
855 3154 886 3207 et
900 3155 1002 3206 notam
1019 3163 1117 3222 posse

133 3228 300 3287 contemni=
328 3229 439 3289 eodem
462 3246 524 3304 quo
547 3234 690 3306 repulsus
716 3240 764 3292 est
784 3233 834 3292 die
858 3232 887 3290 in
904 3230 1032 3291 comitio
1053 3231 1116 3306 pila

132 3309 212 3372 lusit
240 3311 328 3372 vides
348 3328 444 3387 posse
462 3329 524 3372 non
545 3315 642 3374 timeri
661 3316 828 3390 potentiam
849 3316 1063 3390 superiorum:
1083 3322 1117 3374 et

131 3395 309 3470 Pompeium
326 3403 355 3455 el
372 3395 543 3470 Caesarem,
559 3413 687 3473 quorum
703 3416 793 3460 nemo
809 3401 936 3460 alterum
954 3399 1118 3461 offendere

132 3478 281 3552 audebat,
301 3478 360 3538 nisi
377 3486 410 3539 ut
430 3480 558 3540 alterum
572 3483 792 3558 demereretur,
814 3483 904 3545 simul
921 3483 1116 3560 provocavit.
