<?xml version="1.0" encoding="UTF-8"?>
<!DOCTYPE html PUBLIC "-//W3C//DTD XHTML 1.0 Transitional//EN"
    "http://www.w3.org/TR/xhtml1/DTD/xhtml1-transitional.dtd">
<html xmlns="http://www.w3.org/1999/xhtml" xml:lang="en" lang="en">
 <head>
  <title>
</title>
<meta http-equiv="Content-Type" content="text/html;charset=utf-8" />
  <meta name='ocr-system' content='tesseract 3.04.00' />
  <meta name='ocr-capabilities' content='ocr_page ocr_carea ocr_par ocr_line ocrx_word'/>
</head>
<body>
  <div class='ocr_page' id='page_1' title='image "./lannaeisenecaeo06senegoog_0398.png"; bbox 0 0 2422 3862; ppageno 0'>
   <div class='ocr_carea' id='block_1_1' title="bbox 238 229 1083 307">
    <p class='ocr_par' dir='ltr' id='par_1_1' title="bbox 238 229 1083 307">
     <span class='ocr_line' id='line_1_1' title="bbox 238 229 1083 307; baseline 0.006 -16"><span class='ocrx_word' id='word_1_1' title='bbox 238 229 611 293; x_wconf 61' lang='lat' dir='ltr'>mussitationem.</span> <span class='ocrx_word' id='word_1_2' title='bbox 626 230 705 291; x_wconf 86' lang='lat' dir='ltr'><strong>XIX.</strong></span> <span class='ocrx_word' id='word_1_3' title='bbox 724 231 783 291; x_wconf 84' lang='grc' dir='ltr'>ΕΡ.</span> <span class='ocrx_word' id='word_1_4' title='bbox 797 237 820 290; x_wconf 92' lang='lat' dir='ltr'>l.</span> <span class='ocrx_word' id='word_1_5' title='bbox 843 235 934 307; x_wconf 85' lang='lat' dir='ltr'>(llo.)</span> <span class='ocrx_word' id='word_1_6' title='bbox 1017 231 1083 296; x_wconf 74' lang='lat'>363</span> 
     </span>
    </p>
   </div>
   <div class='ocr_carea' id='block_1_2' title="bbox 91 383 1155 3555">
    <p class='ocr_par' dir='ltr' id='par_1_2' title="bbox 91 383 1155 3555">
     <span class='ocr_line' id='line_1_2' title="bbox 97 383 1082 462; baseline -0.002 -14"><span class='ocrx_word' id='word_1_7' title='bbox 97 392 217 462; x_wconf 74' lang='lat' dir='ltr'>potesta</span> <span class='ocrx_word' id='word_1_8' title='bbox 238 398 312 444; x_wconf 93' lang='lat' dir='ltr'>uno</span> <span class='ocrx_word' id='word_1_9' title='bbox 328 389 428 443; x_wconf 89' lang='lat' dir='ltr'>autern</span> <span class='ocrx_word' id='word_1_10' title='bbox 444 383 556 443; x_wconf 92' lang='lat' dir='ltr'>modo</span> <span class='ocrx_word' id='word_1_11' title='bbox 572 388 721 458; x_wconf 89' lang='lat' dir='ltr'>potest,</span> <span class='ocrx_word' id='word_1_12' title='bbox 743 383 776 442; x_wconf 89' lang='lat' dir='ltr'>si</span> <span class='ocrx_word' id='word_1_13' title='bbox 795 384 881 458; x_wconf 90' lang='lat' dir='ltr'>quis</span> <span class='ocrx_word' id='word_1_14' title='bbox 903 384 1082 446; x_wconf 84' lang='grc'>1111111111-</span> 
     </span>
     <span class='ocr_line' id='line_1_3' title="bbox 97 465 1155 543; baseline 0 -14"><span class='ocrx_word' id='word_1_15' title='bbox 97 465 1036 543; x_wconf 87' lang='lat' dir='ltr'>manorumdivinorumquenotitiamacccperit,</span> <span class='ocrx_word' id='word_1_16' title='bbox 1056 468 1083 529; x_wconf 91' lang='lat' dir='ltr'>si</span> <span class='ocrx_word' id='word_1_17' title='bbox 1150 486 1155 495; x_wconf 94' lang='lat'>·</span> 
     </span>
     <span class='ocr_line' id='line_1_4' title="bbox 95 548 1081 627; baseline -0.001 -13"><span class='ocrx_word' id='word_1_18' title='bbox 95 554 149 614; x_wconf 90' lang='lat' dir='ltr'>illa</span> <span class='ocrx_word' id='word_1_19' title='bbox 166 568 201 612; x_wconf 93' lang='lat' dir='ltr'>se</span> <span class='ocrx_word' id='word_1_20' title='bbox 219 566 281 611; x_wconf 90' lang='lat' dir='ltr'>non</span> <span class='ocrx_word' id='word_1_21' title='bbox 296 549 477 626; x_wconf 83' lang='lat' dir='ltr'>perfuderit,</span> <span class='ocrx_word' id='word_1_22' title='bbox 500 551 558 610; x_wconf 89' lang='lat' dir='ltr'>sed</span> <span class='ocrx_word' id='word_1_23' title='bbox 572 550 725 622; x_wconf 80' lang='lat' dir='ltr'><strong>infecerit,</strong></span> <span class='ocrx_word' id='word_1_24' title='bbox 750 548 777 610; x_wconf 86' lang='lat' dir='ltr'>si</span> <span class='ocrx_word' id='word_1_25' title='bbox 792 552 916 623; x_wconf 88' lang='lat' dir='ltr'>eudem,</span> <span class='ocrx_word' id='word_1_26' title='bbox 939 553 1081 627; x_wconf 86' lang='lat' dir='ltr'>quamvis</span> 
     </span>
     <span class='ocr_line' id='line_1_5' title="bbox 95 632 1081 710; baseline -0.002 -12"><span class='ocrx_word' id='word_1_27' title='bbox 95 637 185 708; x_wconf 84' lang='lat' dir='ltr'>solat,</span> <span class='ocrx_word' id='word_1_28' title='bbox 198 633 407 696; x_wconf 77' lang='lat' dir='ltr'>retractaverit</span> <span class='ocrx_word' id='word_1_29' title='bbox 421 640 450 693; x_wconf 90' lang='grc'>11</span> <span class='ocrx_word' id='word_1_30' title='bbox 465 634 505 693; x_wconf 89' lang='lat' dir='ltr'>ad</span> <span class='ocrx_word' id='word_1_31' title='bbox 521 650 556 694; x_wconf 91' lang='lat' dir='ltr'>se</span> <span class='ocrx_word' id='word_1_32' title='bbox 571 635 743 709; x_wconf 88' lang='lat' dir='ltr'>pertulerit,</span> <span class='ocrx_word' id='word_1_33' title='bbox 759 632 786 693; x_wconf 93' lang='lat' dir='ltr'>si</span> <span class='ocrx_word' id='word_1_34' title='bbox 802 633 983 710; x_wconf 79' lang='lat' dir='ltr'>quaesierit,</span> <span class='ocrx_word' id='word_1_35' title='bbox 1001 652 1081 710; x_wconf 88' lang='lat' dir='ltr'>quae</span> 
     </span>
     <span class='ocr_line' id='line_1_6' title="bbox 93 717 1081 793; baseline -0.001 -13"><span class='ocrx_word' id='word_1_36' title='bbox 93 722 160 781; x_wconf 88' lang='lat' dir='ltr'>sint</span> <span class='ocrx_word' id='word_1_37' title='bbox 172 719 264 793; x_wconf 88' lang='lat' dir='ltr'>bona,</span> <span class='ocrx_word' id='word_1_38' title='bbox 280 733 360 792; x_wconf 88' lang='lat' dir='ltr'>quae</span> <span class='ocrx_word' id='word_1_39' title='bbox 373 719 461 789; x_wconf 88' lang='lat' dir='ltr'>mala,</span> <span class='ocrx_word' id='word_1_40' title='bbox 479 717 589 793; x_wconf 91' lang='lat' dir='ltr'>quibus</span> <span class='ocrx_word' id='word_1_41' title='bbox 605 718 664 780; x_wconf 93' lang='lat' dir='ltr'>hoc</span> <span class='ocrx_word' id='word_1_42' title='bbox 682 719 760 778; x_wconf 88' lang='lat' dir='ltr'>ialso</span> <span class='ocrx_word' id='word_1_43' title='bbox 778 718 818 778; x_wconf 89' lang='lat' dir='ltr'>sit</span> <span class='ocrx_word' id='word_1_44' title='bbox 834 732 946 778; x_wconf 86' lang='lat' dir='ltr'>nomen</span> <span class='ocrx_word' id='word_1_45' title='bbox 965 719 1081 779; x_wconf 89' lang='lat' dir='ltr'>adscri-</span> 
     </span>
     <span class='ocr_line' id='line_1_7' title="bbox 95 801 1081 879; baseline -0.003 -16"><span class='ocrx_word' id='word_1_46' title='bbox 95 812 192 879; x_wconf 91' lang='lat' dir='ltr'>ptum,</span> <span class='ocrx_word' id='word_1_47' title='bbox 202 803 228 862; x_wconf 91' lang='lat' dir='ltr'>si</span> <span class='ocrx_word' id='word_1_48' title='bbox 241 801 405 877; x_wconf 78' lang='lat' dir='ltr'>quaesierit</span> <span class='ocrx_word' id='word_1_49' title='bbox 416 802 455 861; x_wconf 91' lang='lat' dir='ltr'>de</span> <span class='ocrx_word' id='word_1_50' title='bbox 466 801 614 874; x_wconf 87' lang='lat' dir='ltr'>honestis,</span> <span class='ocrx_word' id='word_1_51' title='bbox 622 802 661 861; x_wconf 90' lang='lat' dir='ltr'>de</span> <span class='ocrx_word' id='word_1_52' title='bbox 672 801 823 877; x_wconf 88' lang='lat' dir='ltr'>turpibus,</span> <span class='ocrx_word' id='word_1_53' title='bbox 831 802 870 862; x_wconf 90' lang='lat' dir='ltr'>de</span> <span class='ocrx_word' id='word_1_54' title='bbox 878 802 1081 876; x_wconf 87' lang='lat' dir='ltr'>providentia.</span> 
     </span>
     <span class='ocr_line' id='line_1_8' title="bbox 98 885 1110 967; baseline -0.005 -21"><span class='ocrx_word' id='word_1_55' title='bbox 98 902 156 946; x_wconf 91' lang='lat' dir='ltr'>nec</span> <span class='ocrx_word' id='word_1_56' title='bbox 176 887 253 967; x_wconf 85' lang='lat' dir='ltr'>intra</span> <span class='ocrx_word' id='word_1_57' title='bbox 274 885 351 946; x_wconf 88' lang='lat' dir='ltr'>haec</span> <span class='ocrx_word' id='word_1_58' title='bbox 371 885 494 944; x_wconf 89' lang='lat' dir='ltr'>humani</span> <span class='ocrx_word' id='word_1_59' title='bbox 508 885 621 960; x_wconf 85' lang='lat' dir='ltr'>ingenii</span> <span class='ocrx_word' id='word_1_60' title='bbox 637 887 789 961; x_wconf 76' lang='lat' dir='ltr'>sagacitas</span> <span class='ocrx_word' id='word_1_61' title='bbox 808 885 940 946; x_wconf 81' lang='lat' dir='ltr'>sistitur=</span> <span class='ocrx_word' id='word_1_62' title='bbox 961 885 1110 963; x_wconf 83' lang='lat' dir='ltr'>prospi-tl</span> 
     </span>
     <span class='ocr_line' id='line_1_9' title="bbox 92 969 1080 1045; baseline -0.003 -14"><span class='ocrx_word' id='word_1_63' title='bbox 92 987 168 1031; x_wconf 87' lang='lat' dir='ltr'>cere</span> <span class='ocrx_word' id='word_1_64' title='bbox 183 978 213 1031; x_wconf 94' lang='grc'>11</span> <span class='ocrx_word' id='word_1_65' title='bbox 226 971 306 1030; x_wconf 89' lang='lat' dir='ltr'>ultra</span> <span class='ocrx_word' id='word_1_66' title='bbox 320 969 565 1042; x_wconf 88' lang='lat' dir='ltr'>mundumlibet,</span> <span class='ocrx_word' id='word_1_67' title='bbox 588 985 649 1045; x_wconf 90' lang='lat' dir='ltr'>quo</span> <span class='ocrx_word' id='word_1_68' title='bbox 665 971 793 1043; x_wconf 89' lang='lat' dir='ltr'>leralur,</span> <span class='ocrx_word' id='word_1_69' title='bbox 806 970 889 1030; x_wconf 91' lang='lat' dir='ltr'>unde</span> <span class='ocrx_word' id='word_1_70' title='bbox 904 970 1080 1042; x_wconf 88' lang='lat' dir='ltr'>surrexerit,</span> 
     </span>
     <span class='ocr_line' id='line_1_10' title="bbox 99 1053 1081 1129; baseline -0.002 -15"><span class='ocrx_word' id='word_1_71' title='bbox 99 1055 129 1114; x_wconf 91' lang='lat' dir='ltr'>in</span> <span class='ocrx_word' id='word_1_72' title='bbox 146 1070 236 1129; x_wconf 92' lang='lat' dir='ltr'>quem</span> <span class='ocrx_word' id='word_1_73' title='bbox 251 1053 365 1113; x_wconf 91' lang='lat' dir='ltr'>exitum</span> <span class='ocrx_word' id='word_1_74' title='bbox 381 1059 466 1111; x_wconf 91' lang='lat' dir='ltr'>tanta</span> <span class='ocrx_word' id='word_1_75' title='bbox 480 1068 583 1113; x_wconf 91' lang='lat' dir='ltr'>rerum</span> <span class='ocrx_word' id='word_1_76' title='bbox 598 1054 745 1114; x_wconf 89' lang='lat' dir='ltr'>velocitas</span> <span class='ocrx_word' id='word_1_77' title='bbox 764 1061 917 1128; x_wconf 87' lang='lat' dir='ltr'>properet.</span> <span class='ocrx_word' id='word_1_78' title='bbox 958 1053 1007 1113; x_wconf 88' lang='lat' dir='ltr'>Ab</span> <span class='ocrx_word' id='word_1_79' title='bbox 1022 1053 1081 1113; x_wconf 92' lang='lat' dir='ltr'>hac</span> 
     </span>
     <span class='ocr_line' id='line_1_11' title="bbox 99 1136 1082 1210; baseline 0.001 -13"><span class='ocrx_word' id='word_1_80' title='bbox 99 1138 203 1199; x_wconf 88' lang='lat' dir='ltr'>divina</span> <span class='ocrx_word' id='word_1_81' title='bbox 224 1136 480 1210; x_wconf 82' lang='lat' dir='ltr'>contemplatione</span> <span class='ocrx_word' id='word_1_82' title='bbox 502 1136 666 1197; x_wconf 89' lang='lat' dir='ltr'>abductum</span> <span class='ocrx_word' id='word_1_83' title='bbox 692 1137 823 1196; x_wconf 91' lang='lat' dir='ltr'>animum</span> <span class='ocrx_word' id='word_1_84' title='bbox 849 1136 878 1196; x_wconf 93' lang='lat' dir='ltr'>in</span> <span class='ocrx_word' id='word_1_85' title='bbox 902 1137 1030 1198; x_wconf 90' lang='lat' dir='ltr'>sordida</span> <span class='ocrx_word' id='word_1_86' title='bbox 1050 1144 1082 1198; x_wconf 91' lang='lat' dir='ltr'>et</span> 
     </span>
     <span class='ocr_line' id='line_1_12' title="bbox 95 1219 1079 1295; baseline 0 -14"><span class='ocrx_word' id='word_1_87' title='bbox 95 1221 222 1282; x_wconf 55' lang='lat' dir='ltr'>&gt;humilia</span> <span class='ocrx_word' id='word_1_88' title='bbox 234 1221 447 1295; x_wconf 87' lang='lat' dir='ltr'>pertraximus,</span> <span class='ocrx_word' id='word_1_89' title='bbox 458 1226 493 1279; x_wconf 91' lang='lat' dir='ltr'>ul</span> <span class='ocrx_word' id='word_1_90' title='bbox 503 1219 649 1280; x_wconf 89' lang='lat' dir='ltr'>avaritiae</span> <span class='ocrx_word' id='word_1_91' title='bbox 660 1221 797 1293; x_wconf 84' lang='lat' dir='ltr'>serviret,</span> <span class='ocrx_word' id='word_1_92' title='bbox 808 1226 842 1281; x_wconf 94' lang='lat' dir='ltr'>ut</span> <span class='ocrx_word' id='word_1_93' title='bbox 852 1221 1079 1282; x_wconf 90' lang='lat' dir='ltr'>relictomundo</span> 
     </span>
     <span class='ocr_line' id='line_1_13' title="bbox 94 1303 1080 1380; baseline -0.002 -15"><span class='ocrx_word' id='word_1_94' title='bbox 94 1305 298 1380; x_wconf 80' lang='lat' dir='ltr'>terminisque</span> <span class='ocrx_word' id='word_1_95' title='bbox 319 1304 386 1364; x_wconf 90' lang='lat' dir='ltr'>eius</span> <span class='ocrx_word' id='word_1_96' title='bbox 407 1310 437 1365; x_wconf 89' lang='lat' dir='ltr'>et</span> <span class='ocrx_word' id='word_1_97' title='bbox 457 1303 590 1365; x_wconf 90' lang='lat' dir='ltr'>dominis</span> <span class='ocrx_word' id='word_1_98' title='bbox 612 1312 722 1364; x_wconf 90' lang='lat' dir='ltr'>cuncta</span> <span class='ocrx_word' id='word_1_99' title='bbox 746 1304 940 1366; x_wconf 87' lang='lat' dir='ltr'>versantibus</span> <span class='ocrx_word' id='word_1_100' title='bbox 968 1314 1080 1365; x_wconf 88' lang='grc'>11111111</span> 
     </span>
     <span class='ocr_line' id='line_1_14' title="bbox 96 1387 1080 1462; baseline -0.001 -14"><span class='ocrx_word' id='word_1_101' title='bbox 96 1389 257 1448; x_wconf 85' lang='lat' dir='ltr'>rimaretur</span> <span class='ocrx_word' id='word_1_102' title='bbox 277 1395 306 1448; x_wconf 91' lang='lat' dir='ltr'>et</span> <span class='ocrx_word' id='word_1_103' title='bbox 329 1395 503 1462; x_wconf 86' lang='lat' dir='ltr'>quaereret,</span> <span class='ocrx_word' id='word_1_104' title='bbox 526 1388 599 1462; x_wconf 93' lang='lat' dir='ltr'>quid</span> <span class='ocrx_word' id='word_1_105' title='bbox 618 1403 657 1448; x_wconf 92' lang='lat' dir='ltr'>ex</span> <span class='ocrx_word' id='word_1_106' title='bbox 671 1389 722 1447; x_wconf 92' lang='lat' dir='ltr'>illa</span> <span class='ocrx_word' id='word_1_107' title='bbox 741 1387 811 1447; x_wconf 90' lang='lat' dir='ltr'>mali</span> <span class='ocrx_word' id='word_1_108' title='bbox 831 1388 996 1461; x_wconf 81' lang='lat' dir='ltr'>effoderet,</span> <span class='ocrx_word' id='word_1_109' title='bbox 1018 1404 1080 1448; x_wconf 92' lang='lat' dir='ltr'>non</span> 
     </span>
     <span class='ocr_line' id='line_1_15' title="bbox 92 1468 1124 1546; baseline 0.001 -13"><span class='ocrx_word' id='word_1_110' title='bbox 92 1480 258 1534; x_wconf 89' lang='lat' dir='ltr'>contentus</span> <span class='ocrx_word' id='word_1_111' title='bbox 272 1470 393 1533; x_wconf 89' lang='lat' dir='ltr'>oblatis.</span> <span class='ocrx_word' id='word_1_112' title='bbox 416 1471 567 1546; x_wconf 82' lang='lat' dir='ltr'>Quicquid</span> <span class='ocrx_word' id='word_1_113' title='bbox 580 1471 668 1532; x_wconf 92' lang='lat' dir='ltr'>nobis</span> <span class='ocrx_word' id='word_1_114' title='bbox 681 1472 763 1532; x_wconf 90' lang='lat' dir='ltr'>bono</span> <span class='ocrx_word' id='word_1_115' title='bbox 773 1472 905 1532; x_wconf 82' lang='lat' dir='ltr'>futurum</span> <span class='ocrx_word' id='word_1_116' title='bbox 916 1478 990 1543; x_wconf 80' lang='lat' dir='ltr'>erat,</span> <span class='ocrx_word' id='word_1_117' title='bbox 1002 1471 1081 1534; x_wconf 88' lang='lat' dir='ltr'>deus</span> <span class='ocrx_word' id='word_1_118' title='bbox 1088 1468 1124 1522; x_wconf 90' lang='lat'>1⁰</span> 
     </span>
     <span class='ocr_line' id='line_1_16' title="bbox 91 1555 1079 1632; baseline -0.001 -17"><span class='ocrx_word' id='word_1_119' title='bbox 91 1565 128 1616; x_wconf 84' lang='lat' dir='ltr'>-et</span> <span class='ocrx_word' id='word_1_120' title='bbox 150 1572 263 1632; x_wconf 92' lang='lat' dir='ltr'>parens</span> <span class='ocrx_word' id='word_1_121' title='bbox 284 1562 389 1616; x_wconf 89' lang='lat' dir='ltr'>noster</span> <span class='ocrx_word' id='word_1_122' title='bbox 409 1556 438 1615; x_wconf 95' lang='lat' dir='ltr'>in</span> <span class='ocrx_word' id='word_1_123' title='bbox 456 1555 596 1630; x_wconf 91' lang='lat' dir='ltr'>proximo</span> <span class='ocrx_word' id='word_1_124' title='bbox 613 1555 725 1630; x_wconf 90' lang='lat' dir='ltr'>posuit.</span> <span class='ocrx_word' id='word_1_125' title='bbox 752 1570 812 1614; x_wconf 93' lang='lat' dir='ltr'>non</span> <span class='ocrx_word' id='word_1_126' title='bbox 828 1555 1019 1631; x_wconf 87' lang='lat' dir='ltr'>exspectavit</span> <span class='ocrx_word' id='word_1_127' title='bbox 1035 1555 1079 1614; x_wconf 89' lang='lat' dir='ltr'>in·</span> 
     </span>
     <span class='ocr_line' id='line_1_17' title="bbox 97 1637 1148 1714; baseline -0.002 -14"><span class='ocrx_word' id='word_1_128' title='bbox 97 1639 293 1714; x_wconf 89' lang='lat' dir='ltr'>quisitionem</span> <span class='ocrx_word' id='word_1_129' title='bbox 318 1647 453 1700; x_wconf 90' lang='lat' dir='ltr'>nostrum</span> <span class='ocrx_word' id='word_1_130' title='bbox 480 1646 510 1699; x_wconf 88' lang='lat' dir='ltr'>et</span> <span class='ocrx_word' id='word_1_131' title='bbox 537 1641 616 1701; x_wconf 88' lang='lat' dir='ltr'>ultro</span> <span class='ocrx_word' id='word_1_132' title='bbox 641 1639 741 1700; x_wconf 84' lang='lat' dir='ltr'>dedii:</span> <span class='ocrx_word' id='word_1_133' title='bbox 770 1638 909 1700; x_wconf 90' lang='lat' dir='ltr'>nocitura</span> <span class='ocrx_word' id='word_1_134' title='bbox 933 1637 1080 1699; x_wconf 91' lang='lat' dir='ltr'>allissime</span> <span class='ocrx_word' id='word_1_135' title='bbox 1146 1703 1148 1709; x_wconf 49' lang='grc'>,</span> 
     </span>
     <span class='ocr_line' id='line_1_18' title="bbox 96 1721 1080 1799; baseline 0 -17"><span class='ocrx_word' id='word_1_136' title='bbox 96 1725 218 1798; x_wconf 88' lang='lat' dir='ltr'>pressit.</span> <span class='ocrx_word' id='word_1_137' title='bbox 241 1724 314 1783; x_wconf 93' lang='lat' dir='ltr'>nihil</span> <span class='ocrx_word' id='word_1_138' title='bbox 336 1723 395 1784; x_wconf 90' lang='lat' dir='ltr'>nisi</span> <span class='ocrx_word' id='word_1_139' title='bbox 418 1724 457 1783; x_wconf 91' lang='lat' dir='ltr'>de</span> <span class='ocrx_word' id='word_1_140' title='bbox 478 1724 568 1785; x_wconf 91' lang='lat' dir='ltr'>nobis</span> <span class='ocrx_word' id='word_1_141' title='bbox 584 1724 671 1798; x_wconf 89' lang='lat' dir='ltr'>queri</span> <span class='ocrx_word' id='word_1_142' title='bbox 689 1739 872 1798; x_wconf 80' lang='lat' dir='ltr'>possumus:</span> <span class='ocrx_word' id='word_1_143' title='bbox 893 1738 945 1799; x_wconf 90' lang='lat' dir='ltr'>ea,</span> <span class='ocrx_word' id='word_1_144' title='bbox 968 1721 1080 1798; x_wconf 90' lang='lat' dir='ltr'>quibus</span> 
     </span>
     <span class='ocr_line' id='line_1_19' title="bbox 97 1806 1079 1883; baseline -0.002 -17"><span class='ocrx_word' id='word_1_145' title='bbox 97 1809 282 1881; x_wconf 89' lang='lat' dir='ltr'>periremus,</span> <span class='ocrx_word' id='word_1_146' title='bbox 304 1808 425 1868; x_wconf 89' lang='lat' dir='ltr'>nolente</span> <span class='ocrx_word' id='word_1_147' title='bbox 440 1823 540 1868; x_wconf 90' lang='lat' dir='ltr'>rerum</span> <span class='ocrx_word' id='word_1_148' title='bbox 555 1815 663 1868; x_wconf 87' lang='lat' dir='ltr'>natura</span> <span class='ocrx_word' id='word_1_149' title='bbox 679 1814 709 1868; x_wconf 88' lang='lat' dir='ltr'>et</span> <span class='ocrx_word' id='word_1_150' title='bbox 724 1807 935 1868; x_wconf 88' lang='lat' dir='ltr'>abscondente</span> <span class='ocrx_word' id='word_1_151' title='bbox 955 1806 1079 1883; x_wconf 92' lang='lat' dir='ltr'>protuli-</span> 
     </span>
     <span class='ocr_line' id='line_1_20' title="bbox 97 1888 1078 1970; baseline -0.001 -21"><span class='ocrx_word' id='word_1_152' title='bbox 97 1906 178 1950; x_wconf 91' lang='lat' dir='ltr'>mus.</span> <span class='ocrx_word' id='word_1_153' title='bbox 201 1890 374 1951; x_wconf 89' lang='lat' dir='ltr'>addiximus</span> <span class='ocrx_word' id='word_1_154' title='bbox 388 1891 521 1970; x_wconf 87' lang='lat' dir='ltr'>animum</span> <span class='ocrx_word' id='word_1_155' title='bbox 536 1891 699 1966; x_wconf 89' lang='lat' dir='ltr'>voluptati,</span> <span class='ocrx_word' id='word_1_156' title='bbox 722 1891 770 1952; x_wconf 91' lang='lat' dir='ltr'>cui</span> <span class='ocrx_word' id='word_1_157' title='bbox 785 1891 944 1965; x_wconf 85' lang='lat' dir='ltr'>indulgere</span> <span class='ocrx_word' id='word_1_158' title='bbox 964 1888 1078 1949; x_wconf 90' lang='lat' dir='ltr'>initium</span> 
     </span>
     <span class='ocr_line' id='line_1_21' title="bbox 96 1973 1079 2047; baseline -0.001 -14"><span class='ocrx_word' id='word_1_159' title='bbox 96 1973 233 2034; x_wconf 91' lang='lat' dir='ltr'>omnium</span> <span class='ocrx_word' id='word_1_160' title='bbox 245 1976 392 2035; x_wconf 90' lang='lat' dir='ltr'>malorum</span> <span class='ocrx_word' id='word_1_161' title='bbox 402 1984 459 2047; x_wconf 79' lang='lat' dir='ltr'>est,</span> <span class='ocrx_word' id='word_1_162' title='bbox 475 1975 656 2038; x_wconf 90' lang='lat' dir='ltr'>tradidimus</span> <span class='ocrx_word' id='word_1_163' title='bbox 666 1975 822 2037; x_wconf 89' lang='lat' dir='ltr'>ambitioni</span> <span class='ocrx_word' id='word_1_164' title='bbox 832 1983 862 2035; x_wconf 89' lang='lat' dir='ltr'>et</span> <span class='ocrx_word' id='word_1_165' title='bbox 873 1975 980 2047; x_wconf 87' lang='lat' dir='ltr'>lamae,</span> <span class='ocrx_word' id='word_1_166' title='bbox 999 1979 1079 2033; x_wconf 89' lang='lat' dir='ltr'>cete·</span> 
     </span>
     <span class='ocr_line' id='line_1_22' title="bbox 96 2057 1120 2134; baseline -0.003 -18"><span class='ocrx_word' id='word_1_167' title='bbox 96 2057 141 2117; x_wconf 89' lang='lat' dir='ltr'>ris</span> <span class='ocrx_word' id='word_1_168' title='bbox 157 2073 256 2133; x_wconf 88' lang='lat' dir='ltr'>aeque</span> <span class='ocrx_word' id='word_1_169' title='bbox 268 2058 355 2118; x_wconf 91' lang='lat' dir='ltr'>vanis</span> <span class='ocrx_word' id='word_1_170' title='bbox 371 2065 401 2119; x_wconf 92' lang='lat' dir='ltr'>et</span> <span class='ocrx_word' id='word_1_171' title='bbox 416 2059 567 2121; x_wconf 91' lang='lat' dir='ltr'>inanibus.</span> <span class='ocrx_word' id='word_1_172' title='bbox 603 2059 682 2133; x_wconf 75' lang='lat' dir='ltr'>Quid</span> <span class='ocrx_word' id='word_1_173' title='bbox 697 2075 770 2134; x_wconf 87' lang='lat' dir='ltr'>ergo</span> <span class='ocrx_word' id='word_1_174' title='bbox 786 2075 867 2119; x_wconf 94' lang='lat' dir='ltr'>nunc</span> <span class='ocrx_word' id='word_1_175' title='bbox 882 2065 912 2118; x_wconf 92' lang='grc'>11</span> <span class='ocrx_word' id='word_1_176' title='bbox 927 2059 1033 2118; x_wconf 93' lang='lat' dir='ltr'>hortor</span> <span class='ocrx_word' id='word_1_177' title='bbox 1047 2060 1120 2117; x_wconf 88' lang='grc'>1111</span> 
     </span>
     <span class='ocr_line' id='line_1_23' title="bbox 93 2141 1079 2216; baseline 0.001 -17"><span class='ocrx_word' id='word_1_178' title='bbox 93 2142 215 2202; x_wconf 83' lang='grc'>1111131</span> <span class='ocrx_word' id='word_1_179' title='bbox 231 2141 310 2203; x_wconf 87' lang='lat' dir='ltr'>Nihil</span> <span class='ocrx_word' id='word_1_180' title='bbox 328 2143 409 2216; x_wconf 93' lang='lat' dir='ltr'>novi,</span> <span class='ocrx_word' id='word_1_181' title='bbox 420 2176 464 2189; x_wconf 90' lang='lat'>—-</span> <span class='ocrx_word' id='word_1_182' title='bbox 474 2160 532 2204; x_wconf 88' lang='lat' dir='ltr'>nec</span> <span class='ocrx_word' id='word_1_183' title='bbox 544 2142 624 2204; x_wconf 91' lang='lat' dir='ltr'>enim</span> <span class='ocrx_word' id='word_1_184' title='bbox 635 2144 724 2204; x_wconf 93' lang='lat' dir='ltr'>novis</span> <span class='ocrx_word' id='word_1_185' title='bbox 736 2143 823 2203; x_wconf 91' lang='lat' dir='ltr'>malis</span> <span class='ocrx_word' id='word_1_186' title='bbox 835 2142 971 2202; x_wconf 87' lang='lat' dir='ltr'>remedia</span> <span class='ocrx_word' id='word_1_187' title='bbox 986 2155 1079 2216; x_wconf 91' lang='lat' dir='ltr'>quae·</span> 
     </span>
     <span class='ocr_line' id='line_1_24' title="bbox 95 2223 1079 2304; baseline 0 -21"><span class='ocrx_word' id='word_1_188' title='bbox 95 2227 346 2299; x_wconf 85' lang='lat' dir='ltr'>rantur,—sed</span> <span class='ocrx_word' id='word_1_189' title='bbox 362 2227 434 2288; x_wconf 93' lang='lat' dir='ltr'>hoc</span> <span class='ocrx_word' id='word_1_190' title='bbox 454 2227 629 2304; x_wconf 90' lang='lat' dir='ltr'>primum,</span> <span class='ocrx_word' id='word_1_191' title='bbox 650 2236 690 2288; x_wconf 89' lang='lat' dir='ltr'>ut</span> <span class='ocrx_word' id='word_1_192' title='bbox 710 2237 834 2289; x_wconf 92' lang='lat' dir='ltr'>tecum</span> <span class='ocrx_word' id='word_1_193' title='bbox 854 2223 1079 2301; x_wconf 89' lang='lat' dir='ltr'>ipsedispi-</span> 
     </span>
     <span class='ocr_line' id='line_1_25' title="bbox 95 2309 1079 2386; baseline -0.001 -18"><span class='ocrx_word' id='word_1_194' title='bbox 95 2309 1079 2386; x_wconf 87' lang='lat' dir='ltr'>cias,quidsilnecessarium,quidsupervacuum.</span> 
     </span>
     <span class='ocr_line' id='line_1_26' title="bbox 97 2392 1081 2469; baseline 0 -19"><span class='ocrx_word' id='word_1_195' title='bbox 97 2393 332 2452; x_wconf 90' lang='lat' dir='ltr'>necessaria</span> <span class='ocrx_word' id='word_1_196' title='bbox 346 2392 416 2452; x_wconf 91' lang='lat' dir='ltr'>tibi</span> <span class='ocrx_word' id='word_1_197' title='bbox 430 2393 575 2469; x_wconf 90' lang='lat' dir='ltr'>ubique</span> <span class='ocrx_word' id='word_1_198' title='bbox 590 2403 814 2457; x_wconf 87' lang='lat' dir='ltr'>occurrent:</span> <span class='ocrx_word' id='word_1_199' title='bbox 833 2407 1081 2468; x_wconf 90' lang='lat' dir='ltr'>supervacua</span> 
     </span>
     <span class='ocr_line' id='line_1_27' title="bbox 93 2475 1121 2552; baseline -0.003 -19"><span class='ocrx_word' id='word_1_200' title='bbox 93 2475 1121 2552; x_wconf 73' lang='grc'>1111111111111111111111111111111311111.1111111111</span> 
     </span>
     <span class='ocr_line' id='line_1_28' title="bbox 94 2557 1079 2636; baseline 0 -20"><span class='ocrx_word' id='word_1_201' title='bbox 94 2565 212 2630; x_wconf 91' lang='lat' dir='ltr'>autem,</span> <span class='ocrx_word' id='word_1_202' title='bbox 240 2557 324 2633; x_wconf 94' lang='lat' dir='ltr'>quod</span> <span class='ocrx_word' id='word_1_203' title='bbox 349 2565 380 2618; x_wconf 91' lang='grc'>11</span> <span class='ocrx_word' id='word_1_204' title='bbox 404 2558 492 2618; x_wconf 93' lang='lat' dir='ltr'>nimis</span> <span class='ocrx_word' id='word_1_205' title='bbox 515 2560 639 2631; x_wconf 90' lang='lat' dir='ltr'>laudes,</span> <span class='ocrx_word' id='word_1_206' title='bbox 665 2561 692 2620; x_wconf 91' lang='lat' dir='ltr'>si</span> <span class='ocrx_word' id='word_1_207' title='bbox 719 2561 941 2636; x_wconf 89' lang='lat' dir='ltr'>contempseris</span> <span class='ocrx_word' id='word_1_208' title='bbox 966 2572 1079 2617; x_wconf 86' lang='lat' dir='ltr'>aureos</span> 
     </span>
     <span class='ocr_line' id='line_1_29' title="bbox 95 2639 1079 2718; baseline 0.002 -18"><span class='ocrx_word' id='word_1_209' title='bbox 95 2643 194 2700; x_wconf 89' lang='lat' dir='ltr'>lectos</span> <span class='ocrx_word' id='word_1_210' title='bbox 218 2648 247 2701; x_wconf 90' lang='lat' dir='ltr'>et</span> <span class='ocrx_word' id='word_1_211' title='bbox 268 2657 438 2716; x_wconf 83' lang='lat' dir='ltr'>gemmeam</span> <span class='ocrx_word' id='word_1_212' title='bbox 460 2643 689 2717; x_wconf 84' lang='lat' dir='ltr'>supellectilem.</span> <span class='ocrx_word' id='word_1_213' title='bbox 719 2658 799 2718; x_wconf 91' lang='lat' dir='ltr'>quae</span> <span class='ocrx_word' id='word_1_214' title='bbox 820 2650 869 2703; x_wconf 91' lang='lat' dir='ltr'>est</span> <span class='ocrx_word' id='word_1_215' title='bbox 888 2643 968 2701; x_wconf 90' lang='lat' dir='ltr'>enim</span> <span class='ocrx_word' id='word_1_216' title='bbox 983 2639 1079 2702; x_wconf 86' lang='lat' dir='ltr'>virtus</span> 
     </span>
     <span class='ocr_line' id='line_1_30' title="bbox 95 2726 1099 2800; baseline 0 -16"><span class='ocrx_word' id='word_1_217' title='bbox 95 2740 291 2800; x_wconf 89' lang='lat' dir='ltr'>supervacua</span> <span class='ocrx_word' id='word_1_218' title='bbox 306 2733 521 2788; x_wconf 77' lang='lat' dir='ltr'>contemneret</span> <span class='ocrx_word' id='word_1_219' title='bbox 548 2732 619 2786; x_wconf 91' lang='lat' dir='ltr'>tuuc</span> <span class='ocrx_word' id='word_1_220' title='bbox 634 2734 664 2787; x_wconf 92' lang='grc'>11</span> <span class='ocrx_word' id='word_1_221' title='bbox 679 2726 843 2797; x_wconf 90' lang='lat' dir='ltr'>admirare,</span> <span class='ocrx_word' id='word_1_222' title='bbox 860 2741 929 2786; x_wconf 93' lang='lat' dir='ltr'>cum</span> <span class='ocrx_word' id='word_1_223' title='bbox 945 2731 1079 2786; x_wconf 89' lang='lat' dir='ltr'>contem·</span> <span class='ocrx_word' id='word_1_224' title='bbox 1096 2738 1099 2743; x_wconf 68' lang='grc'>“</span> 
     </span>
     <span class='ocr_line' id='line_1_31' title="bbox 95 2809 1079 2886; baseline -0.001 -18"><span class='ocrx_word' id='word_1_225' title='bbox 95 2809 199 2883; x_wconf 85' lang='lat' dir='ltr'>psoris</span> <span class='ocrx_word' id='word_1_226' title='bbox 221 2809 407 2871; x_wconf 89' lang='lat' dir='ltr'>necessaria.</span> <span class='ocrx_word' id='word_1_227' title='bbox 443 2810 510 2871; x_wconf 90' lang='lat' dir='ltr'>Non</span> <span class='ocrx_word' id='word_1_228' title='bbox 525 2825 667 2885; x_wconf 89' lang='lat' dir='ltr'>magnam</span> <span class='ocrx_word' id='word_1_229' title='bbox 681 2825 746 2870; x_wconf 86' lang='lat' dir='ltr'>rem</span> <span class='ocrx_word' id='word_1_230' title='bbox 762 2809 854 2883; x_wconf 89' lang='lat' dir='ltr'>iacis,</span> <span class='ocrx_word' id='word_1_231' title='bbox 876 2810 961 2886; x_wconf 91' lang='lat' dir='ltr'>quod</span> <span class='ocrx_word' id='word_1_232' title='bbox 974 2809 1079 2869; x_wconf 91' lang='lat' dir='ltr'>vivere</span> 
     </span>
     <span class='ocr_line' id='line_1_32' title="bbox 95 2892 1078 2970; baseline 0.001 -18"><span class='ocrx_word' id='word_1_233' title='bbox 95 2892 164 2952; x_wconf 89' lang='lat' dir='ltr'>sine</span> <span class='ocrx_word' id='word_1_234' title='bbox 178 2897 263 2968; x_wconf 76' lang='lat' dir='ltr'>nepio</span> <span class='ocrx_word' id='word_1_235' title='bbox 280 2895 431 2969; x_wconf 87' lang='lat' dir='ltr'>adparatu</span> <span class='ocrx_word' id='word_1_236' title='bbox 444 2902 550 2970; x_wconf 81' lang='lat' dir='ltr'>polea,</span> <span class='ocrx_word' id='word_1_237' title='bbox 575 2894 660 2970; x_wconf 91' lang='lat' dir='ltr'>quod</span> <span class='ocrx_word' id='word_1_238' title='bbox 680 2911 742 2957; x_wconf 90' lang='lat' dir='ltr'>nou</span> <span class='ocrx_word' id='word_1_239' title='bbox 757 2892 918 2954; x_wconf 89' lang='lat' dir='ltr'>desideras</span> <span class='ocrx_word' id='word_1_240' title='bbox 933 2892 1078 2954; x_wconf 92' lang='lat' dir='ltr'>miliarios</span> 
     </span>
     <span class='ocr_line' id='line_1_33' title="bbox 91 2978 1079 3055; baseline 0.001 -20"><span class='ocrx_word' id='word_1_241' title='bbox 91 2991 191 3049; x_wconf 90' lang='lat' dir='ltr'>apros</span> <span class='ocrx_word' id='word_1_242' title='bbox 204 2993 261 3038; x_wconf 93' lang='lat' dir='ltr'>nec</span> <span class='ocrx_word' id='word_1_243' title='bbox 272 2979 391 3054; x_wconf 81' lang='lat' dir='ltr'>linguas</span> <span class='ocrx_word' id='word_1_244' title='bbox 404 2978 714 3055; x_wconf 85' lang='lat' dir='ltr'>phoenicopterorum</span> <span class='ocrx_word' id='word_1_245' title='bbox 727 2978 827 3039; x_wconf 89' lang='lat' dir='ltr'>atalia</span> <span class='ocrx_word' id='word_1_246' title='bbox 838 2983 980 3053; x_wconf 91' lang='lat' dir='ltr'>portenta</span> <span class='ocrx_word' id='word_1_247' title='bbox 989 2978 1079 3038; x_wconf 90' lang='lat' dir='ltr'>luxu·</span> 
     </span>
     <span class='ocr_line' id='line_1_34' title="bbox 96 3058 1078 3125; baseline 0.002 -7"><span class='ocrx_word' id='word_1_248' title='bbox 96 3058 160 3120; x_wconf 89' lang='lat' dir='ltr'>riae</span> <span class='ocrx_word' id='word_1_249' title='bbox 173 3061 232 3120; x_wconf 88' lang='lat' dir='ltr'>iam</span> <span class='ocrx_word' id='word_1_250' title='bbox 248 3068 311 3122; x_wconf 87' lang='lat' dir='ltr'>tota</span> <span class='ocrx_word' id='word_1_251' title='bbox 325 3061 466 3123; x_wconf 89' lang='lat' dir='ltr'>animalia</span> <span class='ocrx_word' id='word_1_252' title='bbox 478 3062 660 3125; x_wconf 76' lang='lat' dir='ltr'>fastidientis</span> <span class='ocrx_word' id='word_1_253' title='bbox 676 3070 706 3124; x_wconf 97' lang='lat' dir='ltr'>et</span> <span class='ocrx_word' id='word_1_254' title='bbox 717 3068 800 3123; x_wconf 88' lang='lat' dir='ltr'>certa</span> <span class='ocrx_word' id='word_1_255' title='bbox 813 3061 951 3121; x_wconf 88' lang='lat' dir='ltr'>membra</span> <span class='ocrx_word' id='word_1_256' title='bbox 966 3076 1003 3121; x_wconf 93' lang='lat' dir='ltr'>ex</span> <span class='ocrx_word' id='word_1_257' title='bbox 1016 3059 1078 3122; x_wconf 89' lang='lat' dir='ltr'>sin·</span> 
     </span>
     <span class='ocr_line' id='line_1_35' title="bbox 92 3142 1079 3220; baseline 0.002 -17"><span class='ocrx_word' id='word_1_258' title='bbox 92 3142 177 3216; x_wconf 84' lang='lat' dir='ltr'>gulis</span> <span class='ocrx_word' id='word_1_259' title='bbox 199 3145 354 3220; x_wconf 79' lang='lat' dir='ltr'>eligentis:</span> <span class='ocrx_word' id='word_1_260' title='bbox 377 3151 448 3206; x_wconf 89' lang='lat' dir='ltr'>tunc</span> <span class='ocrx_word' id='word_1_261' title='bbox 469 3154 501 3207; x_wconf 91' lang='lat' dir='ltr'>te</span> <span class='ocrx_word' id='word_1_262' title='bbox 524 3146 713 3219; x_wconf 85' lang='lat' dir='ltr'>admirabor,</span> <span class='ocrx_word' id='word_1_263' title='bbox 735 3146 837 3206; x_wconf 90' lang='lat' dir='ltr'>sinon</span> <span class='ocrx_word' id='word_1_264' title='bbox 855 3142 1079 3220; x_wconf 87' lang='lat' dir='ltr'>contempseris</span> 
     </span>
     <span class='ocr_line' id='line_1_36' title="bbox 94 3226 1080 3305; baseline 0.002 -22"><span class='ocrx_word' id='word_1_265' title='bbox 94 3227 187 3285; x_wconf 88' lang='lat' dir='ltr'>eliam</span> <span class='ocrx_word' id='word_1_266' title='bbox 208 3229 367 3289; x_wconf 91' lang='lat' dir='ltr'>sordidum</span> <span class='ocrx_word' id='word_1_267' title='bbox 388 3244 514 3303; x_wconf 89' lang='lat' dir='ltr'>panem,</span> <span class='ocrx_word' id='word_1_268' title='bbox 536 3230 563 3288; x_wconf 89' lang='lat' dir='ltr'>si</span> <span class='ocrx_word' id='word_1_269' title='bbox 585 3229 637 3289; x_wconf 87' lang='lat' dir='ltr'>libi</span> <span class='ocrx_word' id='word_1_270' title='bbox 654 3228 849 3305; x_wconf 85' lang='lat' dir='ltr'>persuaseris</span> <span class='ocrx_word' id='word_1_271' title='bbox 863 3228 1004 3300; x_wconf 90' lang='lat' dir='ltr'>herbam,</span> <span class='ocrx_word' id='word_1_272' title='bbox 1028 3226 1080 3287; x_wconf 93' lang='lat' dir='ltr'>ubi</span> 
     </span>
     <span class='ocr_line' id='line_1_37' title="bbox 97 3309 1081 3387; baseline 0.005 -22"><span class='ocrx_word' id='word_1_273' title='bbox 97 3323 228 3371; x_wconf 90' lang='lat' dir='ltr'>necesse</span> <span class='ocrx_word' id='word_1_274' title='bbox 243 3320 299 3385; x_wconf 80' lang='lat' dir='ltr'>est,</span> <span class='ocrx_word' id='word_1_275' title='bbox 315 3328 377 3372; x_wconf 90' lang='lat' dir='ltr'>non</span> <span class='ocrx_word' id='word_1_276' title='bbox 392 3312 497 3387; x_wconf 90' lang='lat' dir='ltr'>pecori</span> <span class='ocrx_word' id='word_1_277' title='bbox 512 3319 637 3386; x_wconf 89' lang='lat' dir='ltr'>tantum,</span> <span class='ocrx_word' id='word_1_278' title='bbox 653 3314 709 3373; x_wconf 87' lang='lat' dir='ltr'>sed</span> <span class='ocrx_word' id='word_1_279' title='bbox 725 3312 839 3372; x_wconf 90' lang='lat' dir='ltr'>homini</span> <span class='ocrx_word' id='word_1_280' title='bbox 851 3309 947 3385; x_wconf 91' lang='lat' dir='ltr'>nasci,</span> <span class='ocrx_word' id='word_1_281' title='bbox 962 3310 989 3370; x_wconf 91' lang='lat' dir='ltr'>si</span> <span class='ocrx_word' id='word_1_282' title='bbox 1001 3311 1081 3371; x_wconf 89' lang='lat' dir='ltr'>soie·</span> 
     </span>
     <span class='ocr_line' id='line_1_38' title="bbox 96 3389 1079 3470; baseline 0.002 -21"><span class='ocrx_word' id='word_1_283' title='bbox 96 3389 140 3450; x_wconf 90' lang='lat' dir='ltr'>ris</span> <span class='ocrx_word' id='word_1_284' title='bbox 156 3395 312 3455; x_wconf 88' lang='lat' dir='ltr'>cacumina</span> <span class='ocrx_word' id='word_1_285' title='bbox 324 3395 469 3457; x_wconf 89' lang='lat' dir='ltr'>arborum</span> <span class='ocrx_word' id='word_1_286' title='bbox 483 3397 707 3470; x_wconf 88' lang='lat' dir='ltr'>explementum</span> <span class='ocrx_word' id='word_1_287' title='bbox 723 3395 930 3468; x_wconf 75' lang='lat' dir='ltr'>asseremus,</span> <span class='ocrx_word' id='word_1_288' title='bbox 945 3393 975 3457; x_wconf 90' lang='lat' dir='ltr'>in</span> <span class='ocrx_word' id='word_1_289' title='bbox 988 3408 1079 3469; x_wconf 90' lang='lat' dir='ltr'>quem</span> 
     </span>
     <span class='ocr_line' id='line_1_39' title="bbox 95 3472 1082 3555; baseline 0.002 -22"><span class='ocrx_word' id='word_1_290' title='bbox 95 3474 143 3534; x_wconf 88' lang='lat' dir='ltr'>sic</span> <span class='ocrx_word' id='word_1_291' title='bbox 158 3477 292 3551; x_wconf 89' lang='lat' dir='ltr'>pretiosa</span> <span class='ocrx_word' id='word_1_292' title='bbox 306 3479 500 3555; x_wconf 88' lang='lat' dir='ltr'>congerimus</span> <span class='ocrx_word' id='word_1_293' title='bbox 515 3486 670 3554; x_wconf 89' lang='lat' dir='ltr'>tamquam</span> <span class='ocrx_word' id='word_1_294' title='bbox 680 3486 806 3554; x_wconf 88' lang='lat' dir='ltr'>recepta</span> <span class='ocrx_word' id='word_1_295' title='bbox 813 3485 998 3539; x_wconf 86' lang='lat' dir='ltr'>servantem.</span> <span class='ocrx_word' id='word_1_296' title='bbox 1013 3472 1082 3536; x_wconf 81' lang='lat' dir='ltr'>sine</span> 
     </span>
    </p>
   </div>
   <div class='ocr_carea' id='block_1_3' title="bbox 0 0 1217 3862">
    <p class='ocr_par' dir='ltr' id='par_1_3' title="bbox 0 0 1217 3862">
     <span class='ocr_line' id='line_1_40' title="bbox 0 0 1217 3862; baseline 0 0"><span class='ocrx_word' id='word_1_297' title='bbox 0 0 1217 3862; x_wconf 95' lang='lat' dir='ltr'> </span> 
     </span>
    </p>
   </div>
  </div>
 </body>
</html>
