2422 3862
166 251 197 310 Ιι.
213 249 353 308 ΑΝΝΑΕΙ
366 247 531 308 SENECAE
545 247 594 304 AD
610 247 758 305 PAULUM
773 245 980 306 EPISTULAE.
1004 243 1068 307 4⁷⁶1

459 410 658 468 EPISTOLA
679 412 712 462 11.

396 495 515 547 Senecae
530 498 628 548 Pincus
644 511 766 550 occurren.

154 621 271 677 Litteras
283 626 346 677 tuas
361 621 458 677 hilaris
473 620 535 677 heri
549 621 656 692 accepi,
673 619 710 674 ad
724 635 794 691 quas
810 619 966 675 rescribere
977 620 1069 674 statim

96 705 189 778 potui,
216 705 240 760 si
257 705 447 777 praesentiam
462 705 588 772 iuvenis,
615 720 698 776 quem
721 703 759 758 ad
779 708 805 758 te
827 719 904 759 cram
921 702 1069 771 missurus,

94 789 265 846 habuissem.
296 790 353 847 scis
375 788 465 858 enim,
488 788 601 861 quando
618 794 645 843 et
662 804 713 860 per
730 802 810 858 quem
829 792 856 842 et
871 803 926 858 quo
943 792 1070 858 tempore

94 878 123 927 et
139 875 184 930 cui
199 872 266 945 qnid
281 873 342 928 dari
361 873 550 944 committique
566 872 674 938 debeat.
710 871 791 943 Rogo
808 886 893 943 ergo,
914 887 970 927 non
989 878 1070 942 putes

93 950 150 1031 [te]
169 958 336 1028 neglectum,
350 956 416 1012 dum
430 972 571 1029 personae
586 957 745 1027 qualitatem
760 955 890 1027 respicio.
923 952 983 1011 Sed
994 953 1071 1026 quod

95 1041 192 1096 litteris
210 1040 281 1096 meis
297 1057 349 1097 vos
364 1042 436 1096 bene
454 1046 586 1111 acceptos
599 1041 698 1096 alieubi
715 1039 823 1107 scribiS,
841 1040 951 1095 felicem
967 1054 1011 1093 me
1027 1053 1070 1093 ar·

93 1124 179 1179 bitror
194 1124 261 1179 tanti
277 1124 333 1178 viri
348 1123 460 1179 iudicio.
481 1123 573 1194 ireque
589 1124 663 1178 enim
677 1122 732 1180 hoe
745 1122 873 1190 diceres,
892 1138 1009 1190 consor,
1025 1137 1070 1176 so·

93 1206 200 1278 phista‚
216 1207 351 1279 magister
364 1208 430 1262 tanti
444 1207 579 1279 principis
595 1213 621 1262 et
633 1207 689 1262 iam
705 1206 837 1276 omnium,
854 1207 909 1262 nisi
924 1205 990 1278 quia
1001 1220 1069 1262 vere

94 1289 176 1346 dieis.
204 1289 276 1361 Opto
294 1296 319 1345 te
335 1290 383 1346 diu
397 1293 470 1347 bene
488 1292 593 1348 vatero.

449 1450 646 1503 EPISTOLA
670 1453 712 1501 111.

412 1536 515 1589 Seneca
530 1537 615 1588 Panto
633 1551 756 1587 srrnrrrr.

159 1661 304 1730 Quaedam
324 1662 468 1717 volumina
488 1659 619 1717 ordinavi
640 1665 666 1714 ct
686 1659 872 1716 divisionibus
892 1660 951 1715 suis
968 1663 1069 1718 statum

95 1745 136 1801 eis
153 1745 230 1804 dedi.
245 1761 280 1800 ea
295 1761 407 1816 quoque
421 1745 535 1802 Caesari
551 1747 647 1816 legere
662 1761 725 1800 sum
741 1744 906 1801 destinatus.
936 1741 967 1801 Si
985 1743 1070 1802 modo

96 1846 159 1886 sors
175 1845 313 1901 prospere
329 1831 473 1898 annuerit,
488 1835 518 1883 ut
532 1844 623 1884 novas
642 1826 742 1884 afferat
753 1844 846 1896 aures,
864 1829 919 1884 eris
935 1828 1032 1883 iorsan
1043 1832 1071 1883 et

95 1919 124 1968 tu
138 1929 289 1984 praesens:
313 1913 366 1981 sin,
383 1913 453 1969 alias
465 1912 583 1970 reddam
597 1912 645 1968 tibi
658 1911 743 1981 diem,
759 1920 787 1969 ut
797 1912 853 1969 hoe
865 1927 936 1984 opus
948 1911 1070 1968 invicem

95 1997 288 2070 inspiciamus.
310 2002 348 2052 et
362 2013 478 2068 possem
492 2014 549 2053 non
563 1997 641 2069 prius
658 1997 743 2053 edere
765 1997 790 2052 ei
807 2013 869 2052 cam
891 1997 1068 2067 scripturam,

95 2082 149 2137 nisi
165 2082 245 2153 prius
262 2084 352 2136 tecum
367 2084 526 2152 conteram,
544 2080 664 2138 simodo
682 2077 795 2157 [etiam]
810 2082 923 2153 impune
937 2080 993 2137 hoc
1007 2079 1069 2137 fieri

93 2167 246 2237 potuisset,
266 2171 294 2220 nt
308 2166 396 2222 scires
411 2182 467 2221 non
483 2174 508 2222 te
523 2165 679 2238 praeteriri.
711 2166 792 2222 Vale.

451 2328 621 2380 EPISTOL
632 2329 653 2378 Α
675 2331 720 2381 Ν.

390 2414 487 2466 Pronus
508 2411 626 2465 Srnrcrr
645 2429 769 2465 staurari.
866 2477 870 2484 ⁵

160 2534 405 2606 Quotienscunque
420 2536 526 2592 litteras
541 2542 603 2592 tuas
615 2535 710 2602 audio,
725 2535 912 2606 praesentiam
925 2534 964 2590 tui
975 2534 1068 2606 cogito

96 2634 148 2673 nec
161 2619 237 2674 aliud
249 2618 377 2683 existimo
390 2635 474 2690 quam
485 2620 559 2674 omni
572 2624 698 2690 ternpore
711 2624 736 2672 te
747 2618 894 2674 nobiscum
905 2633 978 2674 esse.
1001 2617 1071 2674 Cum

95 2703 215 2774 primum
230 2702 323 2775 itaque
346 2704 442 2761 venire
463 2702 609 2774 coeperis,
631 2703 752 2757 invicem
770 2715 822 2756 nos
836 2707 864 2756 ct
884 2700 920 2756 de
939 2703 1069 2774 proximo

97 2787 266 2845 videbimus.
293 2787 370 2843 Bene
388 2792 415 2843 te
432 2789 526 2845 valore
542 2791 619 2858 opto.

412 2912 416 2916 Ι
460 2947 657 3002 EPISTULA
675 2949 708 3001 V.

330 3101 334 3109 ι
423 3036 524 3088 Saurea
540 3037 624 3089 Panno
640 3047 761 3086 aauurrrrr.

160 3161 251 3218 Nimio
274 3166 322 3216 tuo
340 3176 457 3216 secessu
474 3161 613 3231 angimur.
644 3157 717 3226 Quid
732 3153 794 3212 est?
816 3157 862 3213 vei
882 3170 955 3227 quae
976 3170 1023 3211 res
1045 3162 1071 3216 te

97 3239 297 3321 romo[ra]tum
315 3240 440 3300 iaciunt?
461 3244 486 3300 si
503 3243 656 3314 indignatio
672 3240 818 3310 dominae,
844 3239 921 3312 quod
937 3255 955 3294 a
969 3239 1023 3295 ritu
1045 3243 1072 3295 et

98 3332 176 3384 secta
198 3330 286 3384 veteri
303 3327 457 3385 recesseris
477 3333 504 3384 et
524 3328 595 3383 alios
613 3342 723 3384 rursum
745 3324 933 3391 converteris,
955 3323 1007 3379 erit
1020 3337 1071 3394 po-

98 3411 222 3467 stulandi
242 3412 338 3486 loeus,
363 3419 393 3470 ut
412 3411 519 3468 ratione
539 3413 656 3483 tactum,
684 3424 740 3465 non
763 3410 875 3468 levitate
901 3407 956 3466 hoe
976 3404 1071 3464 existi·

98 3500 199 3553 metur.
