2422 3862
270 213 442 275 EPISTUL.
458 212 551 276 Mota.
573 214 646 274 LIB.
663 214 699 274 X.
720 213 778 273 ΕΡ.
789 223 815 276 l.
832 218 903 289 (te.)
1009 217 1069 282 lat

95 386 204 430 vorum
222 367 446 443 interquiescit,
469 366 618 437 camilla,
648 382 727 441 quae
741 367 917 442 torquebat,
944 367 1069 430 hebeta-

95 455 151 514 vitz
172 451 307 514 omnium
328 449 456 512 istorum
485 451 583 527 prima
607 449 783 511 verminatio
808 458 914 524 iverat,
947 450 1069 526 inpetus

94 553 180 598 mora
191 537 397 610 exstinguitur
420 542 450 595 ct
470 534 540 594 finis
561 533 686 594 dolendi
700 542 748 594 est
763 535 967 609 obtorpuisse.
989 535 1069 596 Den-

93 623 183 695 tium,
201 622 375 693 oculorum,
391 617 510 679 aurium
525 617 614 678 dolor
627 618 667 678 ob
682 617 742 678 hoc
756 619 857 693 ipsum
872 618 1069 680 acutissimus

94 713 157 777 est,
187 703 272 780 quod
292 704 369 764 inter
388 708 519 777 angusta
539 702 679 777 corporis
702 703 851 776 nascitur,
876 718 938 763 non
958 703 1069 779 minus,

93 787 300 860 mehercules,
318 802 408 862 quam
426 786 535 861 capitis
550 784 663 860 ipsius:
682 786 738 846 sed
753 789 781 847 si
794 786 944 849 incitatior
958 794 1020 861 est,
1039 788 1069 848 in

94 870 307 933 alienationem
330 884 538 946 soporemque
560 870 754 931 convertitur.
788 870 856 931 Hoc
870 871 973 947 itaque
988 872 1112 933 sola-lo

93 955 166 1017 tium
189 956 268 1016 vasti
296 955 412 1015 doloris
434 961 494 1026 est,
525 952 609 1027 quod
626 969 756 1013 necesse
777 961 826 1014 est
846 954 972 1015 desinas
987 956 1069 1016 illum

94 1040 223 1112 sentire,
243 1038 270 1098 si
285 1037 374 1097 nimis
390 1036 535 1098 senseris.
564 1035 638 1097 illud
658 1043 758 1098 autem
772 1045 834 1112 est,
856 1039 940 1114 quod
956 1038 1068 1114 inperi-

94 1131 142 1185 tos
165 1123 196 1181 in
217 1122 380 1182 vexatione
401 1118 541 1196 corporis
562 1122 640 1180 male
661 1120 767 1182 habet:
786 1137 847 1182 non
862 1123 1070 1185 adsueverunt

93 1208 195 1268 animo
211 1220 283 1267 esse
295 1205 437 1266 contenti.
459 1206 584 1265 multum
601 1204 661 1264 illis
673 1221 741 1266 cum
758 1220 888 1280 corpore
902 1207 966 1268 luit.
996 1207 1069 1267 Ideo

93 1293 140 1352 uir
158 1305 288 1365 magnus
310 1305 346 1349 ac
373 1289 511 1365 prudens
536 1289 668 1349 animum
694 1288 810 1350 diducit
835 1306 856 1349 a
882 1306 1014 1365 corpore
1040 1299 1071 1351 et

93 1376 220 1438 multum
234 1389 303 1434 oum
325 1373 451 1435 meliore
466 1388 502 1433 ac
524 1371 626 1433 divina
643 1381 728 1448 parte
741 1381 897 1434 versatur:
920 1390 989 1434 cum
1011 1374 1069 1434 hac

94 1459 224 1536 querula
235 1465 266 1518 et
278 1457 384 1532 lragili,
400 1464 545 1531 quantum
558 1471 689 1517 necesse
701 1465 758 1517 est.
773 1455 856 1530 „Sed
867 1459 990 1517 moles
1001 1465 1112 1521 tumtl

94 1551 168 1615 est,
195 1539 309 1617 inquit,
333 1556 467 1601 carere
487 1539 973 1614 adsuetisvoluptatibus,
1000 1541 1070 1601 abs·

92 1625 191 1688 tinere
217 1624 301 1697 cibo,
336 1625 434 1697 sitire,
463 1625 612 1684 esurire.“
655 1623 739 1682 Haec
766 1622 863 1697 prima
889 1622 1097 1685 abstinentia
1135 1688 1142 1703 ἑ

92 1712 200 1787 gravia
212 1717 291 1770 sunt.
322 1708 433 1769 deinde
449 1707 599 1783 cupiditas
614 1706 819 1780 relanguescit
833 1706 910 1782 ipsis
925 1722 982 1782 per
1002 1713 1070 1782 [se‚]

94 1811 174 1872 quae
195 1794 350 1869 cupimus,
379 1790 512 1868 fatigatis
531 1789 816 1851 accendentibus:
836 1790 907 1850 inde
928 1807 1070 1852 morosus

93 1888 142 1941 est
156 1878 344 1939 stomachus
372 1877 443 1937 inde
459 1876 572 1953 quibus
586 1875 642 1936 luit
656 1874 796 1949 aviditas,
812 1874 916 1935 odium
931 1881 987 1936 est.
1017 1875 1069 1935 de-

93 1962 207 2024 sideria
226 1964 296 2038 ipsa
314 1963 491 2024 moriuntur.
527 1976 589 2021 non
611 1966 659 2019 est
678 1964 778 2019 autem
800 1958 944 2019 acerbum
965 1974 1070 2019 carere

92 2064 146 2117 eo,
173 2047 257 2123 quod
271 2061 385 2120 cupere
407 2045 547 2106 desieris.
582 2041 695 2117 Adice,
716 2043 800 2118 qnod
820 2043 922 2104 nullus
942 2060 1004 2106 non
1024 2042 1113 2103 inti

92 2130 263 2193 termittitur
284 2129 373 2191 dolor
392 2138 445 2190 aut
463 2136 546 2189 certe
568 2127 735 2189 remittitur.
770 2127 875 2200 adice,
897 2128 1072 2203 quodlicet

92 2224 123 2276 et
142 2229 253 2275 cavere
265 2221 424 2278 venturum
439 2221 469 2275 et
483 2213 635 2276 obsistere
650 2210 807 2273 inminenti
820 2212 975 2274 remediis.
1005 2213 1070 2273 nul·

92 2301 141 2360 lus
156 2299 236 2359 enim
252 2315 313 2359 non
326 2298 415 2372 signa
429 2297 606 2372 praemittit,
623 2297 727 2372 utique
742 2296 847 2371 quiex
863 2297 953 2358 solito
967 2311 1070 2356 rever·

93 2385 173 2444 titur.
202 2381 382 2443 Tolerabilis
396 2390 444 2443 est
461 2382 558 2442 morbi
574 2380 732 2456 patientia,
749 2381 776 2441 si
792 2381 1014 2455 contempseris
1028 2379 1070 2454 id,

94 2468 178 2542 quod
199 2474 367 2528 extremum
389 2467 529 2528 minatur.
562 2464 631 2526 Noli
652 2466 732 2524 mola
752 2473 805 2525 tua
822 2466 924 2524 lacere
938 2463 991 2523 tibi
1005 2463 1113 2539 ipseld

92 2551 234 2627 graviora
255 2558 285 2610 et
299 2560 329 2612 te
344 2550 476 2626 querelis
492 2564 630 2612 onerare.
664 2548 741 2608 levis
757 2556 805 2609 est
818 2547 922 2619 dolor,
951 2547 978 2606 si
993 2547 1066 2606 nihil

91 2635 135 2695 illi
150 2633 255 2711 opinio
276 2635 437 2696 adiecerim
464 2643 586 2707 conua,
614 2632 816 2692 siexlmrtari
832 2638 863 2691 te
877 2630 1019 2705 coeperis
1034 2646 1072 2690 ac

92 2717 212 2780 dicere:
236 2718 331 2794 „nihil
352 2724 419 2780 est“
441 2726 493 2780 aut
512 2725 595 2779 certe
623 2715 787 2790 ‚primurn
808 2721 865 2775 cst
908 2714 1070 2775 duremus:

92 2804 152 2863 iarn
166 2803 322 2864 desinet“=
340 2805 438 2864 levem
459 2802 559 2876 illum,
582 2801 654 2861 dnm
671 2807 776 2876 putas,
799 2799 904 2860 iacies.
940 2798 1072 2860 Omnia

92 2887 747 2963 exopinionesuspensasuntznon
762 2883 885 2945 ambitio
901 2882 1071 2945 tantumad

91 2969 174 3032 illam
190 2971 319 3048 respicit
337 2979 369 3033 et
387 2972 506 3034 luxuria
526 2979 557 3032 et
571 2970 712 3031 avaritia=
736 2969 776 3029 ad
792 2969 968 3044 opinionem
985 2968 1069 3028 dole·

91 3073 170 3118 mus.
208 3065 267 3116 tam
288 3057 382 3118 miser
401 3064 447 3118 esl
470 3057 602 3131 quisque
624 3070 715 3129 quarn
737 3053 873 3115 credidit.
903 3051 1068 3114 Detrahen·
1078 3048 1112 3102 14

92 3140 149 3201 das
174 3142 407 3216 praeteritorum
435 3140 575 3203 dolorum
597 3138 835 3213 conquestiones
862 3144 936 3212 puto
963 3141 994 3196 et
1018 3135 1071 3195 illa

90 3223 195 3284 verba.
217 3225 312 3299 „nulli
327 3241 473 3302 umquam
488 3224 544 3286 luit
557 3224 656 3299 peius.
679 3238 760 3298 quos
776 3219 939 3293 cruciatus,
957 3225 1071 3295 quanta

92 3309 173 3368 mala
193 3309 317 3383 pertulit
344 3324 435 3370 nemo
459 3324 509 3368 me
533 3314 738 3370 surrecturum
761 3305 888 3382 putavit.
928 3303 1070 3379 quotiens
1150 3356 1152 3360 ,

92 3391 271 3468 deploratus
287 3410 355 3455 sum
371 3393 496 3467 amois,
518 3392 661 3469 quotiens
682 3405 701 3449 a
720 3389 848 3451 medicis
868 3388 1009 3449 relictus!
1038 3385 1069 3443 in

93 3475 232 3537 eculeum
245 3477 371 3554 inpositi
385 3494 447 3541 non
459 3476 506 3540 sic
518 3475 759 3540 distrahuntur.“
782 3470 910 3537 etiamsi
919 3475 1091 3532 sonsum
