2422 3862
158 204 223 270 258
430 204 464 264 L.
485 203 633 264 ANNAEI
653 203 829 266 SENECAE

158 361 232 421 bere
248 359 364 431 omnia,
387 358 414 418 si
429 358 473 418 sis
492 357 597 433 inpetu
611 354 745 418 nimiusl
774 357 848 432 quid
868 358 998 433 prodest
1018 360 1143 437 inpetus

158 443 350 519 repressisse
371 449 401 502 et
417 440 532 501 habere
553 440 736 515 cupiditates
751 441 782 500 in
799 457 855 501 sua
870 448 1039 518 potestate,
1064 448 1092 507 si
1111 449 1142 506 in

158 529 228 604 ipsa
246 542 348 587 rerum
368 523 488 586 actione
507 531 647 599 tempora
669 523 792 599 ignores
817 539 875 585 nec
894 525 993 602 scias,
1017 533 1142 603 quando

160 611 296 687 quidque
317 616 348 669 et
367 607 420 669 ubi
440 616 471 668 et
491 608 747 683 quemadmodum
768 608 817 685 agi
836 609 967 670 debeat?
997 611 1079 673 aliud
1094 623 1142 674 est

159 695 238 755 enim
266 691 429 769 dignitates
450 698 481 752 et
502 691 601 767 pretia
618 707 720 752 rerum
740 708 851 765 nosse,
879 694 960 754 aliud
985 695 1140 771 articulos,

158 779 240 840 aliud
255 778 378 852 inpetus
393 777 550 836 refrenare
565 783 595 836 et
607 776 648 836 ad
662 777 782 850 agenda
796 777 854 850 ire,
871 793 932 837 non
947 793 1051 839 ruere:
1066 788 1140 841 tunc

113 916 115 920 .
157 873 231 938 ergo
244 861 306 922 vita
321 875 453 923 concors
467 858 526 920 sibi
542 868 598 934 est,
612 860 665 920 ubi
676 860 755 920 actio
771 875 832 920 non
844 860 980 923 destituit
993 862 1139 939 inpetum,

156 947 278 1022 inpetus
294 961 334 1006 ex
349 944 495 1020 dignitate
514 943 558 1003 rei
576 943 727 1018 cuiusque
742 944 925 1018 concipitur,
948 947 1079 1020 proinde
1092 966 1139 1010 re·

114 1031 270 1102 lamissus
291 1029 454 1104 acriorque
474 1034 566 1104 prout
585 1028 636 1087 illa
656 1027 749 1101 digna
769 1034 816 1088 est
836 1029 909 1102 peti.
939 1029 1140 1093 Naturalis

155 1130 249 1191 pars
269 1110 551 1188 philosophiae
571 1113 606 1170 in
625 1113 698 1173 duo
714 1110 926 1172 scinditur=
949 1129 1138 1190 corpora·

156 1199 207 1258 lia
230 1205 268 1258 et
287 1195 565 1272 incorporalia.
600 1203 728 1270 utraque
751 1195 928 1257 dividuntur
947 1197 1084 1272 insuos,
1107 1206 1140 1258 ut

155 1282 197 1342 ita
212 1281 325 1354 dicam,
340 1280 470 1355 gratim:
490 1295 654 1355 corporum
669 1281 756 1340 locus
771 1279 802 1338 in
816 1279 891 1341 hos:
907 1280 1037 1355 primum
1048 1283 1078 1342 in
1090 1299 1136 1357 ea,

135 1368 141 1382 '
157 1379 236 1439 quac
257 1363 370 1424 iaciunt
391 1371 422 1425 et
443 1378 522 1439 quac
538 1379 577 1423 ex
591 1362 641 1422 his
655 1363 833 1438 gignuntur:
856 1363 1022 1440 gignuntur
1036 1375 1137 1428 autem

155 1450 312 1508 elementa.
341 1448 410 1524 ipse
430 1445 587 1509 elementis
607 1449 709 1520 locus,
731 1455 764 1508 ut
779 1447 904 1523 quidam
919 1458 1043 1524 putant,
1066 1452 1131 1512 sim·

156 1534 227 1606 plex
241 1538 298 1592 est.
328 1531 514 1607 mquidem,
536 1531 567 1591 in
584 1530 740 1591 materiam
758 1539 788 1590 et
808 1547 932 1592 causam
951 1534 1053 1594 omnia
1072 1552 1137 1595 mo·-

111 1624 274 1686 17ventem
289 1621 319 1675 et
339 1617 487 1676 elenrenta
504 1613 657 1675 dividitur.
695 1614 886 1690 Superest
904 1625 942 1676 ut
962 1617 1131 1677 rationa-

114 1704 118 1708 “
152 1699 223 1758 lem
250 1708 395 1774 partem
415 1697 695 1775 philosophiae
721 1699 902 1759 dividam·
924 1700 1023 1760 omnis
1039 1702 1136 1760 oratio

153 1790 205 1843 aut
219 1783 362 1844 continua
377 1791 425 1844 est
442 1790 494 1844 aut
513 1784 591 1843 inter
609 1784 847 1858 respondentem
859 1782 1135 1858 etinterrogantem

153 1867 295 1929 discissa.
328 1868 406 1927 hanc
410 1859 644 1966 διαλεκτικήν,
659 1868 742 1927 illam
756 1859 937 1950 dqroptuqa
953 1868 1067 1942 placuit
1080 1887 1135 1930 vo-

153 1950 228 2011 cari
261 1943 418 2049 ῥητορική
440 1952 534 2011 verba
555 1959 641 2012 curat
663 1958 693 2010 et
709 1967 821 2012 sensus
838 1957 868 2010 et
883 1952 1030 2012 ordinem.
1061 1951 1136 2014 dru-

150 2026 305 2114 laureari
297 2052 327 2095 m
343 2035 421 2095 duas
436 2042 539 2110 partes
558 2033 746 2110 dividitur(
737 2053 768 2094 m
785 2035 878 2094 verba
893 2043 924 2095 et
938 2036 1133 2111 significatio-

152 2133 222 2191 nes,
245 2118 352 2192 idest,
373 2134 485 2193 mres
508 2119 758 2195 quaedicuntur,
782 2119 993 2193 etvocabula
1020 2120 1133 2194 quibus

151 2201 302 2262 dicuntur.
331 2203 443 2277 lugens
465 2201 576 2263 deinde
600 2203 738 2278 sequitur
753 2203 913 2278 utriusque
929 2166 1050 2265 divi'sio.
1079 2205 1132 2264 ita-

152 2299 212 2360 que
225 2283 286 2345 hoc
300 2287 370 2346 loco
384 2286 475 2346 finem
493 2286 602 2346 faciam

364 2376 394 2431 et
404 2387 519 2431 somma
532 2387 642 2445 aequor
652 2369 779 2444 fastidia
793 2387 912 2431 rerum:

148 2453 279 2529 alioqui,
300 2454 327 2514 si
349 2454 476 2516 volucro
498 2455 599 2514 lacere
626 2453 754 2528 partium
775 2463 894 2531 partes,
919 2455 1131 2530 quaestionum

107 2541 140 2598 18
147 2537 224 2599 liber
236 2537 299 2598 flet.
330 2539 430 2611 Haec,
447 2537 542 2599 Lucili
557 2536 692 2599 virorum
706 2538 829 2612 optime,
847 2555 909 2613 quo
926 2537 1026 2598 minus
1045 2541 1131 2615 legas

148 2638 209 2683 non
225 2622 380 2696 deterreo,
397 2621 578 2696 dummodo,
601 2622 789 2697 quicquid
810 2622 974 2698 legeris,
996 2623 1042 2682 ad
1057 2641 1131 2684 mo-

146 2721 208 2766 res
230 2706 361 2766 statim
382 2708 545 2766 reseras.
579 2706 647 2766 illos
670 2721 838 2780 conpesce,
859 2707 1026 2766 marcentia
1048 2707 1078 2767 in
1102 2716 1132 2767 te

147 2790 263 2862 excita,
284 2789 385 2849 soluta
407 2791 597 2865 constringe,
620 2791 813 2851 contumacia
833 2791 939 2862 doma,
973 2792 1130 2865 cupidi-

146 2878 246 2933 tates
272 2879 359 2931 tuas
381 2872 643 2949 publicasque
669 2881 852 2948 quantum
878 2883 991 2950 potes
1017 2892 1129 2935 vexa=

146 2963 175 3016 et
194 2955 262 3015 istis
285 2954 472 3016 dicentibus:
494 2973 729 3033 „quousque
751 2960 929 3019 eademt“
956 2961 1129 3034 responde:

103 3057 137 3112 19
207 3039 292 3114 „Ego
315 3039 464 3101 debebam
486 3041 604 3101 dicere:
627 3058 791 3117 quousque
811 3044 918 3103 eadem
939 3044 1130 3117 peccabitisr

142 3124 279 3184 remedia
296 3133 366 3185 ante
380 3125 472 3186 vultis
488 3142 578 3202 quam
594 3125 666 3186 vitia
679 3125 831 3199 desinere,
848 3143 906 3202 ego
921 3143 996 3189 vero
1012 3143 1050 3187 eo
1065 3145 1128 3188 ma-

142 3207 190 3282 gis
213 3208 311 3268 dicam
329 3216 372 3283 et,
397 3209 470 3285 quia
489 3208 656 3284 recusatis,
677 3211 895 3285 perseverabo.
927 3219 999 3272 tunc
1022 3211 1129 3288 incipit

142 3292 292 3352 medicina
302 3294 464 3368 proficere,
480 3293 532 3354 ubi
543 3294 573 3354 in
586 3310 717 3369 corpore
732 3296 862 3356 alienato
876 3296 1015 3358 dolorem
1028 3304 1128 3356 tactus

141 3377 305 3452 expressit.
338 3379 437 3439 dicam
458 3376 549 3438 etiam
570 3378 672 3439 invitis
689 3381 858 3454 profutura.
888 3381 1056 3457 aliquando
1074 3381 1126 3440 ali-

142 3478 203 3536 qua
224 3462 264 3522 ad
287 3478 344 3524 vos
364 3480 427 3525 non
447 3463 560 3523 blanda
579 3479 641 3524 vox
662 3464 778 3539 veniat,
801 3474 831 3527 et
848 3465 1043 3542 quieveram
1064 3465 1125 3526 sin·
