2422 3862
363 233 598 288 Pnnnsnrio.
978 253 994 286 v

75 375 162 425 ririiice
182 389 279 433 rerum,
306 374 371 423 inter
396 387 458 436 quas
480 374 581 437 positae
602 379 675 433 sunt,
697 372 810 423 ordinem
829 374 930 426 turbant
945 389 992 426 neo

77 446 211 507 quicquam
228 445 252 492 in
273 445 305 492 iis
324 450 377 502 est,
393 458 437 492 cur
450 457 499 492 non
518 457 533 492 a
549 440 645 493 Seneca
661 443 717 506 ipso
734 443 844 509 scriptae
859 446 993 496 credantur

75 515 146 563 etiam
166 514 292 564 invenitur
308 513 379 562 locus
395 513 494 577 aptior,
515 511 583 563 unde
606 512 706 576 possint
727 526 811 562 errore
834 513 918 578 aliquo
942 521 992 564 tra-

75 584 165 641 rideri;
184 598 261 646 qnare
278 580 341 632 nihil
352 581 510 645 probabilius
529 589 567 631 est
585 595 661 642 qnam
672 581 793 630 secundis
807 583 874 633 curis
886 584 918 634 ab
934 584 991 649 ipso

82 652 140 702 illas
160 653 297 702 sententias
316 651 427 700 adiectas
446 665 517 710 esee,
542 664 592 700 non
616 657 644 699 ut
665 649 758 701 iisdem
780 651 865 700 verbis
883 654 991 703 orationi

74 731 205 781 nerentur,
229 721 275 771 sed
296 729 323 770 nt
348 734 376 768 se
395 720 478 783 ipsum
500 719 588 785 paucis
613 718 856 781 commonefaceret,
880 722 944 785 quid
962 738 992 773 eo

77 791 84 839 l
102 791 245 841 addendum
260 790 297 839 uel
316 789 494 854 corrigendum
511 796 578 839 esset
595 796 730 851 antequam
743 795 809 839 totus
823 789 887 840 liber
897 791 922 841 in
937 806 991 842 rna-

76 863 171 911 minum
186 861 343 925 pervenirem
364 860 406 922 qni
426 866 509 908 autem
528 857 621 908 deinde
638 864 738 908 mortuo
757 855 851 909 Senem
868 859 992 926 epistulas

91 932 113 979 is
128 946 208 992 neque
227 930 261 978 ita
286 938 384 978 mutare
408 928 491 993 potuit
514 929 667 988 orationem,
686 934 715 976 nt
731 925 828 978 Seneca
849 929 876 978 ld
896 928 993 981 iacien-

75 1015 115 1050 sse
139 1000 188 1049 sibi
213 1006 356 1057 notaverat,
382 1012 464 1059 neque
486 997 578 1046 abiecit
595 996 780 1046 admonitiones
799 995 871 1058 illas,
897 1001 992 1065 qnippe

77 1071 290 1120 dditamentorum
315 1068 427 1132 speciem
450 1064 581 1116 baberent.
622 1065 676 1131 ligo
707 1080 767 1116 vero
799 1067 925 1118 eiusmodi
955 1069 991 1119 lo·

75 1155 86 1189 c
109 1139 190 1189 delevi
215 1153 261 1187 nec
286 1151 336 1198 qno
362 1135 431 1185 soleo
451 1134 526 1185 modo
546 1135 648 1198 spurios
676 1135 800 1197 indicavi,
833 1137 880 1187 sed
906 1147 989 1188 tamen

75 1208 171 1258 nclusos
191 1222 205 1256 a
226 1206 324 1269 reliqua
351 1205 462 1254 oratione
487 1205 619 1268 separavi;
649 1218 713 1267 qnos
736 1203 757 1253 si
783 1205 840 1267 quis
862 1221 877 1255 a
896 1204 992 1258 Seneca

98 1280 179 1342 primo
207 1276 292 1325 statim
317 1272 421 1324 consilio
444 1280 469 1323 et
490 1288 540 1323 uno
564 1280 652 1323 tenore
676 1288 734 1323 oum
758 1274 862 1337 reliquis
886 1278 991 1327 coniun-

75 1349 121 1396 ribi
136 1345 265 1412 potuisse,
290 1359 339 1393 non
362 1343 463 1394 invideo
488 1342 595 1402 iudicio;
619 1343 815 1394 commodiorem
840 1343 881 1396 vel
907 1360 992 1396 emen-

75 1417 110 1465 vel
136 1414 280 1480 explicandi
302 1416 424 1463 rationem
447 1413 469 1462 si
493 1413 551 1476 quis
572 1412 693 1477 reperiet,
720 1428 797 1476 qnam
822 1429 888 1477 qnae
911 1430 926 1465 a
951 1430 991 1466 me

79 1494 103 1535 ta
122 1493 175 1545 est,
198 1483 270 1533 facile
290 1484 425 1550 accipiam
451 1497 538 1533 uereor
562 1488 661 1541 antem,
683 1496 715 1532 ne
739 1481 826 1548 plnres
849 1484 924 1534 etiam
942 1482 991 1535 i'oci

75 1570 87 1604 n
114 1556 189 1604 sortis
218 1554 282 1613 sint,
311 1568 387 1615 quam
416 1566 481 1615 quos
508 1566 556 1618 ego
586 1565 652 1601 nuno
677 1552 778 1613 noted,
807 1567 865 1602 cum
886 1567 992 1620 progre-

75 1625 176 1673 demum
195 1638 271 1688 opere
287 1623 399 1688 suspicio
420 1629 444 1670 et
465 1623 573 1671 oriretur
591 1628 615 1669 et
633 1620 775 1670 ilrmaretnr
789 1635 873 1684 neque
891 1631 992 1673 vacaret

82 1695 222 1754 iterumque
238 1691 307 1741 locos
325 1693 423 1757 priores
443 1704 531 1739 omnes
556 1691 660 1753 exigere
681 1689 715 1740 ad
730 1688 833 1756 regulas
849 1698 940 1756 postea
954 1707 993 1742 re-

90 1763 189 1810 interim
208 1761 255 1810 hos
271 1775 352 1824 pono:
371 1774 412 1823 ep.
432 1757 476 1816 13,
494 1760 519 1808 4.
538 1756 610 1809 Illud
624 1758 669 1808 tibi
677 1760 810 1822 praecipio
824 1787 857 1797 -
871 1761 991 1811 uenerint.

75 1866 81 1889 ‚
105 1831 145 1881 14.
164 1829 309 1879 Deinde-
326 1828 449 1891 paudere.
467 1842 508 1892 ep.
529 1825 577 1892 88,
593 1826 618 1878 3.
640 1826 686 1876 Aa
698 1832 858 1893 geometriam
875 1856 911 1869 ·-
928 1837 994 1881 vetet

96 1913 137 1961 ep.
157 1897 205 1954 95,
223 1897 264 1950 37.
284 1897 350 1946 unde
365 1897 416 1946 iata
434 1924 467 1935 —
482 1896 598 1959 fertilia?
621 1909 663 1960 ep.
686 1896 751 1955 104,
772 1898 815 1948 27.
837 1896 992 1949 fortitudinis

79 1968 159 2015 entiae
182 1965 294 2015 Socratis
312 1964 449 2030 descriptio
467 1963 562 2014 additis
579 1972 669 2029 postea
687 1965 769 2017 verbis
786 1966 902 2032 pluribus
921 1969 991 2020 ride-

75 2044 135 2085 ttata
151 2050 216 2084 esse.
254 2034 370 2101 Longum
390 2042 428 2084 est
444 2033 514 2084 locos
530 2031 577 2083 hos
596 2032 744 2101 singulatim
769 2046 923 2102 pertractare
945 2054 992 2090 neo

75 2108 158 2163 nium
177 2106 270 2167 siquis
287 2106 354 2154 enim
374 2119 424 2154 non
442 2104 506 2154 ebrii
522 2103 632 2154 hominis
646 2119 787 2156 sermonem
805 2108 831 2158 in
843 2107 938 2160 Seneca
955 2108 992 2160 ie·

75 2217 76 2223 ,
95 2182 167 2240 putet
188 2174 228 2223 vel
248 2175 335 2224 ordine
353 2189 499 2239 perversum
511 2172 552 2225 vel
565 2184 713 2240 argumento
733 2176 782 2226 sibi
797 2185 990 2244 repugnantem,

75 2245 186 2308 eperiet,
213 2259 277 2306 qnae
302 2245 424 2308 cuiusque
446 2243 497 2294 ioci
519 2244 584 2295 ratio
609 2259 639 2294 ao
660 2244 797 2298 difficultas
816 2248 848 2297 sit
867 2256 893 2298 et
914 2263 991 2310 quam

94 2314 210 2364 lrabuerit
225 2312 333 2372 Seneca,
353 2330 397 2363 cnr
409 2313 559 2365 mutandum
571 2313 668 2377 aliquid
686 2323 811 2377 censeret,
830 2317 899 2380 qnod
918 2316 991 2366 iilum

75 2400 89 2432 n
109 2393 220 2432 mutasse
234 2384 287 2448 jam
303 2384 348 2433 sed
367 2383 518 2434 mutandum
533 2383 661 2434 iudicasse
678 2393 795 2449 apparet.
830 2384 893 2436 Sunt
906 2392 990 2436 tamen

75 2454 81 2502 i
98 2453 216 2515 qnidam,
241 2455 284 2516 qui
307 2461 415 2516 possunt
436 2454 498 2502 item
516 2453 635 2504 secundis
655 2455 722 2504 curis
738 2454 831 2505 adiecti
850 2456 930 2505 videri
945 2456 992 2506 sed

75 2538 96 2570 m
117 2523 152 2571 ita
170 2523 254 2572 verbis
269 2524 397 2587 concepti,
417 2531 445 2572 ut
458 2523 515 2573 sine
530 2521 583 2572 nlla
598 2524 737 2574 mutatione
754 2523 866 2588 reliquae
883 2525 992 2575 orationi

75 2592 205 2649 ›otnerint;
227 2593 270 2653 qni
287 2593 309 2640 si
327 2598 386 2656 apto
405 2591 459 2642 loco
475 2593 619 2657 interpositi
638 2599 710 2653 sunt,
732 2592 802 2642 haud
817 2591 893 2643 lacile
911 2608 991 2660 agno·

82 2676 89 2719 3
114 2662 278 2723 quamobrem
297 2675 353 2710 cum
372 2675 449 2709 unium
469 2677 557 2712 eorum
576 2661 696 2712 indicium
715 2662 761 2720 sit,
786 2663 808 2711 si
832 2661 914 2713 alieno
935 2663 990 2714 loco

75 2739 127 2790 int,
147 2732 226 2779 oritur
244 2730 358 2790 difficilis
377 2732 506 2792 quaestio,
525 2730 609 2781 sintne
623 2730 744 2782 aSeneca
761 2731 859 2797 ipsein
877 2734 992 2800 margine

75 2806 93 2848 ct
109 2800 201 2849 deinde
219 2800 285 2849 male
304 2801 405 2863 inserti,
431 2814 462 2849 an
486 2806 576 2865 postea
600 2800 701 2851 demum
723 2801 882 2852 librariorum
907 2818 991 2852 errore

75 2884 95 2918 ra
112 2869 213 2918 deiecti.
250 2870 287 2918 Ex
303 2869 352 2918 hoc
369 2883 463 2934 genere
480 2878 518 2920 est
537 2872 662 2920 sententia
681 2870 724 2920 illa
742 2885 783 2935 ep.
803 2870 846 2932 81,
867 2868 908 2920 28.
932 2871 992 2922 ndu

75 2940 229 2989 aestimamus
244 2966 277 2975 —
296 2954 348 2988 cum
363 2943 509 3002 occepimus.
529 2953 593 3003 quac
616 2940 701 3005 potuit
718 2937 829 2990 Senecae
852 2940 878 2988 in
902 2941 992 2992 iterata

86 3008 193 3057 lectione
210 3009 352 3058 adiicienda
367 3009 461 3073 videri;
477 3009 566 3060 eadem
586 3024 645 3059 vero
660 3010 743 3075 potuit
758 3011 833 3060 etiam
848 3023 864 3057 a
880 3008 991 3059 librariis

75 3078 114 3140 ui,
140 3093 197 3126 cum
214 3093 229 3127 a
247 3077 341 3128 Seneca
355 3078 432 3142 paulo
451 3087 509 3143 post
528 3078 612 3145 posita
628 3086 696 3129 esset
712 3086 769 3128 ante
787 3093 876 3128 vocem
895 3080 991 3142 cogita-

78 3149 99 3194 si
117 3148 174 3209 quis
192 3146 257 3196 forte
273 3148 358 3197 dicere
375 3149 483 3205 mavult,
507 3162 584 3197 voces
603 3147 676 3198 illas:
698 3150 801 3214 quaeris
817 3173 853 3184 -
868 3149 991 3209 accipien-

74 3231 88 3265 a
105 3215 207 3266 librario
227 3216 310 3278 aliquo
330 3223 387 3265 ante
401 3217 459 3267 illua
478 3217 585 3266 omissas
599 3225 624 3266 et
636 3217 729 3267 deinde
744 3216 800 3268 loco
817 3230 868 3266 non
884 3223 944 3280 apto
960 3217 991 3265 ab

78 3295 144 3334 ertas
162 3300 226 3334 esse.
263 3285 356 3333 Eadem
373 3280 495 3336 dubiiatio
512 3293 550 3334 est
570 3300 611 3350 cp.
635 3285 682 3347 78,
705 3285 745 3335 11.
768 3291 854 3337 totum
873 3286 947 3334 enirn
956 3284 1005 3331 Xo-

75 3369 132 3403 um:
153 3353 207 3403 Sed
223 3355 347 3403 molestum
362 3363 401 3405 eat
413 3381 448 3392 -
466 3353 533 3421 quod
548 3368 643 3422 cupere
663 3356 788 3410 desieris.
809 3367 894 3405 uenio
912 3350 1025 3399 dublina-

75 3438 83 3471 1
96 3422 190 3472 Seneca
206 3430 248 3471 aut
262 3423 392 3488 scripserit
411 3435 456 3478 ant
472 3426 554 3479 scribi
574 3437 649 3481 certe
666 3427 789 3482 uoluerit
799 3431 870 3491 post
881 3418 962 3481 Sti·
977 3418 1046 3460 saw·

75 3491 121 3538 lla:
144 3493 289 3542 Praeterea
311 3493 364 3547 duo
387 3508 451 3551 cunt
471 3514 580 3569 genera
603 3504 792 3568 uoluptatium
813 3509 849 3544 ae
864 3477 1067 3542 idumaeis
