2422 3862
165 187 335 250 EPiSTUL.
350 187 444 250 MOR.
466 189 539 250 LlB.
551 190 603 249 lv.
625 189 682 250 ΕΡ.
691 199 776 253 2-4.
801 196 947 263 (dl-33.)
1001 189 1042 255 73

67 343 207 405 nesciunt
228 341 302 416 quid
322 357 406 417 agas.
446 341 526 400 Hoc
554 349 614 401 est
642 345 829 417 salutare,
859 360 932 404 non
955 359 1072 410 con-2

68 426 219 488 versari
245 423 509 486 dissimilibus
539 432 574 484 et
600 426 758 486 diversa
781 428 1042 503 cupientibus.

67 511 163 572 liabeo
186 510 311 586 quidem
327 509 471 569 fiduciam
486 525 546 568 non
562 524 658 582 posse
682 518 711 569 te
726 512 900 587 detorqueri
920 528 1042 574 mansu-

67 610 194 670 rumque
208 595 238 654 in
255 592 431 669 proposito,
447 591 566 653 etiamsi
581 592 806 656 sollicitantium
817 595 904 656 turba
916 597 1043 658 circum·

66 687 121 740 eat.
147 679 225 754 quid
238 692 313 753 ergo
328 684 396 738 esti
418 692 479 737 non
495 677 601 750 timeo,
622 693 661 738 ne
677 687 852 753 mecentio,
876 680 981 755 timeo,
1004 698 1043 742 ne

65 763 229 839 inpediant.
252 762 378 822 multum
393 769 490 822 autem
509 767 599 825 nocet
614 762 703 822 etiam
716 762 767 838 qui
779 772 921 837 moratur,
938 765 1043 841 utique

64 848 92 908 iu
107 854 191 908 tanta
208 845 356 908 brevitate
372 845 464 917 vitae,
488 860 578 920 quam
594 844 765 906 breviorem
780 847 1011 909 inconstantius
1030 882 1042 891 ·

65 933 159 992 cimus
181 931 266 991 aliud
287 931 353 990 eius
380 929 511 990 subinde
530 936 622 1002 atque
643 929 726 990 aliud
747 930 894 992 iacientes
916 931 1042 996 initium.

64 1015 235 1076 diducimus
256 1014 337 1074 illam
360 1015 391 1073 in
417 1011 580 1088 particulas
607 1028 643 1072 ac
667 1015 866 1077 lancinamus.
906 1014 1071 1092 Properas

63 1116 150 1175 ergo,
172 1098 269 1160 Lucili
292 1098 465 1171 carissime,
492 1105 522 1158 et
541 1098 642 1172 cogita
657 1105 802 1172 quantum
818 1100 977 1162 additurus
992 1118 1041 1161 ce·

62 1184 170 1244 leritati
191 1181 303 1256 lucris,
327 1183 353 1243 si
374 1198 392 1241 a
412 1187 498 1256 tergo
520 1180 619 1242 hostis
634 1182 774 1258 instaret,
798 1184 825 1243 si
840 1184 971 1260 equitem
988 1186 1041 1246 ad-

61 1276 187 1328 ventare
202 1264 408 1342 suspicareris
423 1280 459 1324 ac
477 1265 654 1339 fugientium
671 1282 809 1341 premere
824 1269 960 1344 vestigia.
996 1269 1042 1330 Fit

62 1351 134 1426 hoc,
158 1350 324 1427 premeris:
348 1351 485 1410 accelera
500 1357 530 1409 et
546 1350 658 1425 evade,
683 1352 798 1425 perduc
813 1359 842 1412 te
856 1353 885 1411 in
902 1360 997 1413 tutum
1012 1362 1043 1415 et

61 1436 228 1497 subinde
250 1434 476 1506 considera,
501 1450 610 1509 quam
627 1435 934 1509 pulchraressit
950 1453 1039 1497 con·

61 1535 250 1581 summare
279 1518 395 1579 vitam
424 1525 511 1578 ante
532 1527 702 1591 mortem,
734 1519 844 1579 deinde
860 1528 1041 1595 exspectare

61 1619 205 1665 securum
219 1605 367 1678 reliquam
382 1601 528 1678 temporis
544 1602 591 1662 sui
606 1612 739 1676 partem,
761 1602 835 1663 nihil
846 1603 919 1677 sibi,
942 1605 994 1681 [ut]
1010 1605 1040 1663 ln

61 1689 266 1763 possessione
284 1688 392 1748 beatae
415 1685 493 1746 vitae
514 1687 663 1760 positum,
687 1701 766 1762 quae
787 1685 903 1747 beatior
920 1703 980 1748 non
995 1687 1039 1760 fit,

61 1772 86 1833 si
109 1772 240 1848 longior.
284 1769 308 1831 0
330 1770 453 1847 qnando
475 1770 548 1831 illud
570 1769 689 1830 videbis
710 1779 846 1844 tempus,
875 1787 937 1846 quo
958 1771 1069 1838 scissa

61 1865 181 1933 tempus
197 1857 237 1916 ad
251 1864 280 1917 te
294 1871 355 1915 non
371 1854 537 1929 pertineret
562 1870 623 1929 quo
639 1854 819 1928 tranquillus
837 1854 1040 1929 placidusque

60 1942 120 2001 eris
140 1949 172 2002 et
193 1938 317 2001 crastini
338 1940 504 2014 neglegens
520 1936 595 1997 etin
610 1953 729 1998 summa
743 1937 785 1998 tui
800 1939 947 1999 satietate.
983 1940 1039 1999 Vis

31 2033 34 2041 ·
60 2026 153 2099 scire,
179 2023 254 2100 quid
274 2024 327 2096 sit,
351 2022 436 2098 quod
460 2021 551 2083 iaciat
565 2021 704 2082 homines
720 2021 829 2082 avidos
844 2022 956 2083 inturit
987 2039 1039 2083 nc-

60 2127 108 2170 mo
125 2107 186 2170 sibi
201 2107 334 2183 contigit.
368 2105 559 2182 Optaverunt
571 2108 675 2180 itaque
690 2104 813 2166 tibialia
825 2115 970 2182 parentes
980 2108 1038 2169 tui:

61 2194 117 2254 sed
140 2193 220 2253 haec
244 2198 349 2255 contra
375 2190 508 2252 omnium
528 2190 581 2251 tibi
603 2206 707 2251 eorum
730 2199 935 2267 contemptum
956 2201 1040 2268 opto,

61 2294 192 2354 quorum
205 2276 247 2336 illi
263 2276 393 2351 copiam.
428 2276 510 2334 Vota
523 2274 643 2336 illorum
658 2275 768 2336 multos
785 2277 947 2351 conpilent,
963 2285 996 2337 ut
1010 2284 1039 2336 te

60 2361 256 2437 locupletent.
290 2358 437 2435 quicquid
457 2360 496 2418 ad
510 2364 540 2419 te
553 2360 753 2434 transierunt,
773 2359 863 2420 alicui
877 2361 1038 2423 detrahen-

61 2447 133 2506 dum
147 2453 204 2506 est.
244 2443 321 2520 Opto
335 2443 387 2503 tibi
402 2442 444 2504 tui
459 2443 647 2517 facultatem,
662 2452 694 2504 ul
705 2444 793 2519 vagis
806 2443 1068 2518 cogitationibuss

61 2531 174 2606 agitata
193 2544 280 2590 mens
295 2527 416 2589 tandem
433 2524 556 2587 resistat
570 2534 599 2587 et
614 2536 696 2588 certa
711 2528 763 2601 sit,
787 2534 820 2587 ut
841 2529 960 2602 placeat
982 2527 1039 2586 sibi

61 2622 91 2674 et
105 2613 266 2674 intellectis
281 2611 363 2673 veris
375 2611 480 2685 bunia,
495 2626 589 2685 quae,
604 2611 692 2671 simul
704 2610 857 2671 intellecta
869 2619 947 2683 sunt,
967 2626 1040 2686 pos·

63 2697 216 2773 sidentur,
238 2697 347 2759 aetatis
368 2695 540 2755 adiectione
560 2711 620 2756 non
642 2704 739 2770 egeat.
775 2694 828 2753 llle
850 2695 971 2755 demum
988 2711 1039 2756 ne-

62 2783 221 2844 cessitates
244 2795 466 2857 supergressus
482 2786 532 2839 est
547 2786 577 2839 et
591 2786 807 2840 exauctoratus
822 2794 858 2838 ac
874 2779 965 2854 liber,
987 2780 1040 2855 qui

61 2867 133 2927 vivit
145 2867 208 2927 vita
225 2873 360 2941 peracta.
396 2865 484 2923 Vale.

355 3049 569 3106 EPISTULA
596 3048 643 3103 IV.
671 3048 743 3118 (33.)

313 3159 424 3213 Seneca
443 3161 553 3213 Lucruro
574 3173 625 3212 suo
646 3171 784 3211 sacurem.

121 3279 337 3343 Desideras
358 3279 420 3340 lais
443 3296 600 3357 quoque
618 3280 804 3356 epistulis
820 3278 923 3340 sicut
939 3278 1065 3356 prio-1

62 3365 167 3427 ribus
190 3364 368 3431 adscribi
392 3367 544 3441 aliquas
566 3380 686 3424 voces
709 3369 929 3425 nostrorum
953 3380 1040 3438 pro-

61 3465 198 3513 cerum.
228 3446 299 3510 Non
312 3449 431 3509 luerunt
443 3450 523 3509 circa
535 3447 684 3510 flosculos
699 3449 861 3528 occupatu
882 3455 1055 3511 totuscon·
