<?xml version="1.0" encoding="UTF-8"?>
<!DOCTYPE html PUBLIC "-//W3C//DTD XHTML 1.0 Transitional//EN"
    "http://www.w3.org/TR/xhtml1/DTD/xhtml1-transitional.dtd">
<html xmlns="http://www.w3.org/1999/xhtml" xml:lang="en" lang="en">
 <head>
  <title>
</title>
<meta http-equiv="Content-Type" content="text/html;charset=utf-8" />
  <meta name='ocr-system' content='tesseract 3.04.00' />
  <meta name='ocr-capabilities' content='ocr_page ocr_carea ocr_par ocr_line ocrx_word'/>
</head>
<body>
  <div class='ocr_page' id='page_1' title='image "./lannaeisenecaeo06senegoog_0260.png"; bbox 0 0 2422 3862; ppageno 0'>
   <div class='ocr_carea' id='block_1_1' title="bbox 261 227 1083 306">
    <p class='ocr_par' dir='ltr' id='par_1_1' title="bbox 261 227 1083 306">
     <span class='ocr_line' id='line_1_1' title="bbox 261 227 1083 306; baseline 0.011 -16"><span class='ocrx_word' id='word_1_1' title='bbox 261 229 431 290; x_wconf 86' lang='lat' dir='ltr'><strong>EPISTUL.</strong></span> <span class='ocrx_word' id='word_1_2' title='bbox 444 227 538 289; x_wconf 85' lang='lat' dir='ltr'><strong>MOR.</strong></span> <span class='ocrx_word' id='word_1_3' title='bbox 560 228 708 289; x_wconf 86' lang='lat' dir='ltr'><strong>LlB.Xll.</strong></span> <span class='ocrx_word' id='word_1_4' title='bbox 730 229 788 291; x_wconf 85' lang='grc' dir='ltr'><strong>ΕΡ.</strong></span> <span class='ocrx_word' id='word_1_5' title='bbox 800 239 826 291; x_wconf 76' lang='lat'><strong>2.</strong></span> <span class='ocrx_word' id='word_1_6' title='bbox 847 234 919 306; x_wconf 79' lang='lat'><strong>(84.)</strong></span> <span class='ocrx_word' id='word_1_7' title='bbox 1020 234 1083 299; x_wconf 72' lang='lat'><strong>225</strong></span> 
     </span>
    </p>
   </div>
   <div class='ocr_carea' id='block_1_2' title="bbox 96 380 1084 713">
    <p class='ocr_par' dir='ltr' id='par_1_2' title="bbox 96 380 1084 713">
     <span class='ocr_line' id='line_1_2' title="bbox 98 380 1082 461; baseline 0.003 -17"><span class='ocrx_word' id='word_1_8' title='bbox 98 384 215 461; x_wconf 78' lang='lat' dir='ltr'><strong>ginem:</strong></span> <span class='ocrx_word' id='word_1_9' title='bbox 237 383 338 456; x_wconf 82' lang='lat' dir='ltr'>imago</span> <span class='ocrx_word' id='word_1_10' title='bbox 360 396 411 440; x_wconf 90' lang='lat' dir='ltr'><strong>res</strong></span> <span class='ocrx_word' id='word_1_11' title='bbox 433 388 551 441; x_wconf 90' lang='lat' dir='ltr'><strong>mortua</strong></span> <span class='ocrx_word' id='word_1_12' title='bbox 572 389 628 441; x_wconf 93' lang='grc' dir='ltr'><strong>εει.</strong></span> <span class='ocrx_word' id='word_1_13' title='bbox 664 380 763 456; x_wconf 82' lang='lat' dir='ltr'><strong>„Quid</strong></span> <span class='ocrx_word' id='word_1_14' title='bbox 780 389 876 456; x_wconf 73' lang='lat' dir='ltr'><strong>ergo?</strong></span> <span class='ocrx_word' id='word_1_15' title='bbox 889 401 950 445; x_wconf 88' lang='lat' dir='ltr'><strong>non</strong></span> <span class='ocrx_word' id='word_1_16' title='bbox 966 386 1082 447; x_wconf 87' lang='lat' dir='ltr'><strong>intelle-</strong></span> 
     </span>
     <span class='ocr_line' id='line_1_3' title="bbox 97 463 1084 546; baseline 0.003 -18"><span class='ocrx_word' id='word_1_17' title='bbox 97 475 194 543; x_wconf 81' lang='lat' dir='ltr'><strong>getur,</strong></span> <span class='ocrx_word' id='word_1_18' title='bbox 210 467 297 526; x_wconf 90' lang='lat' dir='ltr'><strong>cuius</strong></span> <span class='ocrx_word' id='word_1_19' title='bbox 313 463 438 525; x_wconf 73' lang='lat' dir='ltr'><strong>imiteris</strong></span> <span class='ocrx_word' id='word_1_20' title='bbox 454 465 643 546; x_wconf 69' lang='lat' dir='ltr'><strong>orationem?</strong></span> <span class='ocrx_word' id='word_1_21' title='bbox 668 465 756 526; x_wconf 89' lang='lat' dir='ltr'><strong>cuius</strong></span> <span class='ocrx_word' id='word_1_22' title='bbox 771 468 1084 540; x_wconf 69' lang='lat' dir='ltr'><strong>argumentationem?</strong></span> 
     </span>
     <span class='ocr_line' id='line_1_4' title="bbox 97 541 1081 692; baseline 0.003 -81"><span class='ocrx_word' id='word_1_23' title='bbox 97 553 184 612; x_wconf 90' lang='lat' dir='ltr'><strong>cuius</strong></span> <span class='ocrx_word' id='word_1_24' title='bbox 206 541 531 692; x_wconf 54' lang='lat' dir='ltr'><strong>sententialeihrt&#39;o</strong></span> <span class='ocrx_word' id='word_1_25' title='bbox 553 549 720 624; x_wconf 88' lang='lat' dir='ltr'><strong>aliquando</strong></span> <span class='ocrx_word' id='word_1_26' title='bbox 742 565 781 609; x_wconf 89' lang='lat' dir='ltr'><strong>ne</strong></span> <span class='ocrx_word' id='word_1_27' title='bbox 800 550 934 626; x_wconf 76' lang='lat' dir='ltr'><strong>intellegi</strong></span> <span class='ocrx_word' id='word_1_28' title='bbox 958 553 1081 629; x_wconf 90' lang='lat' dir='ltr'><strong>quidem</strong></span> 
     </span>
     <span class='ocr_line' id='line_1_5' title="bbox 96 629 1081 713; baseline 0.003 -18"><span class='ocrx_word' id='word_1_29' title='bbox 96 650 203 710; x_wconf 84' lang='lat' dir='ltr'><strong>posse,</strong></span> <span class='ocrx_word' id='word_1_30' title='bbox 219 634 245 695; x_wconf 92' lang='lat' dir='ltr'><strong>si</strong></span> <span class='ocrx_word' id='word_1_31' title='bbox 261 633 362 708; x_wconf 79' lang='lat' dir='ltr'><strong>magui</strong></span> <span class='ocrx_word' id='word_1_32' title='bbox 373 631 420 691; x_wconf 90' lang='lat' dir='ltr'><strong>vir</strong></span> <span class='ocrx_word' id='word_1_33' title='bbox 442 629 493 672; x_wconf 82' lang='lat'><strong>***</strong></span> <span class='ocrx_word' id='word_1_34' title='bbox 506 648 563 693; x_wconf 87' lang='lat' dir='ltr'><strong>nec</strong></span> <span class='ocrx_word' id='word_1_35' title='bbox 575 634 654 692; x_wconf 87' lang='lat' dir='ltr'><strong>enim</strong></span> <span class='ocrx_word' id='word_1_36' title='bbox 668 633 819 709; x_wconf 88' lang='lat' dir='ltr'><strong>omnibus,</strong></span> <span class='ocrx_word' id='word_1_37' title='bbox 836 651 916 709; x_wconf 90' lang='lat' dir='ltr'><strong>quae</strong></span> <span class='ocrx_word' id='word_1_38' title='bbox 928 652 966 696; x_wconf 87' lang='lat' dir='ltr'><strong>ex</strong></span> <span class='ocrx_word' id='word_1_39' title='bbox 980 653 1081 713; x_wconf 88' lang='lat' dir='ltr'><strong>aequo</strong></span> 
     </span>
    </p>
   </div>
   <div class='ocr_carea' id='block_1_3' title="bbox 95 717 1205 1217">
    <p class='ocr_par' dir='ltr' id='par_1_3' title="bbox 95 717 1205 1132">
     <span class='ocr_line' id='line_1_6' title="bbox 96 717 1081 795; baseline 0.003 -17"><span class='ocrx_word' id='word_1_40' title='bbox 96 721 181 780; x_wconf 86' lang='lat' dir='ltr'><strong>velut</strong></span> <span class='ocrx_word' id='word_1_41' title='bbox 197 717 387 793; x_wconf 87' lang='lat' dir='ltr'><strong>exemplaria</strong></span> <span class='ocrx_word' id='word_1_42' title='bbox 401 718 500 792; x_wconf 89' lang='lat' dir='ltr'><strong>traxit,</strong></span> <span class='ocrx_word' id='word_1_43' title='bbox 516 719 645 779; x_wconf 90' lang='lat' dir='ltr'><strong>iorrnam</strong></span> <span class='ocrx_word' id='word_1_44' title='bbox 659 733 747 778; x_wconf 90' lang='lat' dir='ltr'><strong>suam</strong></span> <span class='ocrx_word' id='word_1_45' title='bbox 762 719 918 795; x_wconf 89' lang='lat' dir='ltr'><strong>inpressit,</strong></span> <span class='ocrx_word' id='word_1_46' title='bbox 933 721 1005 781; x_wconf 90' lang='lat' dir='ltr'><strong>utin</strong></span> <span class='ocrx_word' id='word_1_47' title='bbox 1016 720 1081 781; x_wconf 93' lang='lat' dir='ltr'><strong>imi·</strong></span> 
     </span>
     <span class='ocr_line' id='line_1_7' title="bbox 96 781 1196 885; baseline 0.005 -22"><span class='ocrx_word' id='word_1_48' title='bbox 96 810 208 863; x_wconf 85' lang='lat' dir='ltr'><strong>tantem</strong></span> <span class='ocrx_word' id='word_1_49' title='bbox 224 803 273 861; x_wconf 91' lang='lat' dir='ltr'><strong>illa</strong></span> <span class='ocrx_word' id='word_1_50' title='bbox 290 781 476 885; x_wconf 53' lang='lat' dir='ltr'><strong>conpetant.)</strong></span> <span class='ocrx_word' id='word_1_51' title='bbox 499 801 565 861; x_wconf 92' lang='lat' dir='ltr'><strong>Non</strong></span> <span class='ocrx_word' id='word_1_52' title='bbox 581 801 685 875; x_wconf 89' lang='lat' dir='ltr'><strong>vides,</strong></span> <span class='ocrx_word' id='word_1_53' title='bbox 713 798 804 876; x_wconf 86' lang='lat' dir='ltr'><strong>quam</strong></span> <span class='ocrx_word' id='word_1_54' title='bbox 822 804 982 865; x_wconf 90' lang='lat' dir='ltr'><strong>multorum</strong></span> <span class='ocrx_word' id='word_1_55' title='bbox 998 806 1111 874; x_wconf 86' lang='lat' dir='ltr'><strong>voci-9</strong></span> <span class='ocrx_word' id='word_1_56' title='bbox 1134 794 1155 817; x_wconf 66' lang='lat'><strong>&#39;⁸</strong></span> <span class='ocrx_word' id='word_1_57' title='bbox 1175 827 1196 869; x_wconf 56' lang='lat' dir='ltr'><strong>a.</strong></span> 
     </span>
     <span class='ocr_line' id='line_1_8' title="bbox 97 864 1205 962; baseline 0.003 -14"><span class='ocrx_word' id='word_1_58' title='bbox 97 888 154 948; x_wconf 92' lang='lat' dir='ltr'><strong>bus</strong></span> <span class='ocrx_word' id='word_1_59' title='bbox 170 887 284 948; x_wconf 84' lang='lat' dir='ltr'><strong>chorus</strong></span> <span class='ocrx_word' id='word_1_60' title='bbox 299 888 540 946; x_wconf 60' lang='lat' dir='ltr'><strong>constettunus</strong></span> <span class='ocrx_word' id='word_1_61' title='bbox 555 893 655 947; x_wconf 87' lang='lat' dir='ltr'><strong>tamen</strong></span> <span class='ocrx_word' id='word_1_62' title='bbox 668 901 707 946; x_wconf 89' lang='lat' dir='ltr'><strong>ex</strong></span> <span class='ocrx_word' id='word_1_63' title='bbox 722 887 863 948; x_wconf 92' lang='lat' dir='ltr'><strong>omnibus</strong></span> <span class='ocrx_word' id='word_1_64' title='bbox 879 894 1000 962; x_wconf 90' lang='lat' dir='ltr'><strong>[sonus]</strong></span> <span class='ocrx_word' id='word_1_65' title='bbox 1012 891 1081 950; x_wconf 85' lang='lat' dir='ltr'><strong>red-</strong></span> <span class='ocrx_word' id='word_1_66' title='bbox 1190 864 1205 907; x_wconf 50' lang='lat'><em>²</em></span> 
     </span>
     <span class='ocr_line' id='line_1_9' title="bbox 96 969 1081 1048; baseline -0.001 -16"><span class='ocrx_word' id='word_1_67' title='bbox 96 972 192 1032; x_wconf 83' lang='lat' dir='ltr'><strong>ditur:</strong></span> <span class='ocrx_word' id='word_1_68' title='bbox 215 970 319 1046; x_wconf 87' lang='lat' dir='ltr'><strong>aliqua</strong></span> <span class='ocrx_word' id='word_1_69' title='bbox 333 971 393 1030; x_wconf 92' lang='lat' dir='ltr'><strong>illic</strong></span> <span class='ocrx_word' id='word_1_70' title='bbox 408 976 499 1030; x_wconf 85' lang='lat' dir='ltr'><strong>acuta</strong></span> <span class='ocrx_word' id='word_1_71' title='bbox 512 977 574 1043; x_wconf 85' lang='lat' dir='ltr'><strong>est,</strong></span> <span class='ocrx_word' id='word_1_72' title='bbox 594 969 697 1045; x_wconf 85' lang='lat' dir='ltr'><strong>aliqua</strong></span> <span class='ocrx_word' id='word_1_73' title='bbox 712 970 833 1045; x_wconf 78' lang='lat' dir='ltr'><strong>gravis,</strong></span> <span class='ocrx_word' id='word_1_74' title='bbox 849 971 952 1048; x_wconf 88' lang='lat' dir='ltr'><strong>aliqua</strong></span> <span class='ocrx_word' id='word_1_75' title='bbox 971 974 1081 1035; x_wconf 85' lang='lat' dir='ltr'><strong>media.</strong></span> 
     </span>
     <span class='ocr_line' id='line_1_10' title="bbox 95 1053 1080 1132; baseline 0.002 -16"><span class='ocrx_word' id='word_1_76' title='bbox 95 1055 248 1116; x_wconf 87' lang='lat' dir='ltr'><strong>accedunt</strong></span> <span class='ocrx_word' id='word_1_77' title='bbox 261 1055 335 1115; x_wconf 93' lang='lat' dir='ltr'><strong>viris</strong></span> <span class='ocrx_word' id='word_1_78' title='bbox 352 1054 497 1127; x_wconf 76' lang='lat' dir='ltr'><strong>feminae,</strong></span> <span class='ocrx_word' id='word_1_79' title='bbox 520 1053 754 1128; x_wconf 90' lang='lat' dir='ltr'><strong>interponuntur</strong></span> <span class='ocrx_word' id='word_1_80' title='bbox 766 1054 868 1116; x_wconf 88' lang='lat' dir='ltr'><strong>tibiae.</strong></span> <span class='ocrx_word' id='word_1_81' title='bbox 891 1057 1080 1132; x_wconf 82' lang='lat' dir='ltr'><strong>singulorum</strong></span> 
     </span>
    </p>

    <p class='ocr_par' dir='ltr' id='par_1_4' title="bbox 95 1137 1124 1217">
     <span class='ocr_line' id='line_1_11' title="bbox 95 1137 1124 1217; baseline 0.003 -18"><span class='ocrx_word' id='word_1_82' title='bbox 95 1138 156 1199; x_wconf 90' lang='lat' dir='ltr'><strong>illic</strong></span> <span class='ocrx_word' id='word_1_83' title='bbox 171 1141 265 1200; x_wconf 90' lang='lat' dir='ltr'><strong>latent</strong></span> <span class='ocrx_word' id='word_1_84' title='bbox 278 1153 382 1212; x_wconf 90' lang='lat' dir='ltr'><strong>voces,</strong></span> <span class='ocrx_word' id='word_1_85' title='bbox 398 1138 531 1198; x_wconf 92' lang='lat' dir='ltr'><strong>omnium</strong></span> <span class='ocrx_word' id='word_1_86' title='bbox 547 1137 704 1213; x_wconf 82' lang='lat' dir='ltr'><strong>adparent.</strong></span> <span class='ocrx_word' id='word_1_87' title='bbox 726 1139 772 1198; x_wconf 88' lang='lat' dir='ltr'><strong>De</strong></span> <span class='ocrx_word' id='word_1_88' title='bbox 783 1140 878 1201; x_wconf 89' lang='lat' dir='ltr'><strong>choro</strong></span> <span class='ocrx_word' id='word_1_89' title='bbox 891 1139 971 1217; x_wconf 90' lang='lat' dir='ltr'><strong>dico,</strong></span> <span class='ocrx_word' id='word_1_90' title='bbox 991 1159 1081 1217; x_wconf 88' lang='lat' dir='ltr'><strong>quem</strong></span> <span class='ocrx_word' id='word_1_91' title='bbox 1090 1158 1124 1211; x_wconf 90' lang='lat'><strong>10</strong></span> 
     </span>
    </p>
   </div>
   <div class='ocr_carea' id='block_1_4' title="bbox 92 1221 1122 3645">
    <p class='ocr_par' dir='ltr' id='par_1_5' title="bbox 92 1221 1122 3645">
     <span class='ocr_line' id='line_1_12' title="bbox 95 1221 1080 1297; baseline 0.004 -15"><span class='ocrx_word' id='word_1_92' title='bbox 95 1232 217 1284; x_wconf 86' lang='lat' dir='ltr'><strong>veteres</strong></span> <span class='ocrx_word' id='word_1_93' title='bbox 238 1221 414 1297; x_wconf 80' lang='lat' dir='ltr'><strong>philosophi</strong></span> <span class='ocrx_word' id='word_1_94' title='bbox 436 1229 598 1283; x_wconf 79' lang='lat' dir='ltr'><strong>noverant:</strong></span> <span class='ocrx_word' id='word_1_95' title='bbox 621 1223 650 1282; x_wconf 93' lang='lat' dir='ltr'><strong>in</strong></span> <span class='ocrx_word' id='word_1_96' title='bbox 675 1224 944 1285; x_wconf 84' lang='lat' dir='ltr'><strong>commissionibus</strong></span> <span class='ocrx_word' id='word_1_97' title='bbox 966 1228 1080 1288; x_wconf 84' lang='lat' dir='ltr'><strong>nostris</strong></span> 
     </span>
     <span class='ocr_line' id='line_1_13' title="bbox 95 1306 1079 1384; baseline 0.003 -18"><span class='ocrx_word' id='word_1_98' title='bbox 95 1309 166 1384; x_wconf 89' lang='lat' dir='ltr'><strong>plus</strong></span> <span class='ocrx_word' id='word_1_99' title='bbox 179 1315 337 1369; x_wconf 87' lang='lat' dir='ltr'><strong>cantorum</strong></span> <span class='ocrx_word' id='word_1_100' title='bbox 352 1313 399 1366; x_wconf 90' lang='grc' dir='ltr'><strong>εει</strong></span> <span class='ocrx_word' id='word_1_101' title='bbox 415 1323 504 1382; x_wconf 91' lang='lat' dir='ltr'><strong>quam</strong></span> <span class='ocrx_word' id='word_1_102' title='bbox 520 1308 549 1367; x_wconf 96' lang='lat' dir='ltr'><strong>in</strong></span> <span class='ocrx_word' id='word_1_103' title='bbox 567 1306 693 1368; x_wconf 82' lang='lat' dir='ltr'><strong>theatris</strong></span> <span class='ocrx_word' id='word_1_104' title='bbox 709 1309 779 1369; x_wconf 90' lang='lat' dir='ltr'><strong>olim</strong></span> <span class='ocrx_word' id='word_1_105' title='bbox 795 1316 1001 1383; x_wconf 88' lang='lat' dir='ltr'><strong>spectatorum</strong></span> <span class='ocrx_word' id='word_1_106' title='bbox 1015 1313 1079 1372; x_wconf 86' lang='lat' dir='ltr'><strong>luit.</strong></span> 
     </span>
     <span class='ocr_line' id='line_1_14' title="bbox 96 1392 1079 1468; baseline 0 -14"><span class='ocrx_word' id='word_1_107' title='bbox 96 1409 163 1454; x_wconf 83' lang='lat' dir='ltr'><strong>cunr</strong></span> <span class='ocrx_word' id='word_1_108' title='bbox 182 1409 289 1454; x_wconf 91' lang='lat' dir='ltr'><strong>omnes</strong></span> <span class='ocrx_word' id='word_1_109' title='bbox 307 1392 375 1452; x_wconf 88' lang='lat' dir='ltr'><strong>vias</strong></span> <span class='ocrx_word' id='word_1_110' title='bbox 393 1392 470 1453; x_wconf 92' lang='lat' dir='ltr'><strong>ordo</strong></span> <span class='ocrx_word' id='word_1_111' title='bbox 487 1393 658 1452; x_wconf 86' lang='lat' dir='ltr'><strong>canentium</strong></span> <span class='ocrx_word' id='word_1_112' title='bbox 673 1393 799 1468; x_wconf 88' lang='lat' dir='ltr'><strong>inplevit</strong></span> <span class='ocrx_word' id='word_1_113' title='bbox 813 1399 843 1452; x_wconf 90' lang='lat' dir='ltr'><strong>et</strong></span> <span class='ocrx_word' id='word_1_114' title='bbox 859 1409 953 1453; x_wconf 87' lang='lat' dir='ltr'><strong>cavea</strong></span> <span class='ocrx_word' id='word_1_115' title='bbox 970 1410 1079 1455; x_wconf 85' lang='lat' dir='ltr'><strong>aenea-</strong></span> 
     </span>
     <span class='ocr_line' id='line_1_15' title="bbox 98 1476 1079 1552; baseline -0.002 -14"><span class='ocrx_word' id='word_1_116' title='bbox 98 1477 212 1538; x_wconf 85' lang='lat' dir='ltr'><strong>toribus</strong></span> <span class='ocrx_word' id='word_1_117' title='bbox 228 1478 328 1537; x_wconf 90' lang='lat' dir='ltr'><strong>cincta</strong></span> <span class='ocrx_word' id='word_1_118' title='bbox 342 1483 390 1537; x_wconf 87' lang='lat' dir='ltr'><strong>est</strong></span> <span class='ocrx_word' id='word_1_119' title='bbox 404 1484 434 1537; x_wconf 90' lang='grc' dir='ltr'><strong>ει</strong></span> <span class='ocrx_word' id='word_1_120' title='bbox 455 1492 494 1536; x_wconf 88' lang='lat' dir='ltr'><strong>cx</strong></span> <span class='ocrx_word' id='word_1_121' title='bbox 515 1477 633 1551; x_wconf 90' lang='lat' dir='ltr'><strong>pulpito</strong></span> <span class='ocrx_word' id='word_1_122' title='bbox 656 1492 745 1537; x_wconf 86' lang='lat' dir='ltr'><strong>omne</strong></span> <span class='ocrx_word' id='word_1_123' title='bbox 760 1476 900 1537; x_wconf 92' lang='lat' dir='ltr'><strong>tibiarum</strong></span> <span class='ocrx_word' id='word_1_124' title='bbox 917 1494 1016 1552; x_wconf 82' lang='lat' dir='ltr'><strong>genus</strong></span> <span class='ocrx_word' id='word_1_125' title='bbox 1031 1494 1079 1540; x_wconf 89' lang='lat' dir='ltr'><strong>or-</strong></span> 
     </span>
     <span class='ocr_line' id='line_1_16' title="bbox 95 1559 1080 1637; baseline 0 -16"><span class='ocrx_word' id='word_1_126' title='bbox 95 1577 307 1637; x_wconf 82' lang='lat' dir='ltr'><strong>ganorumque</strong></span> <span class='ocrx_word' id='word_1_127' title='bbox 323 1559 494 1633; x_wconf 84' lang='lat' dir='ltr'><strong>consonuit,</strong></span> <span class='ocrx_word' id='word_1_128' title='bbox 510 1561 544 1621; x_wconf 88' lang='lat' dir='ltr'><strong>fit</strong></span> <span class='ocrx_word' id='word_1_129' title='bbox 558 1568 726 1622; x_wconf 88' lang='lat' dir='ltr'><strong>concentus</strong></span> <span class='ocrx_word' id='word_1_130' title='bbox 739 1576 778 1620; x_wconf 86' lang='lat' dir='ltr'><strong>cx</strong></span> <span class='ocrx_word' id='word_1_131' title='bbox 789 1561 942 1620; x_wconf 78' lang='lat' dir='ltr'><strong>dissonis:</strong></span> <span class='ocrx_word' id='word_1_132' title='bbox 962 1563 1080 1623; x_wconf 88' lang='lat' dir='ltr'><strong>talem</strong></span> 
     </span>
     <span class='ocr_line' id='line_1_17' title="bbox 95 1645 1079 1719; baseline 0 -13"><span class='ocrx_word' id='word_1_133' title='bbox 95 1646 259 1706; x_wconf 91' lang='lat' dir='ltr'><strong>animum</strong></span> <span class='ocrx_word' id='word_1_134' title='bbox 280 1661 371 1706; x_wconf 87' lang='lat' dir='ltr'><strong>esse</strong></span> <span class='ocrx_word' id='word_1_135' title='bbox 391 1653 570 1705; x_wconf 88' lang='lat' dir='ltr'><strong>nostrum</strong></span> <span class='ocrx_word' id='word_1_136' title='bbox 597 1646 703 1719; x_wconf 86' lang='lat' dir='ltr'><strong>volo,</strong></span> <span class='ocrx_word' id='word_1_137' title='bbox 729 1653 768 1705; x_wconf 93' lang='lat' dir='ltr'><strong>ut</strong></span> <span class='ocrx_word' id='word_1_138' title='bbox 793 1645 932 1704; x_wconf 88' lang='lat' dir='ltr'><strong>multae</strong></span> <span class='ocrx_word' id='word_1_139' title='bbox 954 1646 989 1704; x_wconf 95' lang='lat' dir='ltr'><strong>in</strong></span> <span class='ocrx_word' id='word_1_140' title='bbox 1010 1646 1079 1706; x_wconf 93' lang='lat' dir='ltr'><strong>illo</strong></span> 
     </span>
     <span class='ocr_line' id='line_1_18' title="bbox 95 1729 1078 1804; baseline 0.001 -14"><span class='ocrx_word' id='word_1_141' title='bbox 95 1729 1078 1804; x_wconf 86' lang='lat' dir='ltr'><strong>artes,multapraeceptasint,multarumaetatum</strong></span> 
     </span>
     <span class='ocr_line' id='line_1_19' title="bbox 95 1813 1120 1889; baseline -0.001 -15"><span class='ocrx_word' id='word_1_142' title='bbox 95 1813 798 1889; x_wconf 85' lang='lat' dir='ltr'><strong>exempla,sedinunumconspirata.</strong></span> <span class='ocrx_word' id='word_1_143' title='bbox 826 1813 1018 1888; x_wconf 77' lang='lat' dir='ltr'><strong>„Quomodq</strong></span> <span class='ocrx_word' id='word_1_144' title='bbox 1034 1813 1120 1880; x_wconf 88' lang='lat' dir='ltr'><strong>in·11</strong></span> 
     </span>
     <span class='ocr_line' id='line_1_20' title="bbox 95 1895 1078 1974; baseline 0.001 -17"><span class='ocrx_word' id='word_1_145' title='bbox 95 1896 176 1974; x_wconf 77' lang='lat' dir='ltr'><strong>quiS,</strong></span> <span class='ocrx_word' id='word_1_146' title='bbox 191 1897 252 1956; x_wconf 90' lang='lat' dir='ltr'><strong>hoc</strong></span> <span class='ocrx_word' id='word_1_147' title='bbox 268 1897 348 1957; x_wconf 82' lang='lat' dir='ltr'><strong>ellici</strong></span> <span class='ocrx_word' id='word_1_148' title='bbox 361 1897 513 1972; x_wconf 72' lang='grc' dir='ltr'><strong>ροιεείιιιι</strong></span> <span class='ocrx_word' id='word_1_149' title='bbox 536 1895 666 1956; x_wconf 85' lang='lat' dir='ltr'><strong>adsidua</strong></span> <span class='ocrx_word' id='word_1_150' title='bbox 680 1896 859 1957; x_wconf 80' lang='lat' dir='ltr'><strong>intentione:</strong></span> <span class='ocrx_word' id='word_1_151' title='bbox 882 1898 907 1956; x_wconf 93' lang='lat' dir='ltr'><strong>si</strong></span> <span class='ocrx_word' id='word_1_152' title='bbox 923 1898 996 1957; x_wconf 91' lang='lat' dir='ltr'><strong>nihil</strong></span> <span class='ocrx_word' id='word_1_153' title='bbox 1009 1914 1078 1973; x_wconf 80' lang='lat' dir='ltr'><strong>ege-</strong></span> 
     </span>
     <span class='ocr_line' id='line_1_21' title="bbox 93 1979 1079 2057; baseline -0.001 -15"><span class='ocrx_word' id='word_1_154' title='bbox 93 1984 190 2042; x_wconf 88' lang='lat' dir='ltr'><strong>rimus</strong></span> <span class='ocrx_word' id='word_1_155' title='bbox 206 1979 265 2041; x_wconf 92' lang='lat' dir='ltr'><strong>nisi</strong></span> <span class='ocrx_word' id='word_1_156' title='bbox 280 1981 398 2041; x_wconf 84' lang='lat' dir='ltr'><strong>ratione</strong></span> <span class='ocrx_word' id='word_1_157' title='bbox 413 1981 571 2043; x_wconf 86' lang='lat' dir='ltr'><strong>suadente.</strong></span> <span class='ocrx_word' id='word_1_158' title='bbox 599 1981 678 2040; x_wconf 87' lang='lat' dir='ltr'><strong>hanc</strong></span> <span class='ocrx_word' id='word_1_159' title='bbox 694 1982 720 2041; x_wconf 94' lang='lat' dir='ltr'><strong>si</strong></span> <span class='ocrx_word' id='word_1_160' title='bbox 736 1982 842 2041; x_wconf 87' lang='lat' dir='ltr'><strong>audire</strong></span> <span class='ocrx_word' id='word_1_161' title='bbox 856 1980 1006 2057; x_wconf 78' lang='lat' dir='ltr'><strong>volueriS,</strong></span> <span class='ocrx_word' id='word_1_162' title='bbox 1035 1983 1079 2041; x_wconf 92' lang='lat' dir='ltr'><strong>di-</strong></span> 
     </span>
     <span class='ocr_line' id='line_1_22' title="bbox 95 2065 1078 2141; baseline -0.001 -14"><span class='ocrx_word' id='word_1_163' title='bbox 95 2074 144 2128; x_wconf 89' lang='lat' dir='ltr'><strong>cet</strong></span> <span class='ocrx_word' id='word_1_164' title='bbox 158 2065 226 2127; x_wconf 74' lang='lat' dir='ltr'><strong>tibiz</strong></span> <span class='ocrx_word' id='word_1_165' title='bbox 250 2067 408 2141; x_wconf 86' lang='lat' dir='ltr'><strong>„relinque</strong></span> <span class='ocrx_word' id='word_1_166' title='bbox 429 2067 488 2126; x_wconf 90' lang='lat' dir='ltr'><strong>ista</strong></span> <span class='ocrx_word' id='word_1_167' title='bbox 510 2065 702 2140; x_wconf 85' lang='lat' dir='ltr'><strong>iamdudum,</strong></span> <span class='ocrx_word' id='word_1_168' title='bbox 729 2065 767 2125; x_wconf 89' lang='lat' dir='ltr'><strong>ad</strong></span> <span class='ocrx_word' id='word_1_169' title='bbox 789 2081 869 2141; x_wconf 86' lang='lat' dir='ltr'><strong>quae</strong></span> <span class='ocrx_word' id='word_1_170' title='bbox 890 2066 1078 2126; x_wconf 85' lang='lat' dir='ltr'><strong>discurritur.</strong></span> 
     </span>
     <span class='ocr_line' id='line_1_23' title="bbox 93 2149 1078 2226; baseline -0.001 -16"><span class='ocrx_word' id='word_1_171' title='bbox 93 2151 234 2226; x_wconf 88' lang='lat' dir='ltr'><strong>relinque</strong></span> <span class='ocrx_word' id='word_1_172' title='bbox 256 2150 392 2224; x_wconf 86' lang='lat' dir='ltr'><strong>divitias,</strong></span> <span class='ocrx_word' id='word_1_173' title='bbox 418 2156 471 2210; x_wconf 84' lang='lat' dir='ltr'><strong>aut</strong></span> <span class='ocrx_word' id='word_1_174' title='bbox 490 2149 658 2226; x_wconf 89' lang='lat' dir='ltr'><strong>periculum</strong></span> <span class='ocrx_word' id='word_1_175' title='bbox 678 2149 901 2225; x_wconf 88' lang='lat' dir='ltr'><strong>possidentium</strong></span> <span class='ocrx_word' id='word_1_176' title='bbox 924 2157 976 2211; x_wconf 91' lang='lat' dir='ltr'><strong>aut</strong></span> <span class='ocrx_word' id='word_1_177' title='bbox 989 2168 1078 2212; x_wconf 91' lang='lat' dir='ltr'><strong>onus.</strong></span> 
     </span>
     <span class='ocr_line' id='line_1_24' title="bbox 94 2234 1080 2310; baseline 0.001 -15"><span class='ocrx_word' id='word_1_178' title='bbox 94 2235 235 2310; x_wconf 87' lang='lat' dir='ltr'><strong>relinque</strong></span> <span class='ocrx_word' id='word_1_179' title='bbox 261 2235 402 2310; x_wconf 91' lang='lat' dir='ltr'><strong>corporis</strong></span> <span class='ocrx_word' id='word_1_180' title='bbox 428 2241 521 2309; x_wconf 90' lang='lat' dir='ltr'><strong>atque</strong></span> <span class='ocrx_word' id='word_1_181' title='bbox 550 2234 641 2295; x_wconf 91' lang='lat' dir='ltr'><strong>animi</strong></span> <span class='ocrx_word' id='word_1_182' title='bbox 667 2236 857 2309; x_wconf 79' lang='lat' dir='ltr'><strong>voluptates:</strong></span> <span class='ocrx_word' id='word_1_183' title='bbox 886 2235 1024 2296; x_wconf 88' lang='lat' dir='ltr'><strong>molliunt</strong></span> <span class='ocrx_word' id='word_1_184' title='bbox 1050 2242 1080 2296; x_wconf 89' lang='lat' dir='ltr'><strong>et</strong></span> 
     </span>
     <span class='ocr_line' id='line_1_25' title="bbox 95 2319 1078 2394; baseline -0.001 -15"><span class='ocrx_word' id='word_1_185' title='bbox 95 2326 250 2380; x_wconf 89' lang='lat' dir='ltr'><strong>enervant.</strong></span> <span class='ocrx_word' id='word_1_186' title='bbox 278 2320 417 2394; x_wconf 87' lang='lat' dir='ltr'><strong>relinque</strong></span> <span class='ocrx_word' id='word_1_187' title='bbox 438 2319 598 2381; x_wconf 83' lang='lat' dir='ltr'><strong>ambitum:</strong></span> <span class='ocrx_word' id='word_1_188' title='bbox 619 2319 734 2379; x_wconf 88' lang='lat' dir='ltr'><strong>tumida</strong></span> <span class='ocrx_word' id='word_1_189' title='bbox 749 2335 799 2378; x_wconf 87' lang='lat' dir='ltr'><strong>res</strong></span> <span class='ocrx_word' id='word_1_190' title='bbox 815 2326 877 2391; x_wconf 91' lang='lat' dir='ltr'><strong>est,</strong></span> <span class='ocrx_word' id='word_1_191' title='bbox 893 2335 989 2394; x_wconf 86' lang='lat' dir='ltr'><strong>vana,</strong></span> <span class='ocrx_word' id='word_1_192' title='bbox 1003 2335 1078 2378; x_wconf 88' lang='lat' dir='ltr'><strong>ven-</strong></span> 
     </span>
     <span class='ocr_line' id='line_1_26' title="bbox 93 2403 1079 2478; baseline -0.004 -13"><span class='ocrx_word' id='word_1_193' title='bbox 93 2412 174 2478; x_wconf 85' lang='lat' dir='ltr'><strong>tosa,</strong></span> <span class='ocrx_word' id='word_1_194' title='bbox 188 2403 303 2464; x_wconf 92' lang='lat' dir='ltr'><strong>nullum</strong></span> <span class='ocrx_word' id='word_1_195' title='bbox 321 2403 414 2464; x_wconf 83' lang='lat' dir='ltr'><strong>habet</strong></span> <span class='ocrx_word' id='word_1_196' title='bbox 428 2403 601 2478; x_wconf 84' lang='lat' dir='ltr'><strong>terminum,</strong></span> <span class='ocrx_word' id='word_1_197' title='bbox 622 2412 682 2463; x_wconf 89' lang='lat' dir='ltr'><strong>tam</strong></span> <span class='ocrx_word' id='word_1_198' title='bbox 699 2403 829 2463; x_wconf 88' lang='lat' dir='ltr'><strong>sollicita</strong></span> <span class='ocrx_word' id='word_1_199' title='bbox 845 2410 906 2477; x_wconf 88' lang='lat' dir='ltr'><strong>est,</strong></span> <span class='ocrx_word' id='word_1_200' title='bbox 929 2418 967 2462; x_wconf 88' lang='lat' dir='ltr'><strong>ne</strong></span> <span class='ocrx_word' id='word_1_201' title='bbox 987 2419 1079 2478; x_wconf 92' lang='lat' dir='ltr'><strong>quem</strong></span> 
     </span>
     <span class='ocr_line' id='line_1_27' title="bbox 95 2485 1078 2564; baseline -0.001 -18"><span class='ocrx_word' id='word_1_202' title='bbox 95 2494 166 2546; x_wconf 88' lang='lat' dir='ltr'><strong>ante</strong></span> <span class='ocrx_word' id='word_1_203' title='bbox 188 2502 223 2546; x_wconf 87' lang='lat' dir='ltr'><strong>se</strong></span> <span class='ocrx_word' id='word_1_204' title='bbox 243 2487 347 2549; x_wconf 90' lang='lat' dir='ltr'><strong>videat</strong></span> <span class='ocrx_word' id='word_1_205' title='bbox 366 2503 457 2564; x_wconf 90' lang='lat' dir='ltr'><strong>quam</strong></span> <span class='ocrx_word' id='word_1_206' title='bbox 477 2504 517 2546; x_wconf 88' lang='lat' dir='ltr'><strong>ne</strong></span> <span class='ocrx_word' id='word_1_207' title='bbox 538 2496 610 2563; x_wconf 90' lang='lat' dir='ltr'><strong>post</strong></span> <span class='ocrx_word' id='word_1_208' title='bbox 632 2504 678 2548; x_wconf 90' lang='lat' dir='ltr'><strong>se.</strong></span> <span class='ocrx_word' id='word_1_209' title='bbox 700 2487 820 2547; x_wconf 86' lang='lat' dir='ltr'><strong>laborat</strong></span> <span class='ocrx_word' id='word_1_210' title='bbox 837 2485 952 2546; x_wconf 88' lang='lat' dir='ltr'><strong>invidia</strong></span> <span class='ocrx_word' id='word_1_211' title='bbox 968 2494 997 2546; x_wconf 88' lang='lat' dir='ltr'><strong>et</strong></span> <span class='ocrx_word' id='word_1_212' title='bbox 1012 2487 1078 2561; x_wconf 92' lang='lat' dir='ltr'><strong>qui·</strong></span> 
     </span>
     <span class='ocr_line' id='line_1_28' title="bbox 95 2570 1077 2647; baseline -0.002 -17"><span class='ocrx_word' id='word_1_213' title='bbox 95 2573 165 2631; x_wconf 88' lang='lat' dir='ltr'><strong>dem</strong></span> <span class='ocrx_word' id='word_1_214' title='bbox 185 2571 309 2646; x_wconf 91' lang='lat' dir='ltr'><strong>duplici.</strong></span> <span class='ocrx_word' id='word_1_215' title='bbox 333 2571 422 2632; x_wconf 87' lang='lat' dir='ltr'><strong>vides</strong></span> <span class='ocrx_word' id='word_1_216' title='bbox 443 2578 559 2645; x_wconf 86' lang='lat' dir='ltr'><strong>autem,</strong></span> <span class='ocrx_word' id='word_1_217' title='bbox 583 2587 674 2647; x_wconf 91' lang='lat' dir='ltr'><strong>quam</strong></span> <span class='ocrx_word' id='word_1_218' title='bbox 695 2571 789 2631; x_wconf 85' lang='lat' dir='ltr'><strong>miser</strong></span> <span class='ocrx_word' id='word_1_219' title='bbox 803 2571 856 2643; x_wconf 90' lang='lat' dir='ltr'><strong>sit,</strong></span> <span class='ocrx_word' id='word_1_220' title='bbox 881 2571 906 2630; x_wconf 93' lang='lat' dir='ltr'><strong>si</strong></span> <span class='ocrx_word' id='word_1_221' title='bbox 925 2570 951 2629; x_wconf 85' lang='lat' dir='ltr'><strong>is</strong></span> <span class='ocrx_word' id='word_1_222' title='bbox 968 2571 1017 2630; x_wconf 88' lang='lat' dir='ltr'><strong>cui</strong></span> <span class='ocrx_word' id='word_1_223' title='bbox 1033 2570 1077 2628; x_wconf 94' lang='lat' dir='ltr'><strong>in-</strong></span> 
     </span>
     <span class='ocr_line' id='line_1_29' title="bbox 92 2653 1120 2730; baseline -0.002 -14"><span class='ocrx_word' id='word_1_224' title='bbox 92 2657 215 2716; x_wconf 88' lang='lat' dir='ltr'><strong>videtur</strong></span> <span class='ocrx_word' id='word_1_225' title='bbox 229 2662 260 2716; x_wconf 89' lang='lat' dir='ltr'><strong>et</strong></span> <span class='ocrx_word' id='word_1_226' title='bbox 271 2656 395 2717; x_wconf 89' lang='lat' dir='ltr'><strong>invidet.</strong></span> <span class='ocrx_word' id='word_1_227' title='bbox 418 2657 548 2716; x_wconf 85' lang='lat' dir='ltr'><strong>Intueris</strong></span> <span class='ocrx_word' id='word_1_228' title='bbox 563 2657 630 2716; x_wconf 88' lang='lat' dir='ltr'><strong>illas</strong></span> <span class='ocrx_word' id='word_1_229' title='bbox 647 2655 815 2730; x_wconf 88' lang='lat' dir='ltr'><strong>potentium</strong></span> <span class='ocrx_word' id='word_1_230' title='bbox 830 2654 950 2727; x_wconf 90' lang='lat' dir='ltr'><strong>domos,</strong></span> <span class='ocrx_word' id='word_1_231' title='bbox 968 2653 1019 2713; x_wconf 87' lang='lat' dir='ltr'><strong>illa</strong></span> <span class='ocrx_word' id='word_1_232' title='bbox 1030 2661 1120 2721; x_wconf 68' lang='grc' dir='ltr'><strong>ιιι-ιε</strong></span> 
     </span>
     <span class='ocr_line' id='line_1_30' title="bbox 93 2737 1078 2811; baseline -0.002 -12"><span class='ocrx_word' id='word_1_233' title='bbox 93 2743 247 2802; x_wconf 88' lang='lat' dir='ltr'><strong>multuosa</strong></span> <span class='ocrx_word' id='word_1_234' title='bbox 266 2741 334 2801; x_wconf 88' lang='lat' dir='ltr'><strong>rixa</strong></span> <span class='ocrx_word' id='word_1_235' title='bbox 354 2742 548 2802; x_wconf 85' lang='lat' dir='ltr'><strong>salutantium</strong></span> <span class='ocrx_word' id='word_1_236' title='bbox 569 2741 693 2800; x_wconf 69' lang='lat' dir='ltr'><strong>limina?</strong></span> <span class='ocrx_word' id='word_1_237' title='bbox 721 2738 849 2811; x_wconf 88' lang='lat' dir='ltr'><strong>multum</strong></span> <span class='ocrx_word' id='word_1_238' title='bbox 869 2737 983 2799; x_wconf 88' lang='lat' dir='ltr'><strong>habent</strong></span> <span class='ocrx_word' id='word_1_239' title='bbox 1006 2754 1078 2799; x_wconf 90' lang='lat' dir='ltr'><strong>con·</strong></span> 
     </span>
     <span class='ocr_line' id='line_1_31' title="bbox 95 2823 1078 2902; baseline -0.001 -16"><span class='ocrx_word' id='word_1_240' title='bbox 95 2825 294 2898; x_wconf 88' lang='lat' dir='ltr'><strong>tumeliarum,</strong></span> <span class='ocrx_word' id='word_1_241' title='bbox 310 2832 344 2885; x_wconf 86' lang='lat' dir='ltr'><strong>ut</strong></span> <span class='ocrx_word' id='word_1_242' title='bbox 360 2826 463 2900; x_wconf 86' lang='lat' dir='ltr'><strong>intres,</strong></span> <span class='ocrx_word' id='word_1_243' title='bbox 480 2827 559 2902; x_wconf 85' lang='lat' dir='ltr'><strong>plus,</strong></span> <span class='ocrx_word' id='word_1_244' title='bbox 576 2840 644 2885; x_wconf 91' lang='lat' dir='ltr'><strong>cum</strong></span> <span class='ocrx_word' id='word_1_245' title='bbox 659 2823 831 2883; x_wconf 78' lang='lat' dir='ltr'><strong>intraveris.</strong></span> <span class='ocrx_word' id='word_1_246' title='bbox 854 2823 985 2898; x_wconf 86' lang='lat' dir='ltr'><strong>praeteri</strong></span> <span class='ocrx_word' id='word_1_247' title='bbox 1000 2823 1078 2885; x_wconf 90' lang='lat' dir='ltr'><strong>istos</strong></span> 
     </span>
     <span class='ocr_line' id='line_1_32' title="bbox 94 2907 1097 2985; baseline -0.003 -17"><span class='ocrx_word' id='word_1_248' title='bbox 94 2910 209 2984; x_wconf 81' lang='lat' dir='ltr'><strong>gradus</strong></span> <span class='ocrx_word' id='word_1_249' title='bbox 234 2909 359 2970; x_wconf 87' lang='lat' dir='ltr'><strong>divitum</strong></span> <span class='ocrx_word' id='word_1_250' title='bbox 385 2917 416 2971; x_wconf 91' lang='grc' dir='ltr'><strong>ει</strong></span> <span class='ocrx_word' id='word_1_251' title='bbox 443 2926 554 2985; x_wconf 77' lang='lat' dir='ltr'><strong>magno</strong></span> <span class='ocrx_word' id='word_1_252' title='bbox 582 2909 712 2984; x_wconf 81' lang='lat' dir='ltr'><strong>adgestu</strong></span> <span class='ocrx_word' id='word_1_253' title='bbox 734 2912 888 2983; x_wconf 86' lang='lat' dir='ltr'><strong>suspensa</strong></span> <span class='ocrx_word' id='word_1_254' title='bbox 912 2907 1097 2983; x_wconf 32' lang='lat' dir='ltr'><strong>vestibular,</strong></span> 
     </span>
     <span class='ocr_line' id='line_1_33' title="bbox 92 2992 1078 3071; baseline -0.001 -18"><span class='ocrx_word' id='word_1_255' title='bbox 92 2993 199 3054; x_wconf 93' lang='lat' dir='ltr'><strong>nonin</strong></span> <span class='ocrx_word' id='word_1_256' title='bbox 216 3002 381 3071; x_wconf 83' lang='lat' dir='ltr'><strong>praerupto</strong></span> <span class='ocrx_word' id='word_1_257' title='bbox 397 3002 510 3054; x_wconf 86' lang='lat' dir='ltr'><strong>tantum</strong></span> <span class='ocrx_word' id='word_1_258' title='bbox 528 2995 588 3054; x_wconf 96' lang='lat' dir='ltr'><strong>illic</strong></span> <span class='ocrx_word' id='word_1_259' title='bbox 602 2993 712 3065; x_wconf 89' lang='lat' dir='ltr'><strong>stabis,</strong></span> <span class='ocrx_word' id='word_1_260' title='bbox 730 2993 832 3052; x_wconf 89' lang='lat' dir='ltr'><strong>sedin</strong></span> <span class='ocrx_word' id='word_1_261' title='bbox 850 2993 977 3053; x_wconf 89' lang='lat' dir='ltr'><strong>lubrico.</strong></span> <span class='ocrx_word' id='word_1_262' title='bbox 1010 2992 1078 3052; x_wconf 91' lang='lat' dir='ltr'><strong>Huc</strong></span> 
     </span>
     <span class='ocr_line' id='line_1_34' title="bbox 93 3076 1078 3154; baseline -0.005 -14"><span class='ocrx_word' id='word_1_263' title='bbox 93 3078 198 3154; x_wconf 90' lang='lat' dir='ltr'><strong>potius</strong></span> <span class='ocrx_word' id='word_1_264' title='bbox 219 3087 250 3140; x_wconf 91' lang='lat' dir='ltr'><strong>te</strong></span> <span class='ocrx_word' id='word_1_265' title='bbox 277 3078 316 3137; x_wconf 89' lang='lat' dir='ltr'><strong>ad</strong></span> <span class='ocrx_word' id='word_1_266' title='bbox 344 3077 525 3153; x_wconf 87' lang='lat' dir='ltr'><strong>sapientiam</strong></span> <span class='ocrx_word' id='word_1_267' title='bbox 549 3079 646 3153; x_wconf 81' lang='lat' dir='ltr'><strong>dirige</strong></span> <span class='ocrx_word' id='word_1_268' title='bbox 670 3076 1002 3152; x_wconf 82' lang='lat' dir='ltr'><strong>tranquillissimasque</strong></span> <span class='ocrx_word' id='word_1_269' title='bbox 1027 3092 1078 3136; x_wconf 88' lang='lat' dir='ltr'><strong>res</strong></span> 
     </span>
     <span class='ocr_line' id='line_1_35' title="bbox 92 3161 1122 3237; baseline 0.001 -14"><span class='ocrx_word' id='word_1_270' title='bbox 92 3164 159 3223; x_wconf 89' lang='lat' dir='ltr'><strong>eius</strong></span> <span class='ocrx_word' id='word_1_271' title='bbox 181 3170 212 3223; x_wconf 93' lang='lat' dir='ltr'><strong>et</strong></span> <span class='ocrx_word' id='word_1_272' title='bbox 239 3164 328 3223; x_wconf 91' lang='lat' dir='ltr'><strong>simul</strong></span> <span class='ocrx_word' id='word_1_273' title='bbox 350 3163 556 3237; x_wconf 83' lang='lat' dir='ltr'><strong>amplissimas</strong></span> <span class='ocrx_word' id='word_1_274' title='bbox 580 3170 657 3237; x_wconf 89' lang='lat' dir='ltr'><strong>pete.</strong></span> <span class='ocrx_word' id='word_1_275' title='bbox 696 3161 914 3236; x_wconf 82' lang='lat' dir='ltr'><strong>Quaecumque</strong></span> <span class='ocrx_word' id='word_1_276' title='bbox 939 3162 1122 3224; x_wconf 75' lang='lat' dir='ltr'><strong>videnturra</strong></span> 
     </span>
     <span class='ocr_line' id='line_1_36' title="bbox 92 3243 1080 3322; baseline -0.002 -16"><span class='ocrx_word' id='word_1_277' title='bbox 92 3248 228 3307; x_wconf 87' lang='lat' dir='ltr'><strong>eminere</strong></span> <span class='ocrx_word' id='word_1_278' title='bbox 248 3248 278 3306; x_wconf 91' lang='lat' dir='ltr'><strong>in</strong></span> <span class='ocrx_word' id='word_1_279' title='bbox 298 3247 391 3308; x_wconf 87' lang='lat' dir='ltr'><strong>rebus</strong></span> <span class='ocrx_word' id='word_1_280' title='bbox 413 3246 569 3321; x_wconf 89' lang='lat' dir='ltr'><strong>humanis,</strong></span> <span class='ocrx_word' id='word_1_281' title='bbox 594 3245 733 3322; x_wconf 87' lang='lat' dir='ltr'><strong>quamuis</strong></span> <span class='ocrx_word' id='word_1_282' title='bbox 756 3243 867 3319; x_wconf 89' lang='lat' dir='ltr'><strong>pusilla</strong></span> <span class='ocrx_word' id='word_1_283' title='bbox 883 3245 944 3306; x_wconf 90' lang='lat' dir='ltr'><strong>sint</strong></span> <span class='ocrx_word' id='word_1_284' title='bbox 960 3253 990 3304; x_wconf 88' lang='grc' dir='ltr'><strong>ει</strong></span> <span class='ocrx_word' id='word_1_285' title='bbox 1008 3261 1080 3306; x_wconf 90' lang='lat' dir='ltr'><strong>con-</strong></span> 
     </span>
     <span class='ocr_line' id='line_1_37' title="bbox 93 3327 1081 3410; baseline -0.001 -20"><span class='ocrx_word' id='word_1_286' title='bbox 93 3330 254 3410; x_wconf 89' lang='lat' dir='ltr'><strong>paratione</strong></span> <span class='ocrx_word' id='word_1_287' title='bbox 274 3331 509 3392; x_wconf 91' lang='lat' dir='ltr'><strong>humillimorum</strong></span> <span class='ocrx_word' id='word_1_288' title='bbox 527 3337 664 3403; x_wconf 84' lang='lat' dir='ltr'><strong>exstent,</strong></span> <span class='ocrx_word' id='word_1_289' title='bbox 691 3344 746 3404; x_wconf 88' lang='lat' dir='ltr'><strong>per</strong></span> <span class='ocrx_word' id='word_1_290' title='bbox 770 3327 912 3390; x_wconf 85' lang='lat' dir='ltr'><strong>difficiles</strong></span> <span class='ocrx_word' id='word_1_291' title='bbox 934 3336 1033 3389; x_wconf 83' lang='lat' dir='ltr'><strong>tamen</strong></span> <span class='ocrx_word' id='word_1_292' title='bbox 1050 3336 1081 3389; x_wconf 88' lang='grc' dir='ltr'><strong>ει</strong></span> 
     </span>
     <span class='ocr_line' id='line_1_38' title="bbox 92 3411 1079 3488; baseline -0.007 -12"><span class='ocrx_word' id='word_1_293' title='bbox 92 3417 211 3476; x_wconf 89' lang='lat' dir='ltr'><strong>arduos</strong></span> <span class='ocrx_word' id='word_1_294' title='bbox 226 3414 362 3476; x_wconf 88' lang='lat' dir='ltr'><strong>tramites</strong></span> <span class='ocrx_word' id='word_1_295' title='bbox 378 3417 538 3476; x_wconf 85' lang='lat' dir='ltr'><strong>adeuntur.</strong></span> <span class='ocrx_word' id='word_1_296' title='bbox 566 3411 797 3486; x_wconf 78' lang='lat' dir='ltr'><strong>confragosam</strong></span> <span class='ocrx_word' id='word_1_297' title='bbox 814 3413 967 3488; x_wconf 79' lang='lat' dir='ltr'><strong>fastigium</strong></span> <span class='ocrx_word' id='word_1_298' title='bbox 983 3411 1079 3486; x_wconf 84' lang='lat' dir='ltr'><strong>digni-</strong></span> 
     </span>
     <span class='ocr_line' id='line_1_39' title="bbox 93 3493 1081 3570; baseline -0.008 -9"><span class='ocrx_word' id='word_1_299' title='bbox 93 3500 164 3561; x_wconf 90' lang='lat' dir='ltr'><strong>tatis</strong></span> <span class='ocrx_word' id='word_1_300' title='bbox 179 3501 230 3559; x_wconf 86' lang='lat' dir='ltr'><strong>via</strong></span> <span class='ocrx_word' id='word_1_301' title='bbox 244 3505 308 3560; x_wconf 76' lang='lat' dir='ltr'><strong>est:</strong></span> <span class='ocrx_word' id='word_1_302' title='bbox 331 3507 362 3561; x_wconf 87' lang='lat' dir='ltr'><strong>at</strong></span> <span class='ocrx_word' id='word_1_303' title='bbox 382 3500 409 3562; x_wconf 90' lang='lat' dir='ltr'><strong>si</strong></span> <span class='ocrx_word' id='word_1_304' title='bbox 425 3499 635 3560; x_wconf 86' lang='lat' dir='ltr'><strong>conscendere</strong></span> <span class='ocrx_word' id='word_1_305' title='bbox 649 3496 732 3556; x_wconf 86' lang='lat' dir='ltr'><strong>hune</strong></span> <span class='ocrx_word' id='word_1_306' title='bbox 750 3493 895 3555; x_wconf 88' lang='lat' dir='ltr'><strong>verticem</strong></span> <span class='ocrx_word' id='word_1_307' title='bbox 917 3496 1006 3570; x_wconf 88' lang='lat' dir='ltr'><strong>libet,</strong></span> <span class='ocrx_word' id='word_1_308' title='bbox 1032 3493 1081 3555; x_wconf 92' lang='lat' dir='ltr'><strong>cui</strong></span> 
     </span>
     <span class='ocr_line' id='line_1_40' title="bbox 136 3588 922 3645; baseline -0.004 -1"><span class='ocrx_word' id='word_1_309' title='bbox 136 3604 240 3644; x_wconf 69' lang='lat' dir='ltr'><strong>anusch</strong></span> <span class='ocrx_word' id='word_1_310' title='bbox 253 3603 324 3642; x_wconf 85' lang='lat' dir='ltr'><strong>run.</strong></span> <span class='ocrx_word' id='word_1_311' title='bbox 341 3588 386 3645; x_wconf 89' lang='grc'><strong>111.</strong></span> <span class='ocrx_word' id='word_1_312' title='bbox 883 3588 922 3642; x_wconf 71' lang='lat' dir='ltr'><strong>is</strong></span> 
     </span>
    </p>
   </div>
   <div class='ocr_carea' id='block_1_5' title="bbox 0 0 1216 3862">
    <p class='ocr_par' dir='ltr' id='par_1_6' title="bbox 0 0 1216 3862">
     <span class='ocr_line' id='line_1_41' title="bbox 0 0 1216 3862; baseline 0 2"><span class='ocrx_word' id='word_1_313' title='bbox 0 0 1216 3862; x_wconf 95' lang='lat' dir='ltr'><strong> </strong></span> 
     </span>
    </p>
   </div>
  </div>
 </body>
</html>
