2422 3862
117 259 161 323 80
289 258 294 263 ’
407 259 439 318 L.
460 258 604 318 ANNAEl
629 255 803 318 SENECAE

115 423 148 476 tu
170 429 269 490 neque
284 412 514 492 submittcsnec
529 410 619 472 vitam
635 409 768 484 rogabis.
797 416 881 470 recto
897 408 951 469 tibi
966 408 1093 470 invicto·

117 515 177 575 que
191 497 381 558 moriendum
396 503 453 556 est.
492 494 569 568 Quid
584 509 676 569 porro
693 493 820 569 prodest
830 508 951 569 paucos
964 493 1032 555 dies
1042 498 1094 554 aut

83 592 213 652 sannos
229 579 305 641 lucri
321 580 442 639 laceret
469 577 536 638 sine
550 577 697 638 missione
713 577 876 637 nascimur.
911 577 1093 652 „Quomodo

116 682 205 742 ergo,
228 664 347 739 inquis,
370 678 418 722 me
439 662 640 738 expediamt“
675 661 863 736 Effugere
885 677 959 721 non
981 670 1093 737 potes

114 746 399 820 necessitates,
423 754 536 821 pot-es
559 743 726 806 vincere.

469 831 581 890 Eiteia
597 831 658 901 [aa]
673 864 676 871 -

116 924 147 978 et
167 916 246 976 hanc
262 916 315 977 tibi
329 915 434 988 vi[a]m
450 912 532 973 dabit
546 911 761 988 philosophia:
785 913 824 973 ad
839 913 918 974 hanc
934 920 965 974 te
980 916 1093 988 confer,

116 1001 143 1061 si
158 1001 205 1060 vis
227 1002 333 1060 salvus
349 1013 437 1070 esse,
459 997 485 1058 si
503 1012 648 1070 securus,
672 998 698 1058 si
712 997 836 1071 beatus,
857 998 992 1074 denique
1007 999 1033 1059 si
1048 1000 1093 1058 vis

115 1100 201 1159 esse,
231 1084 315 1160 quod
336 1089 384 1144 est
404 1081 583 1154 maximum,
605 1081 690 1140 liber.
727 1081 786 1142 hoc
807 1082 985 1156 contingere
1010 1083 1094 1143 aliter

83 1174 177 1229 lnon
199 1174 310 1243 potest.
353 1165 480 1226 Humilis
501 1181 552 1226 res
574 1163 779 1238 castellitio,
801 1166 935 1241 abiecta,
958 1167 1093 1239 sordida,

117 1250 253 1324 servilis,
276 1249 379 1310 multis
402 1248 571 1309 adfectibus
593 1255 623 1308 et
643 1247 832 1310 saevissimis
854 1249 1002 1310 subiecta.
1037 1251 1093 1310 hos

115 1344 177 1396 tam
188 1350 299 1411 graves
312 1333 467 1405 dominoS,
490 1333 640 1393 interdum
652 1333 774 1393 alternis
786 1331 987 1410 imperantes,
1004 1333 1092 1394 inter·

117 1419 189 1480 dum
213 1421 339 1493 pariter,
368 1415 488 1478 dimittit
507 1433 526 1476 a
545 1424 575 1477 te
595 1417 759 1492 sapientia,
780 1433 860 1492 quae
882 1418 949 1478 sola
970 1418 1094 1479 libertas

116 1512 171 1564 est.
207 1503 275 1564 Una
296 1503 335 1562 ad
356 1501 435 1560 hane
457 1501 514 1561 lert
533 1501 597 1573 via,
619 1508 649 1561 et
671 1499 795 1576 quidem
810 1510 902 1563 recta.
928 1518 991 1562 non
1008 1503 1094 1562 aber-

115 1588 208 1647 rabis.
240 1586 319 1646 vade
341 1592 424 1647 certo
445 1585 558 1659 gradu:
587 1585 613 1644 si
633 1586 681 1645 vis
700 1586 801 1646 omnia
819 1585 869 1645 tibi
885 1583 1042 1658 subicere,
1066 1593 1095 1647 te

117 1672 223 1731 subice
238 1670 356 1730 rationi.
392 1670 503 1729 multos
525 1684 631 1744 reges,
655 1669 681 1729 si
701 1670 777 1729 ratio
793 1677 822 1730 te
837 1669 959 1730 rexerit.
992 1668 1030 1729 ab
1045 1671 1096 1730 illa

117 1755 236 1829 disces,
268 1755 338 1829 quid
356 1761 386 1814 et
402 1753 659 1828 quemadmodum
673 1753 801 1828 adgredi
816 1754 942 1814 debeas.
975 1770 1036 1814 non
1052 1755 1095 1814 in·

84 1840 202 1904 scidas
223 1838 325 1899 rebus.
361 1836 516 1897 Neminem
536 1835 609 1897 mibi
630 1836 733 1911 dabis,
757 1838 809 1913 qui
823 1838 917 1911 sciat,
938 1840 1094 1914 quomodo

117 1924 299 1999 quodvult,
322 1921 458 1998 coeperit
478 1922 573 1980 velle=
601 1938 660 1982 non
684 1921 813 1982 consilio
835 1922 988 1983 adductus
1010 1923 1094 1996 [illo],

117 2008 174 2067 sed
190 2005 295 2080 inpetu
309 2005 449 2081 inpactus
465 2012 521 2065 est.
550 2022 612 2066 non
626 2006 726 2067 minus
741 2022 837 2081 saepe
854 2008 974 2067 lortuna
989 2006 1020 2067 in
1037 2023 1095 2067 nos

116 2090 242 2150 incurrit
262 2104 352 2164 quam
375 2105 432 2149 nos
453 2088 483 2147 in
506 2087 596 2149 illam.
627 2097 715 2167 turpe
729 2098 777 2151 est
791 2107 853 2152 non
868 2090 927 2166 ire,
951 2092 1009 2151 sed
1025 2091 1095 2151 lerri

117 2181 147 2234 et
168 2173 267 2232 subito
288 2170 317 2232 in
343 2173 444 2232 medio
470 2173 589 2234 turbine
609 2190 709 2234 rerum
732 2181 906 2250 stupentem
928 2191 1095 2252 quaerere:

117 2257 177 2316 huc
193 2271 250 2331 ago
267 2257 521 2331 quemadmodum
538 2257 630 2318 venit
663 2259 750 2318 Vale.

410 2395 625 2454 EPISTULA
648 2397 695 2452 tx.
720 2397 792 2468 (38.)

367 2487 478 2539 Seneca
493 2489 606 2540 Lacino
626 2501 677 2540 suo
697 2501 837 2544 saturant.

84 2610 98 2659 1
178 2591 316 2651 Merito
346 2592 487 2667 exigis,
516 2601 555 2653 nt
582 2593 654 2653 hoc
682 2592 784 2652 inter
808 2608 878 2658 nos
901 2592 1110 2667 epistulae

116 2691 196 2735 rum
220 2676 485 2736 commercium
509 2678 813 2752 frequentemus.
845 2675 1010 2752 plurimum
1027 2693 1097 2753 pro·

117 2756 183 2817 licit
197 2772 314 2830 sermo,
338 2760 408 2831 quia
426 2760 592 2820 minutatim
608 2761 718 2837 inrepit
731 2762 847 2821 animo:
870 2759 1097 2836 disputationes

118 2846 318 2916 praeparatae
333 2848 362 2900 et
382 2841 500 2903 effusae
515 2844 656 2906 audiente
675 2845 789 2920 populo
805 2845 875 2920 plus
890 2843 1005 2904 habent
1020 2854 1097 2905 stre-

117 2925 217 3000 pitus,
235 2922 336 2982 minus
350 2925 567 2989 familiaritatis.
599 2928 796 3003 Philosophia
807 2928 921 2990 bonum
934 2929 1098 2990 consilium

117 3015 180 3068 est:
205 3004 363 3095 consilium
379 3024 467 3070 nemo
483 3013 563 3075 clare
577 3013 639 3072 dat.
662 3012 827 3088 aliquando
842 3013 990 3074 utendum
1005 3020 1054 3074 est
1068 3020 1099 3072 et

117 3091 193 3161 illis,
220 3095 254 3146 ut
267 3089 307 3149 ita
321 3091 433 3168 dicam,
461 3096 675 3170 concionibus,
696 3098 748 3157 ubl
769 3097 820 3173 qui
841 3097 972 3171 dubitat,
998 3096 1095 3173 inpel-

116 3173 232 3235 lendus
247 3180 308 3233 est:
329 3175 380 3234 ubi
394 3194 467 3239 vero
489 3196 550 3241 non
573 3180 632 3240 hoc
653 3182 804 3256 agendum
826 3189 887 3256 est,
910 3189 943 3243 ut
962 3182 1037 3242 velit
1052 3181 1097 3241 di·

117 3271 225 3327 scere,
248 3257 303 3315 sed
320 3267 351 3318 ut
365 3260 477 3337 discat,
499 3265 630 3325 adhaec
645 3264 847 3327 submissiora
862 3266 958 3326 verba
971 3265 1097 3326 venien-

115 3342 190 3402 dum
208 3346 265 3398 est.
287 3340 404 3404 lucilius
419 3346 528 3409 intrant
541 3357 571 3410 et
580 3347 721 3410 haerent:
741 3366 799 3410 nec
811 3350 890 3411 enim
901 3350 1004 3411 multis
1016 3366 1097 3426 opus

82 3427 177 3502 aest,
220 3422 275 3482 sed
301 3424 486 3490 efficacibus.
532 3432 663 3494 Seminis
694 3435 785 3495 modo
811 3434 989 3510 spargenda
1014 3443 1096 3506 sunt,

105 3505 203 3580 quod
228 3509 369 3580 quamvis
397 3511 438 3576 sit
466 3517 633 3596 exiguum,
666 3534 739 3581 cum
765 3518 930 3592 occupauit
951 3517 1101 3578 idoneum
