2422 3862
123 234 166 302 64
414 236 446 295 L.
468 233 614 294 ANNAEl
637 233 813 296 SENECAE

94 403 112 456 o
125 406 193 451 mea
207 395 289 450 totus
304 389 353 449 hic
368 390 501 449 mundus
518 394 595 448 est.“
618 388 706 462 Quod
717 389 741 448 si
755 388 884 463 liqueret
897 389 959 463 tibi,
974 405 1036 449 non
1052 390 1109 449 ad-

124 475 277 535 mirareris
293 475 334 533 nll
356 471 492 534 adiuvari
512 481 542 534 te
561 474 721 548 regionum
742 472 956 549 varietatibus,
979 475 1009 533 in
1027 489 1105 549 quas

124 559 255 620 subinde
271 559 405 633 priorum
420 555 521 618 taedio
537 558 661 632 migras.
686 556 783 631 prima
794 557 874 616 cuim
886 573 1028 633 quaeque
1041 560 1105 633 pla·

125 645 249 717 ruisset,
266 643 292 703 si
308 657 427 703 omnem
441 650 522 701 tuam
541 642 694 702 crederes.
727 641 792 701 Non
808 642 1029 717 peregrinaris,
1050 642 1107 704 sed

125 743 210 790 erras
225 734 256 787 et
271 727 372 801 ageris
388 742 423 786 ac
439 727 540 787 locum
555 741 595 785 ex
609 727 678 786 loco
697 731 812 798 mutas,
828 741 898 786 cum
913 724 1005 801 illud,
1021 726 1107 802 quod

94 812 264 890 oquaeris,
289 811 369 871 bene
383 809 501 884 vivere,
531 808 612 870 omni
626 811 694 870 loco
710 810 843 884 positum
859 810 908 871 sit.
941 810 1016 871 Num
1032 811 1108 885 qnid

126 905 187 958 tam
203 895 356 956 turbidum
372 894 438 954 fieri
461 901 562 969 potest
584 910 675 970 qnam
696 894 817 955 lorum‘t
838 893 879 955 ibi
897 910 1024 970 quoqne
1038 897 1107 956 licet

128 979 230 1057 quiete
248 981 368 1052 vivere,
396 979 421 1039 si
445 994 575 1039 necesse
590 978 638 1039 sit.
662 979 718 1038 sed
734 980 759 1039 si
775 979 865 1039 liceat
879 980 1048 1055 disponere
1062 996 1106 1052 se,

127 1070 327 1140 conspectum
343 1078 469 1139 quoqne
484 1071 513 1124 et
527 1063 669 1123 viciniam
685 1064 743 1123 lori
757 1065 865 1140 procul
884 1063 1008 1138 ingiam.
1036 1080 1106 1124 nam

127 1157 160 1211 ut
179 1149 248 1212 loca
270 1148 375 1223 gravia
398 1147 486 1207 etiam
507 1145 712 1209 firmissimam
732 1146 930 1209 valitudinem
950 1155 1106 1225 temptant,

126 1233 169 1295 ita
186 1234 286 1293 bonae
302 1247 428 1308 quoque
448 1234 541 1292 menti
556 1234 686 1293 necdum
702 1232 803 1293 adhuc
818 1233 974 1308 perfectae
990 1240 1020 1293 et
1034 1249 1106 1295 con·

95 1318 294 1384 avalesoenti
317 1324 388 1378 suut
402 1317 505 1392 aliqua
521 1333 627 1392 pamm
644 1317 787 1377 salubria.
819 1317 977 1379 Dissentio
993 1318 1033 1377 ab
1047 1316 1105 1389 his,

128 1402 179 1478 qui
202 1402 230 1461 in
250 1399 361 1462 lluctns
383 1401 501 1462 medios
517 1409 589 1462 eunt
604 1407 634 1460 et
648 1404 863 1463 tumultuosam
880 1402 1049 1478 probantes
1064 1401 1106 1461 vi·

127 1495 188 1546 tam
206 1486 317 1547 cotidie
332 1502 400 1547 oum
422 1485 651 1548 difficultatibus
673 1500 773 1547 rerum
789 1501 900 1561 magno
915 1487 1017 1547 animo
1035 1502 1105 1547 con·

118 1574 289 1632 luctantur.
311 1571 436 1646 sapiens
453 1572 530 1631 leret
544 1571 616 1644 ista,
633 1587 693 1631 non
709 1570 814 1647 eliget,
830 1578 860 1630 et
879 1572 969 1632 malet
984 1571 1015 1630 in
1031 1586 1107 1646 pace

127 1671 302 1731 essequam
318 1657 348 1715 in
366 1670 477 1730 pugna.
501 1671 563 1716 non
574 1654 699 1715 multum
712 1654 840 1732 prodest
850 1653 922 1715 vitia
937 1671 995 1716 sua
1007 1656 1108 1731 proie-

96 1742 218 1812 8cisse,
236 1741 262 1800 si
280 1755 347 1800 cum
365 1738 472 1799 alienis
488 1738 649 1803 rixandum
666 1746 723 1801 est.
746 1739 913 1815 „Triginta‚
929 1740 1043 1816 inquit,
1059 1746 1094 1817 ty

126 1824 214 1885 ranni
235 1823 392 1884 Socratem
416 1822 679 1884 circumstetemut
698 1839 757 1884 nec
781 1830 947 1899 potuerunt
973 1823 1107 1884 animum

128 1911 194 1970 eius
210 1909 404 1993 intringere.“
425 1907 503 1981 Quid
516 1909 649 1982 interest,
666 1916 740 1984 quot
751 1909 865 1970 domini
878 1906 960 1969 sinti
973 1909 1106 1970 servitus

126 2010 190 2054 una
204 2000 259 2054 est.
281 1993 359 2053 hanc
375 1993 428 2067 qui
444 1993 640 2068 contempsit,
657 1993 685 2052 iu
704 1993 891 2067 quantalibet
905 1994 995 2054 turba
1010 1991 1105 2054 domi·

129 2078 260 2137 nantium
276 2077 352 2136 liber
365 2084 421 2136 est.

98 2173 116 2229 9
190 2163 323 2236 Tempus
345 2167 393 2221 est
407 2159 562 2234 desinere,
586 2161 641 2222 sed
654 2161 680 2222 si
693 2160 777 2242 prins
793 2162 958 2236 portorium
971 2165 1105 2224 solvero.

127 2244 303 2319 „Initium
329 2251 389 2306 est
414 2245 560 2306 salutis
586 2246 728 2306 notitia
753 2246 945 2320 peccati.“
977 2247 1106 2323 Egregie

128 2329 200 2390 milri
218 2331 277 2390 hoc
300 2328 417 2390 dixisse
437 2328 556 2390 videtur
576 2329 737 2405 Epicurus.
758 2345 828 2389 nam
852 2331 904 2406 qui
925 2347 1058 2407 peccare
1073 2346 1107 2391 se

129 2413 241 2490 nescit,
267 2412 378 2487 corrigi
399 2428 458 2472 non
479 2416 557 2474 vult=
586 2413 800 2489 deprehendas
814 2422 844 2475 te
860 2424 997 2491 oportet,
1024 2423 1107 2476 ante·

88 2515 221 2576 mquam
244 2497 399 2557 emendes.
437 2497 565 2570 Quidam
587 2497 666 2558 vitiis
686 2498 862 2573 gloriantur.
891 2506 923 2560 tu
949 2501 1107 2562 existimas

129 2583 245 2659 aliquid
260 2584 299 2643 de
313 2579 449 2642 remedio
466 2582 613 2657 cogitare,
636 2583 689 2658 qui
708 2583 787 2642 mala
808 2598 864 2642 sna
881 2583 1024 2645 virtutum
1040 2586 1107 2647 loco

129 2673 310 2728 numerant?
331 2665 404 2725 ldeo
428 2674 572 2741 qnantum
596 2675 701 2742 potes,
725 2674 755 2727 te
782 2668 849 2742 ipse
870 2668 1041 2747 [colargua
1065 2669 1107 2728 in·

129 2752 217 2827 quire
232 2751 261 2810 in
275 2756 320 2810 te=
342 2752 528 2811 accusatoris
546 2751 675 2826 primum
690 2751 827 2826 partibus
844 2752 980 2828 iungere,
997 2751 1109 2814 deiude

129 2834 256 2909 indicis,
290 2833 456 2895 novissime
478 2835 698 2912 deprecatoris.
729 2835 894 2911 aliquando
916 2844 946 2898 te
974 2836 1106 2898 offendo.

128 2922 216 2979 Vale.

414 3057 632 3116 anrsrucn
650 3058 721 3115 vm.
744 3061 815 3131 (aa.)

381 3153 493 3238 SENECA
511 3157 622 3205 Lucmo
644 3165 696 3206 SUO
716 3167 856 3207 SALUTEM.
971 3205 974 3209 .

101 3262 115 3313 1
191 3253 1110 3338 DeMaroellinonostroquaerisetvisscire‚quid

130 3343 208 3412 agat.
243 3340 322 3400 Raro
339 3341 378 3401 ad
390 3357 447 3400 nos
463 3341 559 3415 venit,
585 3344 667 3403 nulla
681 3344 740 3404 alia
754 3359 793 3405 ex
807 3361 903 3406 causa
918 3361 1012 3422 quam
1026 3343 1109 3422 quod

129 3423 237 3484 andire
251 3441 381 3485 verum
400 3426 497 3498 timet,
520 3441 538 3485 a
560 3442 620 3501 quo
644 3428 779 3504 periculo
803 3430 863 3490 iam
884 3430 983 3492 abest.
1011 3429 1109 3492 nulli

116 3507 200 3566 enim
215 3506 300 3568 nisi
312 3509 503 3572 audituro
519 3510 732 3575 dicendum
745 3523 815 3574 est.
833 3515 906 3576 ideo
920 3515 1107 3591 ‹tentogone
