2422 3862
134 212 198 278 358
423 213 458 272 L.
479 211 626 273 ANNAEl
649 211 824 273 SENECAE

59 429 65 435 ,
89 367 331 431 subornandum.
376 364 484 426 Omnia
499 381 578 440 quae
591 365 704 437 dicunt,
721 382 801 440 quae
813 367 902 428 turba
916 368 1060 430 audiente
1071 367 1113 432 ia-

133 458 223 526 ctant,
236 450 335 512 aliena
346 457 431 510 sunta
447 449 525 510 dixit
534 449 585 509 illa
595 448 710 525 Platon,
722 448 799 510 dixit
808 450 922 524 Zenon,
935 452 1012 512 dixit
1018 453 1112 532 Chry-

134 537 243 612 sippus
258 541 288 595 et
297 532 497 594 Posidonius=
518 539 551 592 ot
565 533 673 608 ingens
684 548 792 608 agmen
805 540 891 608 [non]
904 543 948 595 tot
962 552 999 596 ac
1010 537 1113 598 talium

135 619 291 696 quomodo
308 617 441 694 probare
457 617 580 692 possint
593 631 650 677 sua
665 622 759 676 esset
778 619 970 680 monstrabo:
993 621 1111 696 iaciant,

89 709 213 778 aequae
232 702 372 764 dixerint.
417 700 563 774 Quoniam
586 714 665 775 quae
685 701 842 761 volueram
867 701 907 762 ad
922 710 952 763 te
967 705 1111 779 perferre,

133 787 193 847 iam
219 786 298 859 dixi,
324 799 406 845 nunc
431 784 585 845 desiderio
606 791 658 844 tuo
679 784 864 863 satisfaciam
886 792 916 846 et
936 786 967 845 in
989 787 1113 848 alteram

108 877 111 888 '
133 871 294 946 epistulam
307 868 466 942 integrum,
480 867 564 943 quod
576 882 736 941 exegeras,
748 869 939 943 transieram,
949 887 988 930 ne
998 871 1040 932 ad
1049 886 1114 931 rem

134 955 292 1030 spinosam
307 960 338 1012 et
352 950 477 1011 auribus
488 951 597 1012 erectis
610 950 803 1026 curiosisque
814 951 999 1013 audiendam
1012 955 1113 1016 lassus

134 1038 276 1097 accedas.
305 1035 393 1094 Vale.

423 1169 642 1229 EPISTULA
660 1172 709 1228 Vt.
738 1172 826 1244 (toa.)

384 1265 496 1318 Seneca
513 1267 626 1319 Lucruro
646 1279 698 1318 suo
717 1280 855 1319 saturnu.

86 1363 121 1438 '1
196 1371 1113 1446 Ansapienssapientiprositsciredesideras.

133 1456 262 1516 dicimus
289 1456 413 1530 plenum
439 1455 519 1515 omni
545 1452 628 1516 bono
655 1470 727 1515 esse
748 1455 918 1530 sapientem
945 1462 975 1516 et
995 1472 1114 1516 summa

133 1539 293 1614 adeptum:
315 1537 471 1613 quomodo
491 1539 644 1614 prodesse
666 1538 759 1613 aliqui
780 1539 881 1615 possit
895 1554 1045 1599 summum
1060 1539 1113 1598 ha-

132 1624 214 1685 benti
243 1623 373 1697 bonum,
404 1622 568 1697 quaeritur.
614 1622 783 1683 Prosunt
810 1623 911 1682 inter
940 1637 981 1682 se
1011 1620 1112 1682 boni.

134 1714 323 1767 exercent
346 1706 446 1766 enim
471 1705 640 1767 virtutes
663 1714 700 1766 et
726 1707 956 1782 sapientiam
981 1705 1017 1764 in
1040 1721 1111 1765 suo

134 1797 238 1851 statu
260 1790 472 1852 continent.
495 1788 651 1851 desiderat
665 1797 794 1866 uterque
808 1791 948 1866 aliquem,
963 1803 1031 1848 cum
1049 1805 1111 1862 quo

103 1875 280 1948 aconlerat,
296 1891 365 1935 cum
380 1891 441 1949 quo
458 1881 594 1949 quaerat.
618 1873 736 1934 Peritos
747 1874 881 1934 luctandi
892 1888 966 1933 usus
979 1879 1112 1933 exercet.

18 1998 34 2020 .
133 1958 283 2020 musicum
301 1959 352 2033 qui
376 1957 461 2034 paria
481 1957 601 2032 didicit,
619 1964 736 2018 movet=
762 1973 842 2033 opus
863 1963 961 2018 estet
981 1956 1112 2031 sapienti

133 2041 297 2117 agitatione
312 2042 468 2102 virtutum:
483 2043 524 2100 ita
539 2041 795 2116 quemadmodum
811 2043 879 2118 ipse
895 2046 1051 2113 semovet,
1066 2039 1112 2098 sic
1147 2100 1153 2109 ,

102 2130 121 2185 3
134 2132 272 2185 movetur
287 2127 325 2186 ab
340 2125 400 2185 alio
415 2126 563 2199 sapiente.
590 2126 671 2200 Quid
679 2124 803 2200 sapiens
815 2124 945 2199 sapienti
958 2123 1113 2199 proderitt

133 2207 269 2282 inpetum
285 2209 327 2267 illi
342 2207 434 2279 dabit,
451 2209 633 2270 occasiones
650 2209 801 2269 actionum
817 2208 1016 2268 honestarum
1032 2221 1112 2267 oom-

133 2290 323 2352 monstrabit.
358 2299 478 2365 praeter·
502 2291 579 2352 haec
600 2293 719 2367 aliquas
743 2291 943 2367 cogitationes
965 2306 1039 2351 suas
1060 2307 1112 2350 ex-

133 2375 252 2451 primet.
281 2374 417 2445 docebit,
443 2389 523 2449 quae
545 2375 703 2437 invenerit.
732 2391 855 2450 semper
880 2375 959 2434 enim
982 2375 1073 2434 etiam
1096 2389 1114 2433 a

134 2458 273 2534 sapiente
293 2459 435 2531 restabit,
458 2459 541 2533 quod
561 2460 694 2519 inveniat
710 2467 741 2519 et
762 2477 823 2534 quo
844 2459 962 2519 animus
978 2458 1045 2518 eius
1061 2473 1114 2518 cx·

104 2551 244 2605 lcurrat.
287 2542 387 2602 Malus
401 2543 481 2602 malo
499 2552 598 2604 nocet.
622 2541 694 2603 lacit
716 2558 840 2618 quoque
857 2542 1010 2618 peiorem,
1028 2543 1114 2616 iram,

133 2634 233 2688 metus
256 2627 426 2699 incitando,
455 2625 592 2686 tristitiae
612 2626 830 2698 adsentiendo,
854 2626 1029 2700 voluptates
1050 2627 1114 2685 lau-

134 2710 252 2782 dando,
273 2718 303 2771 et
318 2719 389 2771 tuno
404 2709 535 2770 maxime
551 2711 691 2771 laborant
704 2711 784 2784 mali,
798 2707 850 2769 ubi
864 2708 1026 2783 plurimum
1041 2709 1116 2768 vitia

133 2793 286 2853 miscuere
307 2803 337 2853 et
357 2794 386 2852 in
409 2810 500 2854 unum
524 2794 634 2854 collata
655 2793 789 2869 nequitia
811 2800 872 2853 est:
893 2807 968 2866 ergo
986 2807 1026 2851 ex
1041 2807 1115 2852 oon-

103 2875 225 2936 strario
241 2875 344 2935 bonus
359 2876 441 2937 bono
458 2875 603 2951 proderit.
633 2877 861 2951 „Quomodow
884 2873 997 2951 inquis.
1035 2875 1116 2935 Gau·

133 2957 216 3017 dium
231 2957 275 3017 illi
288 2958 414 3033 adferet,
429 2960 570 3020 fiduciam
592 2960 790 3029 confirmabit,
807 2975 846 3018 ex
862 2966 1034 3033 conspectu
1050 2975 1115 3019 rnu-

132 3047 204 3101 tuae
226 3042 449 3117 tranquillitatis
475 3052 594 3104 crescet
616 3045 777 3118 utriusque
802 3044 923 3103 laetitia.
953 3041 1117 3103 Praeterea

134 3125 334 3200 quarumdam
349 3125 392 3186 illi
408 3142 509 3187 rerum
524 3127 679 3188 scientiam
694 3128 803 3188 madet.
830 3143 891 3188 non
916 3127 996 3186 enim
1012 3125 1118 3186 omnia

133 3208 259 3285 sapiens
284 3210 350 3271 soit.
381 3211 500 3271 etiamsi
522 3211 627 3284 sciret,
648 3209 807 3272 breviores
822 3212 888 3272 vias
903 3226 1006 3270 rerum
1021 3209 1117 3284 aliqui

132 3294 308 3370 excogitare
323 3300 431 3370 posset
445 3301 474 3355 et
485 3293 541 3354 has
556 3294 700 3368 indicare,
716 3309 770 3369 per
788 3310 865 3370 quas
881 3294 1001 3354 facilius
1019 3300 1118 3354 totum

101 3381 214 3454 dopus
239 3377 458 3457 circumfertur.
502 3377 643 3438 Proderit
663 3378 793 3452 sapienti
815 3379 941 3453 sepiens
962 3393 1025 3437 non
1050 3377 1117 3437 suis

133 3461 258 3535 viribus,
272 3461 328 3522 sed
341 3460 448 3536 ipsius,
465 3477 554 3534 quem
567 3460 699 3521 adiuvat.
715 3469 818 3537 potest
829 3461 951 3537 quidem
963 3460 1013 3521 ille
1024 3461 1118 3521 etiam
