2422 3862
238 247 409 310 EPISTUL.
424 247 518 311 MOR.
540 250 612 309 LlB.
628 249 694 308 Vll.
716 249 774 308 EP.
788 257 814 310 4.
834 255 906 323 (66.)
1011 247 1074 312 149

98 403 291 467 cnimminus
307 403 475 464 secundum
490 410 627 463 naturam
644 409 691 462 est
705 402 814 462 sedere
826 418 918 477 quam
930 410 981 462 aut
992 411 1074 464 stare

97 496 149 550 aut
174 488 340 551 ambulare.
384 486 452 547 Duo
478 487 530 546 illa
554 486 634 546 bona
660 487 822 560 superiora
848 493 918 546 sunt
942 485 1115 550 diversati

97 573 196 649 prima
211 573 291 633 enim
307 571 477 632 secuudum
498 577 635 631 naturam
654 576 739 630 sunt=
761 569 895 644 gaudere
909 570 1073 631 liberorum

98 656 228 732 pietate,
255 656 371 731 patriae
396 653 609 716 incolumitate.
642 654 779 715 secunda
804 661 910 714 contra
937 662 1073 716 naturam

99 749 186 807 aunt:
217 740 334 800 fortiter
355 739 478 800 obstare
499 739 656 798 tormentis
677 745 707 798 ct
727 735 806 798 sitim
827 739 944 814 perpeti
966 739 1073 799 morbo

97 832 206 886 urente
219 821 410 899 praecordia.
445 821 544 897 „Quid
560 829 654 897 ergo?
682 821 795 897 aliquid
817 830 922 883 contra
937 830 1115 886 naturambtl

98 908 214 971 bonum
228 911 316 968 εειιιι
351 906 486 968 minime:
507 905 563 965 sed
585 907 615 965 id
632 905 796 981 aliquando
815 915 921 968 contra
936 913 1074 969 naturam

98 1000 160 1066 est,
183 992 214 1052 in
242 1007 303 1066 quo
326 991 439 1051 bonum
455 991 528 1051 illud
543 989 655 1050 existit.
683 989 834 1052 volnerari
855 992 978 1052 enimet
1002 992 1073 1053 sub-

97 1075 176 1138 iecto
195 1075 267 1150 igne
287 1074 447 1136 tabescere
466 1083 496 1135 et
511 1074 642 1134 adversa
658 1074 823 1134 valitudine
844 1075 948 1151 adfligi
969 1085 1075 1138 contra

96 1167 238 1220 naturam
255 1165 317 1219 est=
339 1158 395 1218 sad
409 1159 487 1219 inter
502 1159 559 1219 ista
575 1173 699 1218 servare
713 1159 845 1220 animum
860 1158 1074 1235 infatigabilem

97 1245 271 1306 secundum
297 1249 433 1303 naturam
457 1251 512 1303 est.
552 1249 582 1301 et
605 1249 651 1315 ut,
685 1244 769 1317 quod
791 1244 877 1317 volo,
905 1245 1114 1320 exprimanaa

96 1327 248 1401 breviter,
270 1325 396 1387 materia
411 1325 482 1387 boni
496 1327 660 1401 aliquando
676 1335 782 1387 contra
798 1337 936 1388 naturam
946 1337 1003 1403 est,
1020 1335 1072 1402 [et]

96 1413 211 1474 bonum
229 1426 410 1485 numquam,
433 1410 577 1486 quoniam
597 1410 710 1472 bonum
733 1411 799 1473 sine
820 1411 939 1472 ratione
959 1413 1072 1473 nullum

97 1505 159 1557 cst=
175 1497 317 1572 sequitur
330 1502 428 1555 autem
441 1497 516 1555 ratio
529 1504 676 1557 naturam.
699 1497 794 1571 „quid
809 1503 857 1555 est
871 1510 944 1570 ergo
955 1497 1072 1556 ratior‘

96 1589 226 1642 naturae
241 1579 375 1640 imitatio.
411 1580 517 1654 „quod
531 1587 578 1639 est
599 1596 749 1640 summum
770 1578 901 1640 hominis
919 1579 1072 1640 b'onumr‘

96 1681 135 1724 ex
150 1673 280 1725 naturae
295 1663 449 1724 voluntate
462 1679 496 1722 εε
508 1679 625 1738 gerere.
648 1664 733 1738 „Non
746 1673 801 1737 est,
817 1663 922 1739 inquit,
939 1663 1115 1738 ducturum

97 1750 170 1823 quin
190 1746 309 1808 felicior
325 1763 385 1822 pax
401 1748 440 1807 sit
457 1764 621 1822 numquam
637 1748 780 1808 lacessita
801 1763 892 1823 quarn
913 1749 1006 1806 multo
1025 1763 1071 1806 re-

98 1839 204 1909 parata
220 1831 379 1906 sanguine.
416 1847 476 1891 non
499 1839 547 1891 εει
568 1831 707 1906 dubium,
729 1831 840 1905 iuquit,
863 1832 934 1906 quin
956 1831 1072 1891 felicior

95 1933 146 1976 res
163 1916 204 1977 sit
219 1917 405 1976 inconcussa
418 1916 554 1976 valitudo
572 1931 663 1990 quam
686 1931 725 1975 ex
745 1915 889 1990 gravibus
911 1915 1026 1976 morbis
1041 1922 1072 1974 et

95 2010 234 2062 extrema
259 1999 465 2060 minitantibus
492 2001 522 2059 in
549 2007 642 2060 tutum
670 1999 699 2058 vi
725 2000 856 2074 quadani
876 2007 906 2060 et
927 1999 1072 2075 patientia

95 2085 218 2145 educta.
256 2085 363 2145 eodem
379 2083 471 2144 modo
492 2101 553 2145 non
575 2085 631 2144 erit
654 2083 794 2158 dubium,
812 2083 883 2158 quin
903 2082 1001 2144 maius
1017 2082 1070 2144 bo·

95 2185 168 2229 num
185 2169 224 2228 sit
238 2169 381 2243 gaudium
398 2184 487 2244 quam
504 2167 636 2228 obnixus
652 2168 771 2229 animus
788 2169 828 2228 ad
851 2167 1070 2245 perpetiendos

96 2253 249 2314 cruciatus
266 2252 422 2313 volnerum
439 2260 491 2312 aut
503 2253 648 2327 ignium.“
669 2253 800 2313 Minime.
823 2253 873 2313 illa
885 2253 973 2322 anim,
992 2255 1109 2329 quaeat

95 2337 220 2398 fortuita
235 2345 320 2411 suut,
343 2337 503 2411 plurimum
520 2337 702 2397 discriminis
717 2335 877 2412 recipiunt.
908 2337 1070 2397 aestiman-

94 2430 144 2481 tur
163 2421 244 2481 enim
267 2419 393 2482 utilitate
413 2421 611 2484 sumentium=
634 2422 782 2482 bonorum
808 2439 902 2482 unum
928 2421 1070 2495 proposi-

94 2513 157 2565 tum
174 2514 223 2567 est
237 2506 410 2568 consentire
430 2513 565 2566 naturae.
587 2505 646 2565 hoc
667 2506 834 2568 consentire
855 2504 996 2566 omnibus
1016 2519 1072 2579 par

96 2598 167 2650 εει
199 2589 273 2650 Cum
291 2585 419 2651 alicuius
440 2591 469 2649 in
492 2597 599 2651 senatu
620 2591 798 2650 sententiam
815 2590 985 2666 sequimur,
1008 2603 1069 2647 non

96 2681 200 2748 potest
213 2674 287 2735 dici:
309 2675 360 2735 ille
376 2674 473 2749 tnagis
487 2675 656 2735 adsentitur
672 2690 761 2750 quam
784 2673 848 2734 ille:
871 2674 910 2734 ab
928 2671 1069 2734 omnibus

95 2756 125 2819 in
151 2757 292 2820 eamdem
320 2759 498 2818 sententiam
517 2757 585 2819 itur.
628 2759 712 2818 Idem
737 2758 776 2818 de
796 2758 957 2819 virtutibus
984 2756 1068 2817 dico:

96 2858 204 2904 omnes
221 2852 346 2904 naturae
362 2843 582 2905 adsentiuntur.
604 2841 740 2902 idemde
755 2843 844 2904 bonis
860 2841 945 2903 dic0=
967 2840 1071 2904 omnia

96 2935 225 2988 naturae
236 2926 457 2989 adsentiuntur.
478 2929 564 2989 Alter
578 2927 761 2989 adulescens
774 2928 918 3001 decessit,
931 2928 1006 2987 aller
1021 2933 1110 2987 sta-42

95 3027 170 3086 nex,
195 3012 306 3088 aliquis
329 3019 451 3087 praeter
466 3012 524 3074 hos
544 3012 658 3086 infans,
682 3013 730 3072 cui
752 3013 825 3072 nihil
846 3012 976 3087 amplius
997 3027 1069 3071 con·

94 3097 159 3171 tigit
176 3113 268 3172 quam
285 3095 463 3171 prospicere
479 3097 586 3156 vitam=
610 3111 717 3157 omnes
733 3096 762 3155 hi
776 3112 875 3172 aeque
891 3096 975 3156 fuere
990 3110 1069 3163 mor,-

95 3181 187 3253 tales‚
213 3179 331 3242 etiamsi
347 3197 429 3241 mors
445 3181 572 3242 aliorum
590 3181 711 3254 longius
724 3181 815 3240 vitam
832 3196 926 3255 passa
940 3188 987 3240 est
1000 3195 1070 3255 pro·

96 3265 222 3336 cedere,
245 3265 373 3326 aliorum
388 3266 418 3325 in
432 3266 532 3326 medio
549 3264 626 3326 flore
645 3265 808 3339 praecidit,
829 3265 957 3325 aliorum
979 3263 1069 3323 inter-

94 3350 176 3424 rupit
189 3348 260 3424 ipsa
275 3348 434 3426 principia.
470 3350 559 3410 Alius
575 3347 653 3410 inter
671 3349 861 3409 coenandum
878 3349 997 3409 solutus
1012 3352 1068 3406 εει.
1077 3352 1111 3406 43

93 3434 218 3494 alterius
233 3434 408 3494 continuata
421 3450 504 3495 mors
521 3449 632 3498 somno
648 3440 705 3498 est.
742 3434 881 3513 aliquem
897 3429 1088 3494 concubitus

90 3516 241 3575 exstinxit.
274 3517 325 3578 nis
340 3517 465 3594 obpone
485 3521 570 3585 ferro
593 3523 800 3588 transfossos
824 3530 884 3586 aut
900 3513 1110 3581 exanimatas
