2422 3862
164 231 227 297 tls
434 232 468 292 L.
489 231 635 293 ANNAEl
656 230 832 292 SENECAE

164 395 199 450 ut
215 387 257 448 uit
268 386 441 449 Lucretius:
462 385 565 448 omniu
585 391 686 448 autem
706 384 780 457 ista,
801 397 882 458 quae
902 383 980 458 dixi,
1001 400 1064 447 non
1080 404 1146 450 mu·

131 475 261 533 litarent
275 487 405 546 corpus,
426 469 486 532 nisi
500 475 670 543 langerano
693 483 767 542 ergo
783 482 916 543 corpora
928 474 1009 530 sunt.
1031 469 1145 532 Etiam

165 572 246 617 nunc
259 555 310 617 cui
325 561 409 615 tanta
424 555 470 615 uis
484 561 545 626 est,
568 560 600 613 ut
619 551 745 628 inpellat
766 559 796 612 et
816 558 907 627 cogat
924 559 957 614 et
972 553 1101 616 retineat
1115 562 1147 617 et

164 640 282 711 iubeat,
305 655 419 714 corpus
438 644 496 701 est
524 636 599 712 quid
619 642 715 712 ergo?
740 652 802 696 non
825 634 912 697 timor
926 637 1056 698 retinet?
1082 655 1145 700 uon

165 723 294 786 audacio
317 723 457 798 inpellit?
487 738 548 782 non
573 718 717 782 tortitudo
739 718 856 783 inmittit
873 727 903 780 et
918 720 1052 796 inpetum
1074 723 1147 784 dati

165 823 227 868 non
250 805 420 867 moderatio
440 806 574 865 refrenat
586 821 624 868 ac
639 810 786 866 revocati
812 821 873 865 non
889 805 1032 880 goudium
1046 808 1146 867 extol-

126 891 218 955 tolitt
239 907 299 953 non
314 890 433 951 tristitia
447 888 592 950 adducite
618 888 758 964 Denique
773 888 919 964 quiequid
934 889 1077 963 tacimus,
1093 899 1147 952 aut

165 975 296 1035 malitiae
311 981 362 1034 aut
376 973 493 1034 virtutis
509 973 643 1048 gerimus
657 971 801 1047 imperio:
835 973 918 1048 quod
934 973 1063 1049 imperat
1078 990 1145 1037 cor-

164 1057 249 1132 pori,
270 1073 382 1132 corpus
403 1065 465 1131 est,
489 1057 572 1132 quod
593 1056 652 1118 vim
668 1053 791 1132 corpori
805 1057 918 1131 adlert,
933 1073 1057 1133 corpus.
1085 1058 1133 1120 Bo

165 1158 238 1204 num
255 1142 394 1216 corporis
410 1141 579 1216 corporalis
593 1155 645 1202 res
660 1147 716 1202 est
747 1139 860 1203 bonum
882 1141 1014 1203 hominis
1033 1149 1065 1202 et
1079 1159 1146 1204 cor-

124 1226 251 1300 11poris
266 1225 379 1288 bonum
395 1233 455 1287 est:
485 1226 589 1300 itaque
604 1225 774 1301 corporalis
789 1241 839 1285 res
855 1230 912 1287 est.
934 1225 1149 1301 Quoniam,.ut

167 1308 304 1383 voluisti,
328 1326 442 1370 morem
463 1310 547 1384 gessi
561 1308 629 1380 tibi,
651 1324 732 1370 nunc
748 1306 817 1385 ipse
834 1309 933 1369 dicam
949 1309 1036 1384 milri,
1059 1312 1146 1386 quod

166 1392 315 1455 dicturum
329 1410 401 1456 esse
416 1400 445 1454 te
460 1393 567 1454 video=
589 1393 766 1454 latrunculIs
781 1393 921 1455 ludimus.
951 1394 980 1453 in
998 1409 1147 1468 superva-

167 1474 232 1538 cuis
247 1478 398 1540 subtilitas
415 1476 533 1540 teritur=
553 1492 614 1537 non
626 1477 739 1538 iaciunt
749 1477 849 1537 bonos
865 1477 937 1552 ista,
953 1478 1009 1539 sed
1025 1477 1148 1540 doctos.

124 1561 299 1636 raspertior
319 1578 370 1623 res
391 1571 439 1624 est
458 1577 584 1638 sapere,
606 1562 696 1621 immo
712 1560 889 1637 simplicior.
918 1559 1028 1636 paucis
1043 1570 1091 1622 est
1105 1564 1148 1624 ad

165 1653 296 1707 mentem
317 1645 428 1707 bonam
449 1644 492 1707 uti
512 1645 622 1706 literis:
646 1645 702 1705 sed
717 1660 774 1705 nos
790 1652 823 1706 ut
837 1651 939 1707 cetera
951 1645 982 1706 in
997 1660 1147 1720 superva-

166 1744 256 1789 cuum
271 1729 486 1804 diffundimus,
506 1729 547 1791 ita
566 1728 793 1804 philosophiam
813 1728 923 1804 ipsam.
948 1729 1146 1806 quemadmo-

166 1812 238 1874 dum
259 1814 392 1876 omnium
408 1829 522 1886 rerum,
545 1814 590 1875 sic
608 1813 760 1873 literarum
776 1829 900 1888 quoque
915 1811 1149 1888 intemperantia

166 1896 356 1962 laboramus:
379 1915 439 1960 non
458 1899 551 1972 vitae,
567 1898 624 1958 sed
641 1896 766 1957 scholae
782 1896 939 1959 discimus.
961 1897 1048 1961 Vale.

456 2033 671 2091 EPISTULA
692 2034 739 2090 IV.
762 2035 850 2106 (107.)

422 2127 533 2178 Sarnos
548 2128 658 2178 Lucrum
677 2139 729 2178 suo
749 2139 889 2182 sutorum.

134 2240 149 2293 1
227 2229 285 2290 Ubi
299 2231 350 2291 illa
366 2232 525 2307 prudentia
541 2239 611 2293 tuat
636 2232 687 2293 ubi
703 2232 733 2292 in
749 2230 948 2308 dispiciendis
963 2231 1058 2294 rebus
1074 2234 1146 2295 sub·
1186 2272 1187 2276 =

166 2313 280 2375 tilitast
307 2314 360 2376 ubi
385 2315 581 2390 magnitudo?
607 2323 679 2376 tam
702 2317 850 2391 pusilla
870 2333 933 2376 res
957 2323 994 2377 te
1019 2319 1148 2392 angita

165 2395 277 2459 Servi
309 2400 595 2475 occupationes
626 2407 711 2461 tuas
745 2401 1000 2463 occasionem
1029 2402 1146 2476 lugae

164 2490 414 2557 putaveruntz
448 2485 474 2545 si
498 2483 586 2544 amici
611 2485 789 2560 deciperent
808 2481 884 2526 ***
908 2483 1040 2546 babeant
1066 2486 1146 2546 enim

164 2583 240 2628 sane
253 2584 380 2643 nomen,
402 2571 486 2645 quod
507 2568 567 2630 illis
587 2576 692 2630 noster
704 2570 857 2646 Epicurus
872 2568 1023 2645 inposuit,
1048 2577 1078 2630 et
1094 2586 1144 2629 vo-

165 2658 286 2724 centur,
315 2669 376 2728 quo
399 2653 518 2729 turpius
539 2669 600 2713 non
623 2652 684 2713 sint
699 2651 715 2690 *
732 2652 872 2715 omnibus
894 2653 988 2715 rebus
1009 2652 1070 2714 tuis
1091 2654 1144 2715 de-

165 2743 235 2795 sunt
248 2736 306 2809 illi,
328 2736 380 2811 qui
401 2745 431 2798 et
455 2753 580 2811 operum
595 2745 677 2798 tuum
692 2737 889 2799 conterebant
901 2744 932 2797 et
947 2737 989 2814 [a]
1007 2743 1037 2797 te
1053 2737 1146 2815 alitis]

134 2819 324 2882 tmolestum
343 2835 415 2881 esse
435 2820 621 2883 credebanta
651 2819 729 2880 Nihil
749 2821 858 2883 horum
879 2821 1049 2895 insolitum,
1073 2821 1145 2881 nihil

162 2900 407 2976 inexspectatum
427 2912 484 2965 est
516 2904 631 2966 offendi
649 2904 744 2966 rebus
765 2906 832 2966 istis
848 2913 908 2966 tam
922 2902 1084 2966 ridiculum
1099 2914 1146 2964 est

163 3000 256 3057 quam
270 2985 371 3059 queri,
393 2989 476 3061 quod
497 2988 654 3064 spargaris
671 2988 702 3047 in
723 2989 847 3065 publico
863 2995 914 3048 aut
926 2985 1097 3064 inquineris
1115 2990 1144 3047 in

159 3068 235 3128 luto.
263 3067 379 3128 Eadem
396 3069 474 3131 vitae
493 3072 633 3133 condicio
652 3077 714 3148 est,
730 3088 810 3148 quae
824 3072 941 3147 balnei,
958 3072 1082 3144 turbae,
1098 3071 1144 3132 iti·

81 3207 83 3210 .
163 3151 260 3212 neris:
284 3154 435 3227 quaedam
459 3154 488 3214 in
505 3163 534 3216 te
549 3154 715 3231 mittentur,
739 3157 889 3231 quaedam
903 3156 1046 3219 incident.
1078 3156 1143 3216 Non

161 3243 211 3296 est
225 3235 356 3299 delicata
369 3254 420 3299 res
437 3239 550 3300 vivere.
572 3242 694 3315 longam
710 3241 792 3300 viam
809 3239 969 3314 ingressus
985 3256 1035 3301 es:
1056 3248 1087 3301 et
1102 3241 1143 3298 la·

160 3317 243 3381 baris
266 3328 388 3397 oportet
405 3330 437 3383 et
450 3323 562 3384 arietes
581 3330 611 3383 et
625 3323 719 3385 cadas
734 3330 765 3384 et
781 3323 909 3384 lasseris
923 3331 954 3384 et
970 3323 1142 3384 exclamesa

160 3419 206 3478 ,,ο
222 3414 318 3466 mors!
329 3411 346 3439 ‘⁸
361 3406 392 3467 id
408 3414 456 3467 est
469 3406 634 3468 mentiaris.
658 3406 718 3470 alio
734 3409 803 3468 loco
817 3407 960 3468 comitem
973 3408 1141 3483 relinques,

159 3488 219 3549 alio
236 3489 365 3558 efferes,
378 3489 439 3550 alio
456 3489 585 3552 timebis.
608 3506 665 3566 per
678 3490 830 3552 eiusmodi
846 3490 983 3552 offensas
998 3492 1141 3556 emetien-
