2392 3870
184 215 354 278 miscui.
369 216 463 279 man
484 217 608 304 nutu
628 218 762 282 sesi.
784 227 840 295 (n.
853 225 910 293 rs.)
996 221 1037 285 ar

354 419 570 479 EPISTULA
598 424 644 482 IV.
671 421 744 499 (45.)

316 514 428 569 Senscr
444 518 555 570 annrc
576 531 627 570 suc
648 528 788 572 susurru.

120 619 282 682 Librorum
305 621 374 682 istic
398 621 533 696 inopiam
555 636 630 682 esse
653 620 801 695 quereris.
846 621 1066 697 Nonrelert,1

55 721 151 782 qnam
165 704 295 776 ninias,
315 705 372 765 sed
385 720 478 778 quarn
492 705 592 766 bonos
606 704 739 766 habeas=
761 704 850 766 lectio
866 713 949 767 certe
966 723 1038 782 pro-

55 790 143 862 dest,
163 788 250 856 ucria
263 788 405 849 delectat
428 789 496 865 qni,
520 805 581 865 que
597 788 775 862 destinavit,
790 788 953 864 pervenire
963 792 1036 865 vult,

55 889 151 934 unam
168 872 427 948 sensatarum,
449 890 511 934 uon
532 888 589 949 per
609 874 721 934 multas
739 879 882 948 vagatum
909 890 971 936 non
994 876 1038 935 ire

56 958 152 1029 istuc,
182 957 241 1016 sed
265 970 369 1017 errare
394 965 450 1017 est.
491 957 646 1030 ‚,Vellem,
675 956 792 1032 inquis,
820 958 918 1034 magis
943 959 1066 1029 libross

55 1040 130 1103 milri
146 1055 239 1117 qaam
252 1040 412 1102 consilium
427 1041 549 1101 dares&
585 1040 652 1116 ligo
666 1054 740 1102 vero
756 1056 971 1119 quoscumque
983 1043 1037 1104 ha-

55 1125 135 1201 beo,
152 1124 270 1186 mittere
283 1132 408 1200 paratius
423 1141 491 1186 sum
506 1131 537 1184 at
550 1131 648 1205 totmn
659 1123 800 1186 horreum
816 1134 969 1188 cncnure
989 1142 1038 1188 me

58 1224 185 1286 quoque
203 1208 279 1282 iste,
302 1208 329 1269 si
350 1223 493 1284 possem,
514 1210 725 1283 transferrem,
747 1216 777 1269 et
797 1210 856 1271 nisl
877 1219 994 1272 mature
1008 1219 1037 1272 tc

53 1294 149 1356 linem
164 1293 257 1355 officit
279 1309 436 1368 sperarem
451 1294 686 1369 inpetraturum,
707 1292 787 1354 hanc
802 1295 929 1356 senilem
942 1311 1037 1372 expe-

57 1377 205 1439 ditionem
224 1376 409 1438 indixissem
427 1377 500 1439 mihi
516 1391 574 1439 nee
591 1392 640 1439 me
655 1376 827 1455 Charybdis
843 1386 874 1439 et
890 1378 993 1457 Scylla
1008 1389 1038 1441 et

58 1462 232 1523 labulcsunr
253 1461 335 1522 istud
355 1463 465 1524 fretam
485 1461 641 1524 deterrere
663 1461 846 1538 patuissent.
866 1468 1036 1526 manassem

56 1545 133 1620 istc,
155 1560 218 1608 aon
233 1546 332 1608 selum
345 1545 549 1621 traiecissem,
569 1546 736 1608 dummodo
751 1552 781 1607 te
795 1545 948 1620 conplecti
963 1563 1035 1622 pas-

57 1644 124 1691 scm
147 1637 178 1691 et
203 1644 354 1705 praesens
379 1630 556 1704 aestimare,
584 1638 728 1706 qnantum
750 1627 851 1690 animo
872 1629 1036 1691 crevisses.

58 1714 197 1776 ceterum
214 1715 316 1790 qnod
336 1715 461 1776 libras
483 1730 587 1776 mccc
608 1713 681 1775 tibi
700 1714 798 1775 mitti
815 1713 1065 1789 desiderares

57 1815 120 1860 nnn
140 1797 239 1874 magis
257 1799 327 1859 idac
342 1812 392 1860 mc
406 1796 556 1863 disertum
570 1806 644 1875 puto
659 1813 753 1874 quam
767 1798 935 1859 larmcsum
950 1803 1035 1874 patn-

56 1898 137 1957 rem,
159 1882 186 1944 si
202 1883 364 1957 imaginem
379 1894 477 1943 msam
495 1890 626 1958 peteres.
658 1881 932 1956 indulgentiae
953 1883 1035 1943 scio

57 1967 166 2029 istud
191 1981 296 2041 esse,
317 1980 392 2028 nnn
412 1967 561 2027 iudicii.
595 1975 626 2027 et
641 1965 891 2028 simodoindicii
908 1973 970 2040 est,
991 1965 1036 2026 in-

59 2051 217 2126 dulgentia
230 2051 284 2112 tibi
300 2051 445 2127 inposuit.
481 2049 544 2112 Sed
560 2051 802 2127 qualescumque
815 2058 903 2125 sunt,
921 2059 954 2113 ta
968 2051 1066 2113 illcsl

57 2136 105 2197 sic
117 2137 202 2211 lege,
222 2145 378 2211 tamquam
389 2150 497 2196 verum
513 2151 657 2212 quaeram
673 2134 787 2210 adime,
804 2150 867 2195 nou
881 2136 993 2210 sciam,
1008 2142 1037 2194 ct

58 2220 279 2282 contumaciter
286 2235 442 2296 quaeram.
457 2220 612 2281 nonenim
623 2235 672 2280 me
684 2219 1036 2296 cuiquem-emancipavi,

57 2301 170 2365 nullius
196 2319 308 2365 nemen
334 2305 411 2365 lere.
440 2306 596 2365 multum
624 2317 843 2379 magnorum
867 2303 1035 2365 virorum

58 2386 207 2450 indicio
224 2388 357 2462 credo,
380 2387 531 2464 aliquid
546 2395 583 2448 et
598 2402 678 2449 mec
693 2388 860 2449 vindico.
881 2385 1036 2448 numilli

58 2487 214 2548 quoque
236 2487 308 2533 non
330 2471 504 2546 iuventa,
526 2471 962 2549 sedqneerendannbis
977 2486 1035 2530 re-

58 2557 270 2632 liquerunt,
292 2564 327 2617 et
345 2556 596 2618 invenissent
610 2557 777 2618 forsitan
792 2554 1047 2638 necessaris,-

58 2639 136 2700 nisi
155 2647 194 2701 ct
217 2655 464 2715 supervacua
483 2640 746 2716 quaesissent.
780 2639 935 2699 Multum
954 2636 1064 2697 illiss

58 2723 249 2800 temporis
276 2724 481 2786 verborum
509 2724 708 2786 cavillatio
741 2722 887 2798 eripuit
913 2729 951 2782 et
974 2737 1035 2781 cn·

59 2809 216 2884 ptiosac
237 2807 548 2884 disputationes,
578 2824 677 2884 quae
697 2820 856 2869 acumen
877 2805 1036 2866 inrltum

57 2900 256 2953 exercent
297 2892 451 2954 Nectimus
475 2893 575 2954 nodas
601 2900 631 2952 et
650 2892 823 2966 ambignum
839 2889 1036 2965 significatio-

59 2989 128 3036 nem
145 2976 247 3038 verbis
263 2975 427 3052 inligamus
440 2992 477 3038 ac
491 2976 603 3038 deinde
617 2975 830 3037 dissolvimus:
851 2981 967 3034 tantum
981 2988 1036 3034 nc-

58 3059 107 3120 bls
120 3067 231 3121 vacatt
251 3061 310 3121 iam
326 3060 442 3133 vivere,
459 3060 521 3121 iam
531 3058 609 3121 mori
619 3058 757 3122 seimust
785 3059 863 3120 Tute
871 3057 924 3118 illo
936 3065 1036 3119 mente

59 3145 248 3219 pergendum
270 3152 333 3220 est,
360 3143 413 3207 ubi
435 3144 589 3220 provideri
608 3143 714 3216 debet,
742 3159 782 3203 nc
802 3158 852 3204 res
874 3159 950 3216 nos,
975 3157 1037 3202 non

57 3228 167 3303 verbs,
194 3228 355 3304 decipiant.
391 3227 469 3302 Quid
489 3227 563 3290 nelli
580 3243 690 3289 vocem
704 3223 917 3287 similitudines
930 3224 1064 3286 distin-6

56 3313 143 3388 gnis,
172 3313 285 3388 quibes
306 3328 396 3374 nemo
419 3328 564 3389 umquem
586 3311 645 3372 nisi
666 3311 740 3372 dnm
754 3310 905 3384 disputat,
929 3317 1036 3385 captus

56 3403 127 3457 esti
157 3397 345 3457 rostellum:
377 3396 445 3458 illas
464 3395 613 3457 discerne.
646 3394 705 3457 Pro
720 3392 812 3457 banis
826 3395 905 3455 mala
921 3394 1035 3468 ample-

55 3479 180 3540 ctimurt
209 3486 351 3556 optamus
370 3486 477 3542 contra
497 3480 543 3553 id,
573 3479 656 3554 quod
682 3479 864 3555 aptavimus
901 3483 1037 3552 pugnant
