2422 3862
153 240 323 302 EPISTUL.
338 240 431 310 molt.
453 243 525 302 LlB.
539 243 646 302 xvlll.
668 243 725 303 ΕΡ.
738 253 764 305 5.
776 252 802 307 6.
820 251 894 319 (108.
908 248 982 316 loa.)
1007 243 1072 308 859

93 397 217 455 relictus
232 393 290 453 sibi
306 394 461 469 explicare
475 401 577 469 partes
593 410 676 454 suas.
700 401 800 455 utetur
817 395 943 471 propria
956 395 1070 458 veloci-

93 487 169 539 tate:
198 479 253 538 sed
275 477 468 538 nihilominus
491 477 614 537 adiuvat
635 477 726 538 etiam
742 486 913 538 currentem
927 479 1070 542 hortator.

93 564 159 622 Non
176 563 302 637 prodest
314 561 444 637 sapienti
457 561 592 635 sapiens,
609 562 665 621 sed
679 561 736 622 sibi
747 562 825 636 ipse.
840 561 899 622 hoe
912 567 965 636 [ιιι]
978 566 1070 639 scias,

92 647 219 707 detrahe
240 645 282 704 illi
309 647 369 705 vim
391 646 546 720 propriam
567 651 597 705 et
613 646 663 705 ille
677 645 750 704 nihil
766 647 835 720 agit.
880 646 960 719 „Isto
975 649 1098 709 modoi

94 730 180 790 dieas
197 730 266 789 lieet
280 746 341 790 non
359 745 430 789 esse
446 729 476 788 in
491 729 580 788 melle
599 728 809 790 dnlcedinema
838 745 907 790 nam
927 731 990 792 nisi
1009 732 1069 802 ille,
1107 800 1111 806 ,

94 814 146 890 qui
161 829 232 874 esse
247 814 365 887 debeat,
382 814 423 873 ita
437 819 557 888 aptatus
575 812 679 888 lingua
693 815 858 888 palatoque
874 820 920 874 est
934 815 974 874 ad
990 816 1070 875 eius·
1091 822 1101 883 ἴ

92 899 175 959 modi
191 904 319 972 gustum,
336 904 367 957 ut
382 897 462 957 illum
476 898 543 957 talis
559 912 653 971 sapor
670 897 777 972 capiat,
796 897 977 958 offendetur.
1001 908 1072 960 sunt

92 984 172 1041 enim
193 982 331 1056 quidam,
351 980 460 1055 quibus
483 980 579 1040 morbi
595 981 666 1040 vitio
682 982 740 1040 mel
755 996 888 1041 amarum
904 982 1071 1044 videatur.“

92 1066 221 1141 Oportet
243 1072 406 1139 utrumque
425 1067 540 1137 valere,
562 1071 595 1124 ut
617 1073 647 1125 et
667 1065 716 1124 ille
742 1065 892 1140 prodesse
917 1066 1019 1142 possit
1042 1074 1073 1127 et

92 1150 142 1210 hio
174 1151 332 1223 proltrturo
361 1149 472 1208 idonea
502 1147 627 1208 materia
656 1148 704 1209 sit.
748 1149 800 1223 „ln
830 1165 997 1226 summum,
1030 1151 1101 1213 ιιι-8

94 1235 173 1308 quit,
198 1235 346 1308 perducto
361 1233 493 1292 colorem
511 1232 643 1292 calefieri
659 1248 884 1306 supervacuum
907 1243 963 1294 est.
992 1241 1022 1294 ει
1042 1235 1072 1293 in

93 1334 243 1378 summum
262 1317 409 1392 perducto
431 1316 544 1377 bonum
566 1330 777 1391 supervacuus
800 1324 860 1388 est,
891 1317 944 1392 qui
966 1319 1072 1392 prosit.

93 1402 241 1476 numquid
256 1402 420 1461 instructus
436 1399 575 1461 omnihus
590 1399 683 1461 rebus
695 1400 830 1474 agricola
842 1400 879 1459 ab
892 1401 951 1460 alio
964 1402 1072 1463 instrui

93 1487 231 1562 aparuerit?
257 1483 405 1559 numquid
425 1490 558 1545 armatus
579 1484 666 1544 miles
684 1492 828 1559 quantum
849 1484 879 1542 in
897 1485 993 1544 aciem
1009 1486 1072 1544 exi-

93 1579 161 1629 turo
177 1569 251 1629 satis
267 1576 315 1629 est
330 1569 405 1642 [uti]‚
421 1568 551 1643 amplius
566 1566 840 1627 armadesideratt
862 1583 934 1642 ergo
951 1583 1008 1628 nee
1023 1585 1071 1628 sa-

93 1653 193 1729 piens.
227 1655 302 1714 satis
323 1653 403 1712 enim
423 1653 504 1712 vitae
530 1652 712 1725 instructus,
741 1651 815 1712 satis
836 1658 969 1711 armatus
995 1657 1073 1714 est.“

96 1737 143 1798 Ad
165 1738 242 1797 haec
263 1737 455 1812 respondeo:
475 1744 506 1796 et
527 1735 579 1810 qui
599 1736 630 1794 in
645 1752 764 1796 summo
780 1741 879 1795 motus
894 1744 943 1795 est
962 1738 1102 1811 calore‚9

94 1821 180 1898 [epet]
196 1821 331 1895 adiecto,
355 1829 388 1882 ut
403 1837 492 1882 suum
507 1826 617 1880 teneat.
661 1818 826 1895 „Sed-ipse
841 1835 885 1892 se,
900 1820 1072 1898 inquitpea-

94 1907 141 1964 lor
162 1906 324 1964 eontinet.“
367 1905 497 1965 Primum
518 1905 642 1964 multum
663 1904 789 1964 interest
808 1904 971 1976 interista,
994 1916 1079 1979 quae'
1135 1909 1138 1914 '

93 2003 257 2061 conpares.
292 1991 375 2050 calor
401 1989 480 2049 enim
506 2004 586 2049 unus
611 1995 674 2062 est,
701 1988 852 2062 prodesse
877 1988 993 2048 varium
1016 1995 1072 2048 εει.
1174 1994 1198 2018 ··

93 2072 211 2132 Deinde
228 2073 312 2132 ealor
327 2090 387 2135 non
405 2074 565 2133 adiuvatur
579 2071 751 2132 adiectione
766 2071 891 2144 caloriS,
913 2079 946 2132 ut
962 2073 1072 2133 caleat:

92 2155 219 2230 sapiens
235 2174 295 2217 non
311 2165 414 2233 potest
430 2158 459 2216 in
475 2156 579 2218 habitu
594 2157 703 2217 mentis
719 2173 794 2216 suae
811 2162 907 2229 stare,
924 2155 982 2216 nisi
999 2156 1071 2216 ami-

92 2255 148 2300 eos
164 2241 286 2315 aliquos
302 2240 417 2302 similes
432 2242 480 2302 sui
494 2239 625 2311 admisit,
643 2257 710 2302 enm
727 2241 838 2317 quibus
856 2239 982 2301 virtutes
998 2256 1072 2301 suas

92 2326 305 2383 eommunicet.
350 2326 448 2385 Adice
463 2341 560 2396 nuno,
581 2325 664 2400 qnod
681 2324 822 2385 omnibus
837 2326 915 2385 inter
932 2341 966 2385 se
980 2324 1118 2392 virtu-lo

93 2408 174 2466 tibus
190 2407 321 2465 amicitia
342 2415 397 2466 est.
430 2408 534 2482 itaque
555 2410 697 2482 prodest,
724 2409 776 2483 qui
796 2409 923 2470 virtutes
945 2408 1073 2468 alicuius

94 2504 186 2565 pares
208 2492 273 2549 suis
298 2497 378 2548 amat
397 2492 609 2565 amandasque
633 2492 763 2550 invicem
788 2499 932 2567 praestat.
965 2490 1074 2550 similia

92 2573 260 2644 delectant,
284 2572 389 2647 utique
408 2572 461 2632 ubi
475 2573 605 2634 honesta
620 2580 692 2633 sunt
707 2582 737 2633 et
751 2575 883 2649 probare
897 2589 933 2633 ao
949 2570 1074 2647 probari

92 2656 203 2716 sciunt.
233 2656 412 2716 Etiamnunc
427 2656 575 2732 sapientis
588 2655 720 2718 animum
737 2657 831 2732 perite
845 2671 969 2716 movere
984 2663 1115 2717 nemoll

92 2741 171 2800 alius
188 2746 291 2816 potest
307 2757 399 2815 quam
413 2743 555 2816 sapiens,
579 2739 659 2801 sient
672 2739 825 2800 hominem
840 2755 965 2802 movere
981 2740 1072 2800 ratio-

93 2826 201 2884 naliter
215 2841 276 2886 non
292 2831 395 2900 potest
409 2826 467 2885 nisi
482 2825 585 2885 homo.
609 2826 764 2900 quomodo
781 2839 853 2904 ergo
870 2824 910 2884 ad
925 2824 1074 2884 rationem

92 2910 274 2969 movendam
298 2910 417 2970 ratione
437 2926 516 2986 opus
540 2917 603 2983 εει,
625 2908 672 2969 sio
688 2917 721 2970 ut
741 2917 899 2970 moveatur
913 2908 988 2969 ratio
1005 2924 1073 2985 per·

92 2993 181 3064 lecta,
199 3009 278 3068 opus
294 3001 341 3053 est
354 2993 472 3054 ratione
487 2995 632 3070 perlecta.
660 2993 813 3054 Prodesse
827 2993 969 3053 dicuntur
980 3001 1010 3053 et
1022 2993 1075 3068 qui
1082 3002 1116 3056 12

92 3076 193 3134 media
209 3075 298 3136 nobis
313 3077 487 3152 largiuntur,
499 3077 669 3153 pecuniam,
681 3077 816 3152 gratiam,
829 3077 1073 3149 incolumitatem,

92 3159 153 3218 alia
168 3159 197 3216 in
213 3177 290 3219 usus
304 3159 385 3220 vitae
396 3177 468 3221 eara
481 3161 728 3221 autneoessaria.
752 3161 781 3219 in
793 3159 841 3220 his
856 3160 972 3221 dicetur
984 3162 1072 3220 etiam

93 3243 204 3302 stultus
226 3243 378 3320 prodesse
400 3245 540 3321 sapienti.
574 3244 727 3320 prodesse
747 3250 848 3304 autem
870 3249 917 3304 est
940 3245 1073 3305 animum

94 3325 264 3385 seeundum
279 3335 416 3387 naturam
431 3342 556 3388 movere
571 3328 680 3388 virtute
695 3344 752 3388 sua
767 3333 801 3386 ut
815 3327 890 3400 eius,
907 3328 959 3401 qui
969 3343 1073 3388 move-

93 3406 183 3465 bitur.
202 3408 262 3470 hoa
277 3425 341 3472 non
357 3410 424 3471 sine
434 3411 533 3487 ipsius
547 3427 680 3488 auoque,
693 3412 745 3487 qui
757 3410 901 3486 proderit,
916 3411 999 3471 bono
1012 3410 1072 3470 liet.
1138 3485 1143 3493 ’

95 3504 223 3550 neeesse
247 3488 320 3574 [est]
336 3490 421 3555 enim
434 3489 574 3557 alienam
586 3493 727 3555 sinaitam
742 3493 916 3555 exeraendo
931 3496 1075 3554 exerceat
