<?xml version="1.0" encoding="UTF-8"?>
<!DOCTYPE html PUBLIC "-//W3C//DTD XHTML 1.0 Transitional//EN"
    "http://www.w3.org/TR/xhtml1/DTD/xhtml1-transitional.dtd">
<html xmlns="http://www.w3.org/1999/xhtml" xml:lang="en" lang="en">
 <head>
  <title>
</title>
<meta http-equiv="Content-Type" content="text/html;charset=utf-8" />
  <meta name='ocr-system' content='tesseract 3.04.00' />
  <meta name='ocr-capabilities' content='ocr_page ocr_carea ocr_par ocr_line ocrx_word'/>
</head>
<body>
  <div class='ocr_page' id='page_1' title='image "./lannaeisenecaeo06senegoog_0333.png"; bbox 0 0 2422 3862; ppageno 0'>
   <div class='ocr_carea' id='block_1_1' title="bbox 166 152 857 288">
    <p class='ocr_par' dir='ltr' id='par_1_1' title="bbox 166 152 857 288">
     <span class='ocr_line' id='line_1_1' title="bbox 166 152 857 288; baseline -0.01 -18"><span class='ocrx_word' id='word_1_1' title='bbox 166 205 231 270; x_wconf 76' lang='lat' dir='ltr'><strong>roe</strong></span> <span class='ocrx_word' id='word_1_2' title='bbox 376 280 381 288; x_wconf 44' lang='grc'>,</span> <span class='ocrx_word' id='word_1_3' title='bbox 455 205 489 265; x_wconf 84' lang='grc' dir='ltr'><strong>η.</strong></span> <span class='ocrx_word' id='word_1_4' title='bbox 510 152 657 265; x_wconf 69' lang='lat' dir='ltr'><strong>Annam</strong></span> <span class='ocrx_word' id='word_1_5' title='bbox 681 173 857 264; x_wconf 73' lang='lat' dir='ltr'><strong>sennenn</strong></span> 
     </span>
    </p>
   </div>
   <div class='ocr_carea' id='block_1_2' title="bbox 119 355 1151 1936">
    <p class='ocr_par' dir='ltr' id='par_1_2' title="bbox 121 355 1151 772">
     <span class='ocr_line' id='line_1_2' title="bbox 121 355 1151 439; baseline 0.001 -19"><span class='ocrx_word' id='word_1_6' title='bbox 121 362 272 439; x_wconf 70' lang='lat' dir='ltr'><strong>721taque</strong></span> <span class='ocrx_word' id='word_1_7' title='bbox 288 360 314 420; x_wconf 90' lang='lat' dir='ltr'><strong>si</strong></span> <span class='ocrx_word' id='word_1_8' title='bbox 336 358 366 418; x_wconf 91' lang='lat' dir='ltr'><strong>in</strong></span> <span class='ocrx_word' id='word_1_9' title='bbox 388 357 489 420; x_wconf 89' lang='lat' dir='ltr'><strong>medio</strong></span> <span class='ocrx_word' id='word_1_10' title='bbox 505 358 622 418; x_wconf 91' lang='lat' dir='ltr'><strong>urbium</strong></span> <span class='ocrx_word' id='word_1_11' title='bbox 640 358 760 418; x_wconf 79' lang='lat' dir='ltr'><strong>fremitu</strong></span> <span class='ocrx_word' id='word_1_12' title='bbox 775 355 926 417; x_wconf 89' lang='lat' dir='ltr'><strong>conlocati</strong></span> <span class='ocrx_word' id='word_1_13' title='bbox 943 373 1068 432; x_wconf 89' lang='lat' dir='ltr'><strong>sumus,</strong></span> <span class='ocrx_word' id='word_1_14' title='bbox 1091 367 1151 421; x_wconf 87' lang='lat' dir='ltr'><strong>stet</strong></span> 
     </span>
     <span class='ocr_line' id='line_1_3' title="bbox 166 441 1150 517; baseline -0.001 -13"><span class='ocrx_word' id='word_1_15' title='bbox 166 445 206 504; x_wconf 90' lang='lat' dir='ltr'><strong>ad</strong></span> <span class='ocrx_word' id='word_1_16' title='bbox 225 446 306 505; x_wconf 90' lang='lat' dir='ltr'><strong>latus</strong></span> <span class='ocrx_word' id='word_1_17' title='bbox 322 443 452 504; x_wconf 90' lang='lat' dir='ltr'><strong>monitor</strong></span> <span class='ocrx_word' id='word_1_18' title='bbox 471 448 501 502; x_wconf 91' lang='lat' dir='ltr'><strong>et</strong></span> <span class='ocrx_word' id='word_1_19' title='bbox 515 450 621 503; x_wconf 86' lang='lat' dir='ltr'><strong>eontra</strong></span> <span class='ocrx_word' id='word_1_20' title='bbox 634 442 811 503; x_wconf 82' lang='lat' dir='ltr'><strong>laudatores</strong></span> <span class='ocrx_word' id='word_1_21' title='bbox 826 441 991 516; x_wconf 88' lang='lat' dir='ltr'><strong>ingentium</strong></span> <span class='ocrx_word' id='word_1_22' title='bbox 1007 443 1150 517; x_wconf 89' lang='lat' dir='ltr'><strong>patrimo·</strong></span> 
     </span>
     <span class='ocr_line' id='line_1_4' title="bbox 165 526 1149 601; baseline -0.003 -13"><span class='ocrx_word' id='word_1_23' title='bbox 165 529 284 589; x_wconf 90' lang='lat' dir='ltr'><strong>niorum</strong></span> <span class='ocrx_word' id='word_1_24' title='bbox 315 528 419 588; x_wconf 89' lang='lat' dir='ltr'><strong>laudet</strong></span> <span class='ocrx_word' id='word_1_25' title='bbox 444 543 541 601; x_wconf 89' lang='lat' dir='ltr'><strong>parvo</strong></span> <span class='ocrx_word' id='word_1_26' title='bbox 568 526 690 585; x_wconf 90' lang='lat' dir='ltr'><strong>divitem</strong></span> <span class='ocrx_word' id='word_1_27' title='bbox 721 533 751 586; x_wconf 92' lang='lat' dir='ltr'><strong>et</strong></span> <span class='ocrx_word' id='word_1_28' title='bbox 775 541 836 586; x_wconf 90' lang='lat' dir='ltr'><strong>usu</strong></span> <span class='ocrx_word' id='word_1_29' title='bbox 861 539 938 600; x_wconf 86' lang='lat' dir='ltr'><strong>opes</strong></span> <span class='ocrx_word' id='word_1_30' title='bbox 965 527 1149 587; x_wconf 77' lang='lat' dir='ltr'><strong>metientem.</strong></span> 
     </span>
     <span class='ocr_line' id='line_1_5' title="bbox 165 608 1149 687; baseline -0.004 -14"><span class='ocrx_word' id='word_1_31' title='bbox 165 618 273 673; x_wconf 87' lang='lat' dir='ltr'><strong>contra</strong></span> <span class='ocrx_word' id='word_1_32' title='bbox 293 612 378 684; x_wconf 90' lang='lat' dir='ltr'><strong>illos,</strong></span> <span class='ocrx_word' id='word_1_33' title='bbox 405 612 458 687; x_wconf 89' lang='lat' dir='ltr'><strong>qui</strong></span> <span class='ocrx_word' id='word_1_34' title='bbox 478 612 604 685; x_wconf 89' lang='lat' dir='ltr'><strong>gratiam</strong></span> <span class='ocrx_word' id='word_1_35' title='bbox 626 624 662 669; x_wconf 87' lang='lat' dir='ltr'><strong>ac</strong></span> <span class='ocrx_word' id='word_1_36' title='bbox 681 608 846 684; x_wconf 91' lang='lat' dir='ltr'><strong>potentiam</strong></span> <span class='ocrx_word' id='word_1_37' title='bbox 867 610 1029 683; x_wconf 89' lang='lat' dir='ltr'><strong>adtollunt,</strong></span> <span class='ocrx_word' id='word_1_38' title='bbox 1057 612 1149 672; x_wconf 91' lang='lat' dir='ltr'><strong>otium</strong></span> 
     </span>
     <span class='ocr_line' id='line_1_6' title="bbox 165 692 1149 772; baseline -0.001 -17"><span class='ocrx_word' id='word_1_39' title='bbox 165 695 233 772; x_wconf 93' lang='lat' dir='ltr'><strong>ipse</strong></span> <span class='ocrx_word' id='word_1_40' title='bbox 256 697 407 772; x_wconf 87' lang='lat' dir='ltr'><strong>suspiciat</strong></span> <span class='ocrx_word' id='word_1_41' title='bbox 425 695 567 756; x_wconf 87' lang='lat' dir='ltr'><strong>traditum</strong></span> <span class='ocrx_word' id='word_1_42' title='bbox 588 694 682 754; x_wconf 87' lang='lat' dir='ltr'><strong>literis</strong></span> <span class='ocrx_word' id='word_1_43' title='bbox 703 702 734 754; x_wconf 91' lang='lat' dir='ltr'><strong>et</strong></span> <span class='ocrx_word' id='word_1_44' title='bbox 751 693 884 753; x_wconf 90' lang='lat' dir='ltr'><strong>animum</strong></span> <span class='ocrx_word' id='word_1_45' title='bbox 905 692 943 752; x_wconf 88' lang='lat' dir='ltr'><strong>ab</strong></span> <span class='ocrx_word' id='word_1_46' title='bbox 960 695 1096 755; x_wconf 87' lang='lat' dir='ltr'><strong>externis</strong></span> <span class='ocrx_word' id='word_1_47' title='bbox 1110 695 1149 754; x_wconf 90' lang='lat' dir='ltr'><strong>ad</strong></span> 
     </span>
    </p>

    <p class='ocr_par' dir='ltr' id='par_1_3' title="bbox 122 777 1149 1274">
     <span class='ocr_line' id='line_1_7' title="bbox 122 777 1149 862; baseline -0.003 -21"><span class='ocrx_word' id='word_1_48' title='bbox 122 796 223 862; x_wconf 69' lang='lat' dir='ltr'><strong>qgsua</strong></span> <span class='ocrx_word' id='word_1_49' title='bbox 242 796 410 840; x_wconf 89' lang='lat' dir='ltr'><strong>reversum.</strong></span> <span class='ocrx_word' id='word_1_50' title='bbox 439 779 582 839; x_wconf 90' lang='lat' dir='ltr'><strong>ostendat</strong></span> <span class='ocrx_word' id='word_1_51' title='bbox 601 794 641 838; x_wconf 84' lang='lat' dir='ltr'><strong>ex</strong></span> <span class='ocrx_word' id='word_1_52' title='bbox 663 778 879 838; x_wconf 91' lang='lat' dir='ltr'><strong>constitutione</strong></span> <span class='ocrx_word' id='word_1_53' title='bbox 899 777 982 852; x_wconf 87' lang='lat' dir='ltr'><strong>volgi</strong></span> <span class='ocrx_word' id='word_1_54' title='bbox 996 777 1127 840; x_wconf 88' lang='lat' dir='ltr'><strong>beatos</strong></span> <span class='ocrx_word' id='word_1_55' title='bbox 1119 795 1149 838; x_wconf 92' lang='lat' dir='ltr'><strong>m</strong></span> 
     </span>
     <span class='ocr_line' id='line_1_8' title="bbox 165 859 1149 938; baseline -0.001 -14"><span class='ocrx_word' id='word_1_56' title='bbox 165 864 216 924; x_wconf 94' lang='lat' dir='ltr'><strong>illo</strong></span> <span class='ocrx_word' id='word_1_57' title='bbox 232 863 385 924; x_wconf 89' lang='lat' dir='ltr'><strong>invidioso</strong></span> <span class='ocrx_word' id='word_1_58' title='bbox 401 863 523 937; x_wconf 84' lang='lat' dir='ltr'><strong>fastigio</strong></span> <span class='ocrx_word' id='word_1_59' title='bbox 540 878 597 922; x_wconf 90' lang='lat' dir='ltr'><strong>suo</strong></span> <span class='ocrx_word' id='word_1_60' title='bbox 611 869 776 923; x_wconf 87' lang='lat' dir='ltr'><strong>trementes</strong></span> <span class='ocrx_word' id='word_1_61' title='bbox 788 868 819 921; x_wconf 92' lang='lat' dir='ltr'><strong>et</strong></span> <span class='ocrx_word' id='word_1_62' title='bbox 829 859 984 923; x_wconf 91' lang='lat' dir='ltr'><strong>adtonitos</strong></span> <span class='ocrx_word' id='word_1_63' title='bbox 997 862 1149 938; x_wconf 83' lang='lat' dir='ltr'><strong>longeque</strong></span> 
     </span>
     <span class='ocr_line' id='line_1_9' title="bbox 165 945 1148 1042; baseline -0.002 -34"><span class='ocrx_word' id='word_1_64' title='bbox 165 949 255 1008; x_wconf 89' lang='lat' dir='ltr'><strong>aliam</strong></span> <span class='ocrx_word' id='word_1_65' title='bbox 277 948 316 1007; x_wconf 89' lang='lat' dir='ltr'><strong>de</strong></span> <span class='ocrx_word' id='word_1_66' title='bbox 337 963 372 1007; x_wconf 89' lang='lat' dir='ltr'><strong>se</strong></span> <span class='ocrx_word' id='word_1_67' title='bbox 394 947 569 1022; x_wconf 83' lang='lat' dir='ltr'><strong>opinionem</strong></span> <span class='ocrx_word' id='word_1_68' title='bbox 590 945 738 1006; x_wconf 92' lang='lat' dir='ltr'><strong>habentes</strong></span> <span class='ocrx_word' id='word_1_69' title='bbox 756 961 847 1042; x_wconf 80' lang='lat' dir='ltr'><strong>quam</strong></span> <span class='ocrx_word' id='word_1_70' title='bbox 868 946 907 1005; x_wconf 88' lang='lat' dir='ltr'><strong>ab</strong></span> <span class='ocrx_word' id='word_1_71' title='bbox 926 945 993 1006; x_wconf 89' lang='lat' dir='ltr'><strong>aliis</strong></span> <span class='ocrx_word' id='word_1_72' title='bbox 1011 946 1148 1007; x_wconf 89' lang='lat' dir='ltr'><strong>habetur</strong></span> 
     </span>
     <span class='ocr_line' id='line_1_10' title="bbox 164 1028 1148 1107; baseline -0.002 -16"><span class='ocrx_word' id='word_1_73' title='bbox 164 1047 233 1092; x_wconf 88' lang='lat' dir='ltr'><strong>nam</strong></span> <span class='ocrx_word' id='word_1_74' title='bbox 256 1047 336 1107; x_wconf 92' lang='lat' dir='ltr'><strong>quae</strong></span> <span class='ocrx_word' id='word_1_75' title='bbox 361 1031 428 1091; x_wconf 86' lang='lat' dir='ltr'><strong>aliis</strong></span> <span class='ocrx_word' id='word_1_76' title='bbox 454 1033 581 1092; x_wconf 85' lang='lat' dir='ltr'><strong>excelsa</strong></span> <span class='ocrx_word' id='word_1_77' title='bbox 600 1028 859 1104; x_wconf 83' lang='lat' dir='ltr'><strong>videntur,&#39;1psis</strong></span> <span class='ocrx_word' id='word_1_78' title='bbox 881 1039 1048 1106; x_wconf 89' lang='lat' dir='ltr'><strong>praerupta</strong></span> <span class='ocrx_word' id='word_1_79' title='bbox 1069 1038 1148 1091; x_wconf 91' lang='lat' dir='ltr'><strong>sunt.</strong></span> 
     </span>
     <span class='ocr_line' id='line_1_11' title="bbox 163 1113 1148 1190; baseline 0 -16"><span class='ocrx_word' id='word_1_80' title='bbox 163 1113 268 1190; x_wconf 91' lang='lat' dir='ltr'><strong>itaque</strong></span> <span class='ocrx_word' id='word_1_81' title='bbox 283 1114 494 1176; x_wconf 88' lang='lat' dir='ltr'><strong>exanimantur</strong></span> <span class='ocrx_word' id='word_1_82' title='bbox 508 1122 539 1175; x_wconf 89' lang='lat' dir='ltr'><strong>et</strong></span> <span class='ocrx_word' id='word_1_83' title='bbox 552 1114 716 1190; x_wconf 88' lang='lat' dir='ltr'><strong>trepidant,</strong></span> <span class='ocrx_word' id='word_1_84' title='bbox 738 1114 880 1189; x_wconf 87' lang='lat' dir='ltr'><strong>quotiens</strong></span> <span class='ocrx_word' id='word_1_85' title='bbox 896 1114 1106 1190; x_wconf 86' lang='lat' dir='ltr'><strong>despexerunt</strong></span> <span class='ocrx_word' id='word_1_86' title='bbox 1120 1116 1148 1174; x_wconf 86' lang='lat' dir='ltr'><strong>ln</strong></span> 
     </span>
     <span class='ocr_line' id='line_1_12' title="bbox 164 1197 1148 1274; baseline 0 -17"><span class='ocrx_word' id='word_1_87' title='bbox 164 1197 240 1258; x_wconf 89' lang='lat' dir='ltr'><strong>illud</strong></span> <span class='ocrx_word' id='word_1_88' title='bbox 260 1199 476 1273; x_wconf 82' lang='lat' dir='ltr'><strong>magnitudinis</strong></span> <span class='ocrx_word' id='word_1_89' title='bbox 496 1215 571 1260; x_wconf 92' lang='lat' dir='ltr'><strong>snae</strong></span> <span class='ocrx_word' id='word_1_90' title='bbox 596 1214 757 1274; x_wconf 88' lang='lat' dir='ltr'><strong>praeceps.</strong></span> <span class='ocrx_word' id='word_1_91' title='bbox 790 1199 924 1272; x_wconf 87' lang='lat' dir='ltr'><strong>cogitant</strong></span> <span class='ocrx_word' id='word_1_92' title='bbox 945 1202 1026 1260; x_wconf 93' lang='lat' dir='ltr'><strong>enim</strong></span> <span class='ocrx_word' id='word_1_93' title='bbox 1048 1200 1148 1258; x_wconf 89' lang='lat' dir='ltr'><strong>varios</strong></span> 
     </span>
    </p>

    <p class='ocr_par' dir='ltr' id='par_1_4' title="bbox 119 1282 1151 1936">
     <span class='ocr_line' id='line_1_13' title="bbox 119 1282 1148 1358; baseline -0.001 -16"><span class='ocrx_word' id='word_1_94' title='bbox 119 1295 156 1353; x_wconf 76' lang='lat'><strong>74</strong></span> <span class='ocrx_word' id='word_1_95' title='bbox 165 1298 256 1342; x_wconf 90' lang='lat' dir='ltr'><strong>casus</strong></span> <span class='ocrx_word' id='word_1_96' title='bbox 273 1290 302 1342; x_wconf 94' lang='lat' dir='ltr'><strong>et</strong></span> <span class='ocrx_word' id='word_1_97' title='bbox 317 1284 346 1342; x_wconf 87' lang='lat' dir='ltr'><strong>in</strong></span> <span class='ocrx_word' id='word_1_98' title='bbox 362 1283 482 1343; x_wconf 81' lang='lat' dir='ltr'><strong>sublimi</strong></span> <span class='ocrx_word' id='word_1_99' title='bbox 497 1282 628 1343; x_wconf 84' lang='lat' dir='ltr'><strong>maxime</strong></span> <span class='ocrx_word' id='word_1_100' title='bbox 643 1282 794 1343; x_wconf 82' lang='lat' dir='ltr'><strong>lubricos=</strong></span> <span class='ocrx_word' id='word_1_101' title='bbox 814 1289 886 1343; x_wconf 85' lang='lat' dir='ltr'><strong>tuno</strong></span> <span class='ocrx_word' id='word_1_102' title='bbox 900 1282 1036 1358; x_wconf 85' lang='lat' dir='ltr'><strong>adpetita</strong></span> <span class='ocrx_word' id='word_1_103' title='bbox 1048 1282 1148 1343; x_wconf 86' lang='lat' dir='ltr'><strong>lormi-</strong></span> 
     </span>
     <span class='ocr_line' id='line_1_14' title="bbox 165 1364 1148 1442; baseline 0.001 -17"><span class='ocrx_word' id='word_1_104' title='bbox 165 1367 240 1426; x_wconf 89' lang='lat' dir='ltr'><strong>dant</strong></span> <span class='ocrx_word' id='word_1_105' title='bbox 255 1375 285 1426; x_wconf 94' lang='lat' dir='ltr'><strong>et</strong></span> <span class='ocrx_word' id='word_1_106' title='bbox 299 1364 463 1442; x_wconf 64' lang='lat' dir='ltr'><strong>quaciittcs</strong></span> <span class='ocrx_word' id='word_1_107' title='bbox 480 1382 591 1442; x_wconf 90' lang='lat' dir='ltr'><strong>graves</strong></span> <span class='ocrx_word' id='word_1_108' title='bbox 608 1367 675 1427; x_wconf 90' lang='lat' dir='ltr'><strong>aliis</strong></span> <span class='ocrx_word' id='word_1_109' title='bbox 690 1366 804 1437; x_wconf 86' lang='lat' dir='ltr'><strong>reddit,</strong></span> <span class='ocrx_word' id='word_1_110' title='bbox 821 1367 946 1441; x_wconf 86' lang='lat' dir='ltr'><strong>gravior</strong></span> <span class='ocrx_word' id='word_1_111' title='bbox 960 1367 1038 1442; x_wconf 90' lang='lat' dir='ltr'><strong>ipsis</strong></span> <span class='ocrx_word' id='word_1_112' title='bbox 1056 1365 1148 1426; x_wconf 90' lang='lat' dir='ltr'><strong>letici-</strong></span> 
     </span>
     <span class='ocr_line' id='line_1_15' title="bbox 163 1449 1151 1512; baseline -0.002 -1"><span class='ocrx_word' id='word_1_113' title='bbox 163 1458 211 1512; x_wconf 92' lang='lat' dir='ltr'><strong>tas</strong></span> <span class='ocrx_word' id='word_1_114' title='bbox 227 1450 360 1512; x_wconf 88' lang='lat' dir='ltr'><strong>incubat.</strong></span> <span class='ocrx_word' id='word_1_115' title='bbox 384 1460 456 1512; x_wconf 89' lang='lat' dir='ltr'><strong>tunc</strong></span> <span class='ocrx_word' id='word_1_116' title='bbox 470 1451 596 1512; x_wconf 88' lang='lat' dir='ltr'><strong>laudant</strong></span> <span class='ocrx_word' id='word_1_117' title='bbox 611 1449 704 1511; x_wconf 91' lang='lat' dir='ltr'><strong>otium</strong></span> <span class='ocrx_word' id='word_1_118' title='bbox 719 1452 788 1510; x_wconf 91' lang='lat' dir='ltr'><strong>lene</strong></span> <span class='ocrx_word' id='word_1_119' title='bbox 804 1459 834 1511; x_wconf 90' lang='lat' dir='ltr'><strong>et</strong></span> <span class='ocrx_word' id='word_1_120' title='bbox 848 1451 896 1510; x_wconf 94' lang='lat' dir='ltr'><strong>sui</strong></span> <span class='ocrx_word' id='word_1_121' title='bbox 911 1450 994 1511; x_wconf 88' lang='lat' dir='ltr'><strong>iuris.</strong></span> <span class='ocrx_word' id='word_1_122' title='bbox 1018 1451 1090 1511; x_wconf 91' lang='lat' dir='ltr'><strong>odio</strong></span> <span class='ocrx_word' id='word_1_123' title='bbox 1103 1458 1151 1510; x_wconf 91' lang='lat' dir='ltr'><strong>est</strong></span> 
     </span>
     <span class='ocr_line' id='line_1_16' title="bbox 163 1534 1150 1610; baseline -0.003 -15"><span class='ocrx_word' id='word_1_124' title='bbox 163 1536 265 1610; x_wconf 83' lang='lat' dir='ltr'><strong>fulgor</strong></span> <span class='ocrx_word' id='word_1_125' title='bbox 284 1543 315 1596; x_wconf 91' lang='lat' dir='ltr'><strong>et</strong></span> <span class='ocrx_word' id='word_1_126' title='bbox 335 1537 407 1610; x_wconf 87' lang='lat' dir='ltr'><strong>suga</strong></span> <span class='ocrx_word' id='word_1_127' title='bbox 427 1552 445 1595; x_wconf 91' lang='lat' dir='ltr'><strong>a</strong></span> <span class='ocrx_word' id='word_1_128' title='bbox 465 1537 558 1596; x_wconf 88' lang='lat' dir='ltr'><strong>rebus</strong></span> <span class='ocrx_word' id='word_1_129' title='bbox 580 1534 681 1595; x_wconf 89' lang='lat' dir='ltr'><strong>adhuc</strong></span> <span class='ocrx_word' id='word_1_130' title='bbox 708 1535 859 1596; x_wconf 88' lang='lat' dir='ltr'><strong>stantibus</strong></span> <span class='ocrx_word' id='word_1_131' title='bbox 886 1534 1049 1610; x_wconf 89' lang='lat' dir='ltr'><strong>quaeritur.</strong></span> <span class='ocrx_word' id='word_1_132' title='bbox 1077 1543 1150 1595; x_wconf 89' lang='lat' dir='ltr'><strong>tunc</strong></span> 
     </span>
     <span class='ocr_line' id='line_1_17' title="bbox 163 1617 1149 1695; baseline -0.004 -16"><span class='ocrx_word' id='word_1_133' title='bbox 163 1619 285 1681; x_wconf 90' lang='lat' dir='ltr'><strong>demum</strong></span> <span class='ocrx_word' id='word_1_134' title='bbox 306 1619 414 1680; x_wconf 90' lang='lat' dir='ltr'><strong>videas</strong></span> <span class='ocrx_word' id='word_1_135' title='bbox 437 1617 686 1695; x_wconf 87' lang='lat' dir='ltr'><strong>philosophantis</strong></span> <span class='ocrx_word' id='word_1_136' title='bbox 707 1626 806 1679; x_wconf 91' lang='lat' dir='ltr'><strong>metus</strong></span> <span class='ocrx_word' id='word_1_137' title='bbox 828 1627 859 1680; x_wconf 90' lang='lat' dir='ltr'><strong>et</strong></span> <span class='ocrx_word' id='word_1_138' title='bbox 877 1633 987 1694; x_wconf 81' lang='lat' dir='ltr'><strong>aegrae</strong></span> <span class='ocrx_word' id='word_1_139' title='bbox 1009 1619 1149 1679; x_wconf 80' lang='lat' dir='ltr'><strong>fortunae</strong></span> 
     </span>
     <span class='ocr_line' id='line_1_18' title="bbox 164 1701 1150 1780; baseline -0.002 -18"><span class='ocrx_word' id='word_1_140' title='bbox 164 1719 240 1762; x_wconf 91' lang='lat' dir='ltr'><strong>sana</strong></span> <span class='ocrx_word' id='word_1_141' title='bbox 255 1705 392 1764; x_wconf 89' lang='lat' dir='ltr'><strong>consilia.</strong></span> <span class='ocrx_word' id='word_1_142' title='bbox 415 1720 485 1763; x_wconf 91' lang='lat' dir='ltr'><strong>nam</strong></span> <span class='ocrx_word' id='word_1_143' title='bbox 501 1703 590 1780; x_wconf 90' lang='lat' dir='ltr'><strong>quasi</strong></span> <span class='ocrx_word' id='word_1_144' title='bbox 607 1702 665 1762; x_wconf 87' lang='lat' dir='ltr'><strong>ista</strong></span> <span class='ocrx_word' id='word_1_145' title='bbox 679 1702 757 1762; x_wconf 86' lang='lat' dir='ltr'><strong>inter</strong></span> <span class='ocrx_word' id='word_1_146' title='bbox 769 1719 805 1762; x_wconf 92' lang='lat' dir='ltr'><strong>se</strong></span> <span class='ocrx_word' id='word_1_147' title='bbox 819 1703 969 1763; x_wconf 87' lang='lat' dir='ltr'><strong>contraria</strong></span> <span class='ocrx_word' id='word_1_148' title='bbox 981 1701 1050 1773; x_wconf 86' lang='lat' dir='ltr'><strong>sint,</strong></span> <span class='ocrx_word' id='word_1_149' title='bbox 1066 1702 1150 1761; x_wconf 91' lang='lat' dir='ltr'><strong>bona</strong></span> 
     </span>
     <span class='ocr_line' id='line_1_19' title="bbox 163 1787 1149 1901; baseline -0.002 -54"><span class='ocrx_word' id='word_1_150' title='bbox 163 1788 286 1849; x_wconf 81' lang='lat' dir='ltr'><strong>fortuna</strong></span> <span class='ocrx_word' id='word_1_151' title='bbox 301 1795 330 1849; x_wconf 86' lang='lat' dir='ltr'><strong>et</strong></span> <span class='ocrx_word' id='word_1_152' title='bbox 345 1803 432 1848; x_wconf 92' lang='lat' dir='ltr'><strong>mens</strong></span> <span class='ocrx_word' id='word_1_153' title='bbox 448 1789 545 1860; x_wconf 91' lang='lat' dir='ltr'><strong>hona,</strong></span> <span class='ocrx_word' id='word_1_154' title='bbox 572 1787 613 1847; x_wconf 87' lang='lat' dir='ltr'><strong>ita</strong></span> <span class='ocrx_word' id='word_1_155' title='bbox 633 1787 771 1847; x_wconf 91' lang='lat' dir='ltr'><strong>melius</strong></span> <span class='ocrx_word' id='word_1_156' title='bbox 763 1803 791 1846; x_wconf 92' lang='lat' dir='ltr'><strong>m</strong></span> <span class='ocrx_word' id='word_1_157' title='bbox 815 1787 902 1847; x_wconf 91' lang='lat' dir='ltr'><strong>malis</strong></span> <span class='ocrx_word' id='word_1_158' title='bbox 923 1787 1075 1901; x_wconf 84' lang='lat' dir='ltr'><strong>sapimus·</strong></span> <span class='ocrx_word' id='word_1_159' title='bbox 1101 1801 1149 1846; x_wconf 91' lang='lat' dir='ltr'><strong>se·</strong></span> 
     </span>
     <span class='ocr_line' id='line_1_20' title="bbox 164 1871 690 1936; baseline -0.002 -5"><span class='ocrx_word' id='word_1_160' title='bbox 164 1873 265 1932; x_wconf 88' lang='lat' dir='ltr'><strong>cunda</strong></span> <span class='ocrx_word' id='word_1_161' title='bbox 278 1879 394 1932; x_wconf 90' lang='lat' dir='ltr'><strong>rectum</strong></span> <span class='ocrx_word' id='word_1_162' title='bbox 410 1873 559 1936; x_wconf 78' lang='lat' dir='ltr'><strong>auferunt.</strong></span> <span class='ocrx_word' id='word_1_163' title='bbox 603 1871 690 1930; x_wconf 86' lang='lat' dir='ltr'><strong>Vale.</strong></span> 
     </span>
    </p>
   </div>
   <div class='ocr_carea' id='block_1_3' title="bbox 419 2007 894 2158">
    <p class='ocr_par' dir='ltr' id='par_1_5' title="bbox 419 2007 894 2158">
     <span class='ocr_line' id='line_1_21' title="bbox 470 2007 848 2082; baseline 0.005 -18"><span class='ocrx_word' id='word_1_164' title='bbox 470 2007 687 2066; x_wconf 85' lang='lat' dir='ltr'>EPISTULA</span> <span class='ocrx_word' id='word_1_165' title='bbox 708 2012 752 2069; x_wconf 85' lang='grc' dir='ltr'><strong>ΙΙΙ.</strong></span> <span class='ocrx_word' id='word_1_166' title='bbox 776 2010 848 2082; x_wconf 85' lang='grc'>(95.)</span> 
     </span>
     <span class='ocr_line' id='line_1_22' title="bbox 419 2103 894 2158; baseline 0.008 -4"><span class='ocrx_word' id='word_1_167' title='bbox 419 2103 530 2156; x_wconf 74' lang='lat' dir='ltr'><strong>Seneca</strong></span> <span class='ocrx_word' id='word_1_168' title='bbox 548 2107 659 2156; x_wconf 84' lang='lat' dir='ltr'><strong>Lucum</strong></span> <span class='ocrx_word' id='word_1_169' title='bbox 682 2117 734 2155; x_wconf 89' lang='lat' dir='ltr'><strong>suo</strong></span> <span class='ocrx_word' id='word_1_170' title='bbox 755 2115 894 2158; x_wconf 75' lang='lat' dir='ltr'><strong>sanorum.</strong></span> 
     </span>
    </p>
   </div>
   <div class='ocr_carea' id='block_1_4' title="bbox 96 2205 1152 3546">
    <p class='ocr_par' dir='ltr' id='par_1_6' title="bbox 137 2205 1151 2534">
     <span class='ocr_line' id='line_1_23' title="bbox 137 2205 1149 2283; baseline 0.003 -19"><span class='ocrx_word' id='word_1_171' title='bbox 137 2224 151 2279; x_wconf 85' lang='lat'><em>1</em></span> <span class='ocrx_word' id='word_1_172' title='bbox 225 2207 306 2266; x_wconf 89' lang='lat' dir='ltr'><strong>Petis</strong></span> <span class='ocrx_word' id='word_1_173' title='bbox 322 2224 341 2266; x_wconf 86' lang='lat' dir='ltr'><strong>a</strong></span> <span class='ocrx_word' id='word_1_174' title='bbox 355 2223 412 2280; x_wconf 92' lang='lat' dir='ltr'><strong>me,</strong></span> <span class='ocrx_word' id='word_1_175' title='bbox 429 2214 460 2267; x_wconf 92' lang='lat' dir='ltr'><strong>ut</strong></span> <span class='ocrx_word' id='word_1_176' title='bbox 475 2205 516 2279; x_wconf 88' lang='lat' dir='ltr'><strong>id,</strong></span> <span class='ocrx_word' id='word_1_177' title='bbox 534 2208 620 2283; x_wconf 83' lang='lat' dir='ltr'><strong>quod</strong></span> <span class='ocrx_word' id='word_1_178' title='bbox 635 2209 666 2267; x_wconf 92' lang='lat' dir='ltr'><strong>in</strong></span> <span class='ocrx_word' id='word_1_179' title='bbox 683 2209 764 2268; x_wconf 91' lang='lat' dir='ltr'><strong>diem</strong></span> <span class='ocrx_word' id='word_1_180' title='bbox 780 2224 869 2268; x_wconf 93' lang='lat' dir='ltr'><strong>suum</strong></span> <span class='ocrx_word' id='word_1_181' title='bbox 884 2207 1024 2268; x_wconf 86' lang='lat' dir='ltr'><strong>dixeram</strong></span> <span class='ocrx_word' id='word_1_182' title='bbox 1037 2209 1149 2268; x_wconf 89' lang='lat' dir='ltr'><strong>debere</strong></span> 
     </span>
     <span class='ocr_line' id='line_1_24' title="bbox 163 2288 1149 2367; baseline 0.003 -19"><span class='ocrx_word' id='word_1_183' title='bbox 163 2288 294 2364; x_wconf 81' lang='lat' dir='ltr'><strong>differri,</strong></span> <span class='ocrx_word' id='word_1_184' title='bbox 318 2299 547 2366; x_wconf 86' lang='lat' dir='ltr'><strong>repraesentem</strong></span> <span class='ocrx_word' id='word_1_185' title='bbox 569 2298 599 2351; x_wconf 87' lang='lat' dir='ltr'><strong>et</strong></span> <span class='ocrx_word' id='word_1_186' title='bbox 619 2290 751 2352; x_wconf 89' lang='lat' dir='ltr'><strong>scribam</strong></span> <span class='ocrx_word' id='word_1_187' title='bbox 773 2292 841 2367; x_wconf 89' lang='lat' dir='ltr'><strong>tibi,</strong></span> <span class='ocrx_word' id='word_1_188' title='bbox 867 2307 912 2350; x_wconf 92' lang='lat' dir='ltr'><strong>an</strong></span> <span class='ocrx_word' id='word_1_189' title='bbox 939 2292 1034 2352; x_wconf 90' lang='lat' dir='ltr'><strong>haec</strong></span> <span class='ocrx_word' id='word_1_190' title='bbox 1059 2308 1149 2367; x_wconf 88' lang='lat' dir='ltr'><strong>pars</strong></span> 
     </span>
     <span class='ocr_line' id='line_1_25' title="bbox 163 2373 1150 2451; baseline 0.005 -19"><span class='ocrx_word' id='word_1_191' title='bbox 163 2373 456 2449; x_wconf 87' lang='lat' dir='ltr'><strong>philosophiae,</strong></span> <span class='ocrx_word' id='word_1_192' title='bbox 485 2391 595 2449; x_wconf 88' lang='lat' dir='ltr'><strong>quarn</strong></span> <span class='ocrx_word' id='word_1_193' title='bbox 618 2375 755 2436; x_wconf 87' lang='lat' dir='ltr'><strong>Graeci</strong></span> <span class='ocrx_word' id='word_1_194' title='bbox 782 2378 1057 2451; x_wconf 78' lang='lat' dir='ltr'><strong>paraeneticen</strong></span> <span class='ocrx_word' id='word_1_195' title='bbox 1083 2393 1150 2437; x_wconf 92' lang='lat' dir='ltr'><strong>vo-</strong></span> 
     </span>
     <span class='ocr_line' id='line_1_26' title="bbox 163 2459 1151 2534; baseline 0.002 -16"><span class='ocrx_word' id='word_1_196' title='bbox 163 2466 264 2532; x_wconf 85' lang='lat' dir='ltr'><strong>cant,</strong></span> <span class='ocrx_word' id='word_1_197' title='bbox 293 2475 361 2519; x_wconf 94' lang='lat' dir='ltr'><strong>nos</strong></span> <span class='ocrx_word' id='word_1_198' title='bbox 390 2460 681 2534; x_wconf 83' lang='lat' dir='ltr'><strong>praeceptivam</strong></span> <span class='ocrx_word' id='word_1_199' title='bbox 706 2460 886 2534; x_wconf 80' lang='lat' dir='ltr'><strong>dicimus,</strong></span> <span class='ocrx_word' id='word_1_200' title='bbox 913 2461 1011 2520; x_wconf 91' lang='lat' dir='ltr'><strong>satis</strong></span> <span class='ocrx_word' id='word_1_201' title='bbox 1034 2459 1085 2520; x_wconf 94' lang='lat' dir='ltr'><strong>sit</strong></span> <span class='ocrx_word' id='word_1_202' title='bbox 1106 2461 1151 2520; x_wconf 92' lang='lat' dir='ltr'><strong>ad</strong></span> 
     </span>
    </p>

    <p class='ocr_par' dir='ltr' id='par_1_7' title="bbox 96 2542 1151 2788">
     <span class='ocr_line' id='line_1_27' title="bbox 96 2542 1149 2618; baseline 0 -16"><span class='ocrx_word' id='word_1_203' title='bbox 96 2591 99 2595; x_wconf 93' lang='lat'><strong>.</strong></span> <span class='ocrx_word' id='word_1_204' title='bbox 163 2543 500 2607; x_wconf 89' lang='lat' dir='ltr'><strong>consummandam</strong></span> <span class='ocrx_word' id='word_1_205' title='bbox 529 2543 771 2618; x_wconf 90' lang='lat' dir='ltr'><strong>sapientiam.</strong></span> <span class='ocrx_word' id='word_1_206' title='bbox 822 2542 894 2604; x_wconf 88' lang='lat' dir='ltr'><strong>Seio</strong></span> <span class='ocrx_word' id='word_1_207' title='bbox 923 2553 953 2604; x_wconf 88' lang='lat' dir='ltr'><strong>te</strong></span> <span class='ocrx_word' id='word_1_208' title='bbox 979 2545 1008 2603; x_wconf 94' lang='lat' dir='ltr'><strong>in</strong></span> <span class='ocrx_word' id='word_1_209' title='bbox 1039 2546 1149 2605; x_wconf 88' lang='lat' dir='ltr'><strong>honam</strong></span> 
     </span>
     <span class='ocr_line' id='line_1_28' title="bbox 162 2627 1151 2704; baseline -0.002 -17"><span class='ocrx_word' id='word_1_210' title='bbox 162 2636 280 2702; x_wconf 90' lang='lat' dir='ltr'><strong>partem</strong></span> <span class='ocrx_word' id='word_1_211' title='bbox 295 2637 507 2703; x_wconf 87' lang='lat' dir='ltr'><strong>accepturum,</strong></span> <span class='ocrx_word' id='word_1_212' title='bbox 530 2627 557 2687; x_wconf 87' lang='lat' dir='ltr'><strong>si</strong></span> <span class='ocrx_word' id='word_1_213' title='bbox 579 2642 743 2702; x_wconf 88' lang='lat' dir='ltr'><strong>negavero.</strong></span> <span class='ocrx_word' id='word_1_214' title='bbox 786 2627 832 2688; x_wconf 82' lang='lat' dir='ltr'><strong>Eo</strong></span> <span class='ocrx_word' id='word_1_215' title='bbox 848 2629 945 2703; x_wconf 90' lang='lat' dir='ltr'><strong>magis</strong></span> <span class='ocrx_word' id='word_1_216' title='bbox 963 2631 1105 2704; x_wconf 90' lang='lat' dir='ltr'><strong>promitto</strong></span> <span class='ocrx_word' id='word_1_217' title='bbox 1122 2635 1151 2686; x_wconf 91' lang='lat' dir='ltr'><strong>et</strong></span> 
     </span>
     <span class='ocr_line' id='line_1_29' title="bbox 162 2711 782 2788; baseline 0.003 -19"><span class='ocrx_word' id='word_1_218' title='bbox 162 2713 290 2774; x_wconf 90' lang='lat' dir='ltr'><strong>verbum</strong></span> <span class='ocrx_word' id='word_1_219' title='bbox 305 2711 459 2788; x_wconf 89' lang='lat' dir='ltr'><strong>publicum</strong></span> <span class='ocrx_word' id='word_1_220' title='bbox 476 2711 576 2788; x_wconf 88' lang='lat' dir='ltr'><strong>perire</strong></span> <span class='ocrx_word' id='word_1_221' title='bbox 591 2728 653 2773; x_wconf 94' lang='lat' dir='ltr'><strong>non</strong></span> <span class='ocrx_word' id='word_1_222' title='bbox 668 2713 782 2786; x_wconf 77' lang='lat' dir='ltr'><strong>patior:</strong></span> 
     </span>
    </p>

    <p class='ocr_par' dir='ltr' id='par_1_8' title="bbox 133 2797 1152 3546">
     <span class='ocr_line' id='line_1_30' title="bbox 288 2797 1022 2874; baseline 0.001 -18"><span class='ocrx_word' id='word_1_223' title='bbox 288 2799 392 2856; x_wconf 81' lang='lat' dir='ltr'><strong>Postea</strong></span> <span class='ocrx_word' id='word_1_224' title='bbox 407 2799 470 2856; x_wconf 82' lang='lat' dir='ltr'><strong>noli</strong></span> <span class='ocrx_word' id='word_1_225' title='bbox 481 2814 601 2871; x_wconf 75' lang='lat' dir='ltr'><strong>rogare,</strong></span> <span class='ocrx_word' id='word_1_226' title='bbox 618 2797 699 2872; x_wconf 75' lang='lat' dir='ltr'><strong>quod</strong></span> <span class='ocrx_word' id='word_1_227' title='bbox 713 2799 866 2874; x_wconf 78' lang='lat' dir='ltr'><strong>inpetrare</strong></span> <span class='ocrx_word' id='word_1_228' title='bbox 882 2799 1022 2857; x_wconf 74' lang='lat' dir='ltr'><strong>nolueras.</strong></span> 
     </span>
     <span class='ocr_line' id='line_1_31' title="bbox 133 2879 1150 2957; baseline -0.001 -18"><span class='ocrx_word' id='word_1_229' title='bbox 133 2879 314 2948; x_wconf 73' lang='lat' dir='ltr'><strong>uinterdum</strong></span> <span class='ocrx_word' id='word_1_230' title='bbox 338 2879 417 2937; x_wconf 93' lang='lat' dir='ltr'><strong>enirn</strong></span> <span class='ocrx_word' id='word_1_231' title='bbox 440 2881 530 2939; x_wconf 88' lang='lat' dir='ltr'><strong>enixe</strong></span> <span class='ocrx_word' id='word_1_232' title='bbox 548 2882 679 2957; x_wconf 90' lang='lat' dir='ltr'><strong>petimus</strong></span> <span class='ocrx_word' id='word_1_233' title='bbox 698 2880 745 2953; x_wconf 92' lang='lat' dir='ltr'><strong>id,</strong></span> <span class='ocrx_word' id='word_1_234' title='bbox 770 2881 854 2957; x_wconf 86' lang='lat' dir='ltr'><strong>qnod</strong></span> <span class='ocrx_word' id='word_1_235' title='bbox 869 2896 1101 2953; x_wconf 76' lang='lat' dir='ltr'><strong>recusaremuS‚</strong></span> <span class='ocrx_word' id='word_1_236' title='bbox 1124 2879 1150 2939; x_wconf 88' lang='lat' dir='ltr'><strong>si</strong></span> 
     </span>
     <span class='ocr_line' id='line_1_32' title="bbox 164 2962 1148 3040; baseline 0.003 -18"><span class='ocrx_word' id='word_1_237' title='bbox 164 2963 235 3038; x_wconf 92' lang='lat' dir='ltr'><strong>quis</strong></span> <span class='ocrx_word' id='word_1_238' title='bbox 258 2962 400 3022; x_wconf 88' lang='lat' dir='ltr'><strong>oblerret.</strong></span> <span class='ocrx_word' id='word_1_239' title='bbox 427 2962 503 3024; x_wconf 88' lang='lat' dir='ltr'><strong>haec</strong></span> <span class='ocrx_word' id='word_1_240' title='bbox 525 2966 592 3025; x_wconf 89' lang='lat' dir='ltr'><strong>sive</strong></span> <span class='ocrx_word' id='word_1_241' title='bbox 614 2965 722 3025; x_wconf 89' lang='lat' dir='ltr'><strong>levitas</strong></span> <span class='ocrx_word' id='word_1_242' title='bbox 743 2972 790 3025; x_wconf 93' lang='lat' dir='ltr'><strong>est</strong></span> <span class='ocrx_word' id='word_1_243' title='bbox 812 2967 878 3025; x_wconf 89' lang='lat' dir='ltr'><strong>sive</strong></span> <span class='ocrx_word' id='word_1_244' title='bbox 901 2965 1073 3039; x_wconf 87' lang='lat' dir='ltr'><strong>vernilitas,</strong></span> <span class='ocrx_word' id='word_1_245' title='bbox 1097 2982 1148 3040; x_wconf 92' lang='lat' dir='ltr'><strong>pu·</strong></span> 
     </span>
     <span class='ocr_line' id='line_1_33' title="bbox 164 3045 1150 3122; baseline 0.002 -16"><span class='ocrx_word' id='word_1_246' title='bbox 164 3045 277 3106; x_wconf 88' lang='lat' dir='ltr'><strong>nienda</strong></span> <span class='ocrx_word' id='word_1_247' title='bbox 301 3054 349 3108; x_wconf 89' lang='lat' dir='ltr'><strong>est</strong></span> <span class='ocrx_word' id='word_1_248' title='bbox 374 3049 570 3122; x_wconf 89' lang='lat' dir='ltr'><strong>promittendi</strong></span> <span class='ocrx_word' id='word_1_249' title='bbox 594 3049 747 3110; x_wconf 82' lang='lat' dir='ltr'><strong>facilitate.</strong></span> <span class='ocrx_word' id='word_1_250' title='bbox 775 3052 868 3110; x_wconf 90' lang='lat' dir='ltr'><strong>multa</strong></span> <span class='ocrx_word' id='word_1_251' title='bbox 888 3050 986 3110; x_wconf 91' lang='lat' dir='ltr'><strong>videri</strong></span> <span class='ocrx_word' id='word_1_252' title='bbox 1009 3050 1150 3109; x_wconf 90' lang='lat' dir='ltr'><strong>volumus</strong></span> 
     </span>
     <span class='ocr_line' id='line_1_34' title="bbox 163 3130 1152 3209; baseline 0 -19"><span class='ocrx_word' id='word_1_253' title='bbox 163 3130 257 3205; x_wconf 89' lang='lat' dir='ltr'><strong>velle,</strong></span> <span class='ocrx_word' id='word_1_254' title='bbox 278 3131 335 3191; x_wconf 91' lang='lat' dir='ltr'><strong>sed</strong></span> <span class='ocrx_word' id='word_1_255' title='bbox 359 3134 517 3195; x_wconf 83' lang='lat' dir='ltr'><strong>nolumus:</strong></span> <span class='ocrx_word' id='word_1_256' title='bbox 540 3132 684 3195; x_wconf 91' lang='lat' dir='ltr'><strong>recitator</strong></span> <span class='ocrx_word' id='word_1_257' title='bbox 699 3133 857 3194; x_wconf 90' lang='lat' dir='ltr'><strong>historiam</strong></span> <span class='ocrx_word' id='word_1_258' title='bbox 873 3135 1026 3209; x_wconf 87' lang='lat' dir='ltr'><strong>ingentem</strong></span> <span class='ocrx_word' id='word_1_259' title='bbox 1045 3135 1152 3194; x_wconf 87' lang='lat' dir='ltr'><strong>adtulit</strong></span> 
     </span>
     <span class='ocr_line' id='line_1_35' title="bbox 163 3215 1150 3294; baseline 0.002 -20"><span class='ocrx_word' id='word_1_260' title='bbox 163 3215 365 3276; x_wconf 90' lang='lat' dir='ltr'><strong>minutissime</strong></span> <span class='ocrx_word' id='word_1_261' title='bbox 379 3218 535 3293; x_wconf 86' lang='lat' dir='ltr'><strong>scriptam,</strong></span> <span class='ocrx_word' id='word_1_262' title='bbox 552 3217 704 3279; x_wconf 85' lang='lat' dir='ltr'><strong>artissime</strong></span> <span class='ocrx_word' id='word_1_263' title='bbox 720 3219 886 3294; x_wconf 88' lang='lat' dir='ltr'><strong>plie[a]tam</strong></span> <span class='ocrx_word' id='word_1_264' title='bbox 899 3225 929 3279; x_wconf 92' lang='lat' dir='ltr'><strong>et</strong></span> <span class='ocrx_word' id='word_1_265' title='bbox 941 3234 1053 3293; x_wconf 89' lang='lat' dir='ltr'><strong>magna</strong></span> <span class='ocrx_word' id='word_1_266' title='bbox 1066 3225 1150 3294; x_wconf 88' lang='lat' dir='ltr'><strong>parte</strong></span> 
     </span>
     <span class='ocr_line' id='line_1_36' title="bbox 163 3299 1149 3383; baseline 0.003 -25"><span class='ocrx_word' id='word_1_267' title='bbox 163 3301 313 3374; x_wconf 79' lang='lat' dir='ltr'><strong>perlecta:</strong></span> <span class='ocrx_word' id='word_1_268' title='bbox 328 3299 497 3376; x_wconf 82' lang='lat' dir='ltr'><strong>„desinam</strong></span> <span class='ocrx_word' id='word_1_269' title='bbox 510 3300 619 3383; x_wconf 85' lang='lat' dir='ltr'><strong>inquit,</strong></span> <span class='ocrx_word' id='word_1_270' title='bbox 629 3304 655 3363; x_wconf 95' lang='lat' dir='ltr'><strong>si</strong></span> <span class='ocrx_word' id='word_1_271' title='bbox 668 3304 790 3364; x_wconf 86' lang='lat' dir='ltr'><strong>vultis.“</strong></span> <span class='ocrx_word' id='word_1_272' title='bbox 806 3305 1008 3365; x_wconf 78' lang='lat' dir='ltr'><strong>adclamatum</strong></span> <span class='ocrx_word' id='word_1_273' title='bbox 1027 3304 1149 3377; x_wconf 80' lang='lat' dir='ltr'><strong>„recita</strong></span> 
     </span>
     <span class='ocr_line' id='line_1_37' title="bbox 163 3383 1150 3463; baseline 0.004 -21"><span class='ocrx_word' id='word_1_274' title='bbox 163 3383 276 3443; x_wconf 86' lang='lat' dir='ltr'><strong>recita“</strong></span> <span class='ocrx_word' id='word_1_275' title='bbox 292 3383 329 3443; x_wconf 90' lang='lat' dir='ltr'><strong>ab</strong></span> <span class='ocrx_word' id='word_1_276' title='bbox 345 3385 403 3459; x_wconf 91' lang='lat' dir='ltr'><strong>his,</strong></span> <span class='ocrx_word' id='word_1_277' title='bbox 420 3386 472 3460; x_wconf 87' lang='lat' dir='ltr'><strong>qui</strong></span> <span class='ocrx_word' id='word_1_278' title='bbox 488 3386 570 3447; x_wconf 86' lang='lat' dir='ltr'><strong>illurn</strong></span> <span class='ocrx_word' id='word_1_279' title='bbox 584 3386 797 3448; x_wconf 89' lang='lat' dir='ltr'><strong>obmutescere</strong></span> <span class='ocrx_word' id='word_1_280' title='bbox 809 3388 869 3449; x_wconf 87' lang='lat' dir='ltr'><strong>illio</strong></span> <span class='ocrx_word' id='word_1_281' title='bbox 883 3387 1019 3463; x_wconf 91' lang='lat' dir='ltr'><strong>cupiunt.</strong></span> <span class='ocrx_word' id='word_1_282' title='bbox 1048 3387 1150 3462; x_wconf 87' lang='lat' dir='ltr'><strong>Saepe</strong></span> 
     </span>
     <span class='ocr_line' id='line_1_38' title="bbox 163 3468 1149 3546; baseline 0 -17"><span class='ocrx_word' id='word_1_283' title='bbox 163 3468 247 3532; x_wconf 92' lang='lat' dir='ltr'><strong>aliud</strong></span> <span class='ocrx_word' id='word_1_284' title='bbox 265 3470 422 3544; x_wconf 91' lang='lat' dir='ltr'><strong>volumus,</strong></span> <span class='ocrx_word' id='word_1_285' title='bbox 448 3470 530 3530; x_wconf 89' lang='lat' dir='ltr'><strong>aliud</strong></span> <span class='ocrx_word' id='word_1_286' title='bbox 552 3477 694 3546; x_wconf 89' lang='lat' dir='ltr'><strong>optamus</strong></span> <span class='ocrx_word' id='word_1_287' title='bbox 718 3479 749 3534; x_wconf 89' lang='lat' dir='ltr'><strong>et</strong></span> <span class='ocrx_word' id='word_1_288' title='bbox 771 3487 936 3533; x_wconf 82' lang='lat' dir='ltr'><strong>verumne</strong></span> <span class='ocrx_word' id='word_1_289' title='bbox 958 3472 1006 3533; x_wconf 90' lang='lat' dir='ltr'><strong>dis</strong></span> <span class='ocrx_word' id='word_1_290' title='bbox 1027 3472 1149 3546; x_wconf 88' lang='lat' dir='ltr'><strong>quidem</strong></span> 
     </span>
    </p>
   </div>
   <div class='ocr_carea' id='block_1_5' title="bbox 0 0 1216 3862">
    <p class='ocr_par' dir='ltr' id='par_1_9' title="bbox 0 0 1216 3862">
     <span class='ocr_line' id='line_1_39' title="bbox 0 0 1216 3862; baseline 0 0"><span class='ocrx_word' id='word_1_291' title='bbox 0 0 1216 3862; x_wconf 95' lang='lat' dir='ltr'><strong> </strong></span> 
     </span>
    </p>
   </div>
  </div>
 </body>
</html>
