2422 3862
188 241 468 304 naissitanos.
490 241 624 301 LIB.XI.
647 241 704 300 ΕΡ.
715 249 741 303 3.
764 245 835 316 (82)
939 239 1002 306 217

65 398 107 470 is,
124 404 156 457 ut
170 396 263 457 totius
275 395 374 470 gentis
386 394 503 455 ruinam
516 392 642 454 obiectis
655 394 836 470 corporibus
848 397 1004 472 excipiant

71 481 132 541 vita
155 481 258 556 potius
278 495 380 555 quam
393 480 462 539 loco
484 478 613 537 cedant?
646 476 746 538 dices:
772 480 877 553 „quod
892 483 1003 543 molum

65 610 82 637 ,,
97 563 266 639 gloriosum
281 578 342 623 non
359 569 414 622 est.
438 577 521 622 mors
534 562 670 635 glorioso
684 569 745 622 est:
759 562 843 625 mors
856 579 929 639 ergo
941 583 1003 626 non

65 650 175 708 dunr‘t
204 646 227 708 0
251 647 409 708 efficacem
431 645 626 708 concionem!
651 644 720 720 quis
737 646 901 720 posthanc
916 648 1002 710 dubi-

77 747 114 792 se
128 728 248 792 infestis
264 731 403 805 ingerere
418 727 615 792 mucronibus
638 737 667 788 et
681 738 766 790 stans
781 730 873 790 morit
899 731 939 791 At
953 731 1003 793 illc

65 815 174 877 onidas
196 831 287 890 quam
308 813 424 874 fortiter
439 815 508 874 illos
523 812 685 873 adlocutus
701 814 761 878 est!
788 812 875 888 ‚‚Sic,
898 815 1003 891 inquit,

65 900 253 972 mmilltones‚
270 898 417 972 prandete
428 903 584 971 tamquam
594 897 677 972 apud
688 897 803 958 interos
816 899 1005 959 coenaturi.“

65 1001 88 1042 n
117 983 146 1041 in
176 998 229 1042 ore
251 980 345 1040 crevit
366 981 467 1054 cibus,
496 996 556 1040 non
576 980 675 1041 haesit
699 979 729 1039 in
753 981 907 1055 faucibus,
942 998 1004 1043 non

65 1083 148 1142 ipsus
171 1073 218 1125 est
237 1065 391 1124 manibus:
415 1067 531 1123 alacres
554 1071 584 1125 et
603 1065 642 1124 od
658 1064 817 1139 prandium
834 1066 875 1125 illi
891 1067 1003 1141 promi-

65 1157 128 1210 runt
148 1149 237 1210 etad
257 1164 395 1208 coenam.
426 1147 525 1221 Quidt
553 1147 617 1207 dux
634 1147 684 1207 ille
696 1148 869 1222 Romanus,
892 1151 944 1225 qui
965 1149 1048 1218 adan

65 1233 236 1308 uupandum
264 1234 365 1293 locum
386 1231 497 1292 milites
522 1231 650 1306 missua,
677 1247 745 1291 cum
772 1247 827 1307 per
851 1233 1005 1310 ingentem

65 1318 155 1378 stium
176 1316 343 1377 exercitum
362 1313 430 1376 ituri
454 1322 573 1388 essent,
595 1315 641 1376 sic
660 1315 822 1377 adlocutus
843 1325 906 1378 est:
927 1318 1004 1391 ‚,Ire‚

65 1399 260 1473 mmilitones,
286 1399 338 1459 illo
362 1414 494 1460 necesse
514 1405 576 1473 est,
597 1399 680 1460 unde
699 1399 800 1459 redire
815 1417 877 1462 non
891 1409 939 1462 est
953 1416 1005 1460 ne-

65 1489 143 1545 sse.“
182 1445 294 1557 Vidm,
326 1499 417 1558 quarn
443 1483 574 1558 simplex
599 1489 630 1542 et
650 1483 817 1557 imperiosa
838 1484 939 1544 virtus
951 1484 1005 1544 stt

65 1585 112 1629 em
133 1566 306 1628 mortalium
326 1567 626 1669 circumscriptiones
647 1573 769 1626 vestrae
791 1564 945 1627 fortiorem
962 1568 1006 1626 la-

65 1669 107 1725 r,e
132 1667 223 1727 quem
245 1631 421 1711 erectioi'e'm
444 1657 597 1726 possuntt
623 1651 766 1724 frangunt
784 1648 932 1721 animum,
941 1650 1007 1727 .qui

65 1751 188 1810 mquam
203 1735 303 1795 minus
319 1734 545 1795 conuehendus
561 1741 610 1794 ast
622 1740 652 1793 et
664 1733 694 1792 in
705 1734 821 1794 minuta
831 1750 868 1794 ac
879 1734 1008 1810 spinosa

65 1820 200 1894 gendos,
230 1833 322 1894 quarn
343 1834 411 1879 cum
433 1818 549 1893 aliquid
571 1817 688 1892 grande
709 1817 900 1893 conponitur.
940 1818 1051 1878 Nonae

65 1903 182 1974 centis,
209 1902 267 1962 sed
287 1903 428 1963 omnibus
447 1901 624 1962 mortalibus
646 1903 751 1961 mortis
776 1902 866 1962 timor
890 1900 1007 1961 detrahi

64 1987 125 2048 bet.
157 1987 312 2061 quomodo
326 1988 396 2047 illos
412 1988 508 2046 doces
524 1987 636 2046 malum
651 2002 711 2046 non
728 1992 821 2046 esset
849 1985 1006 2061 quomodo

67 2069 188 2131 iniones
206 2072 300 2131 totius
314 2071 399 2145 aevi,
422 2069 535 2146 quibus
555 2068 694 2144 protinus
715 2069 842 2130 infantia
855 2068 1007 2143 imbuitur,

65 2155 164 2214 incist
192 2154 276 2229 quod
298 2156 444 2215 auxilium
464 2153 605 2215 invenis?
627 2154 701 2229 quid
724 2154 800 2215 dicis
822 2152 1008 2214 inbecillitati

66 2244 198 2299 manaet
226 2238 302 2313 quid
322 2239 414 2310 dicis,
438 2255 499 2313 quo
514 2237 689 2298 inflammati
712 2238 741 2298 in
757 2239 857 2299 media
871 2237 1009 2313 periculo

65 2329 166 2384 uantt
196 2338 256 2396 qua
278 2322 417 2384 oratione
436 2322 519 2383 hunc
533 2323 659 2382 timendi
673 2337 875 2396 consensum,
898 2321 1008 2397 quibus

65 2405 137 2481 genii
152 2405 267 2465 viribus
289 2406 433 2467 obnixam
448 2415 604 2473 contrata
625 2406 859 2481 persuasionem
885 2404 1011 2465 humani

65 2488 147 2550 neris
163 2490 299 2549 avertis?
319 2491 415 2551 verbo
428 2490 500 2550 mih-i
515 2491 656 2565 captiosa
671 2491 822 2566 conponis
837 2496 867 2548 et
881 2489 1008 2548 interro-

64 2574 216 2633 tiunculas
227 2573 346 2633 nectis‘t
365 2573 484 2648 Magnis
499 2575 568 2633 telis
579 2586 689 2648 magna
700 2580 841 2649 portenta
853 2571 1009 2632 feriuntur.

65 2663 206 2732 rpentem
225 2655 306 2716 illum
326 2656 356 2716 iu
371 2657 476 2717 Africa
491 2672 615 2718 saevam
629 2664 661 2716 et
674 2657 820 2717 Romanis
838 2654 1052 2731 legionibusat

65 2741 107 2800 llo
128 2739 198 2816 ipso
221 2739 432 2801 terribiliorem
455 2743 568 2802 trustra
588 2740 706 2815 sagittis
728 2739 893 2815 fundisque
915 2737 1010 2814 petle-

65 2831 102 2884 nt.
128 2835 172 2883 ne
193 2824 303 2901 Pythio
332 2825 455 2899 quidem
480 2824 677 2886 vulnerabilis
702 2831 781 2899 erat,
809 2840 879 2884 cum
901 2824 1010 2898 ingens

65 2907 204 2983 ignitudo
224 2922 281 2982 pro
302 2910 444 2970 vastitate
465 2909 606 2985 corporis
630 2907 732 2969 solida
752 2909 866 2969 terrum
879 2913 910 2968 et
926 2905 1010 2982 quic·

65 2991 101 3051 lid
121 2991 272 3050 humanae
293 2999 445 3055 torserant
466 3010 575 3054 manus
595 2993 739 3053 micaret:
769 2991 936 3052 molaribus
957 2990 1009 3050 da·

65 3091 106 3135 rm
122 3075 219 3135 lracta
233 3074 318 3135 saxis
334 3084 395 3137 esta
419 3085 449 3138 et
463 3078 614 3138 aduersus
629 3085 757 3137 mortem
771 3084 803 3136 tu
817 3083 878 3136 tarn
887 3073 1011 3135 minuta

65 3159 191 3219 tularlst
212 3159 323 3220 subula
337 3161 457 3223 leonem
472 3161 613 3237 aucipist
638 3160 738 3221 Acuta
753 3168 824 3222 sunt
837 3160 917 3232 ister
930 3172 1011 3232 quae

65 3241 123 3304 cist
152 3241 225 3302 nihil
240 3249 291 3303 est
302 3244 421 3305 acutius
437 3245 539 3306 arista.
571 3243 727 3318 Quaedam
741 3241 858 3304 inutilia
872 3239 1010 3302 ctinelfl·

65 3323 113 3385 cia
127 3326 197 3400 ipsa
212 3325 363 3387 subtilitas
376 3328 485 3389 reddit
514 3328 602 3388 Vale.

415 3500 630 3519 —nn-—dffl
