2422 3862
149 225 174 266 x
544 204 779 262 PRAEFATIO.

151 357 224 399 cutus
240 363 312 410 sum,
330 354 358 397 ut
377 346 574 396 vetustissimam
593 347 715 409 cuiusque
738 345 788 396 loci
807 347 959 411 scripturam
979 348 1128 415 indagarem

151 418 183 468 ab
199 417 247 468 hac
263 416 463 467 emendationem
481 415 612 479 proticisci
629 414 720 466 vellem
729 451 737 476 ,
758 431 787 466 ao
804 423 937 480 praeterea
949 417 1080 482 propriam
1094 417 1134 468 Ser

150 502 195 538 cae
213 486 314 549 dicendi
334 484 544 535 consuetudinem
568 485 679 546 itemque
703 486 759 534 eins
781 485 960 534 consiliumet
978 485 1091 536 ordinem
1111 487 1134 537 di

150 563 239 622 genter
256 550 457 613 considerarem,
476 552 592 604 effecisse
610 552 673 602 mihi
686 553 789 612 videor,
809 561 836 602 ut
854 557 905 602 iam
922 553 1003 603 multo
1019 556 1124 622 propius

150 639 236 675 veram
254 624 367 674 Senecae
382 623 534 687 scripturam
549 624 740 672 accesserimus·
777 623 864 685 ltaque
887 622 957 673 haud
980 637 1036 672 raro
1057 640 1123 686 quae

149 694 331 744 vetustissimis
356 691 428 742 libris
453 699 525 751 sunt,
552 706 668 754 quaeque
692 705 812 756 magnam
836 699 935 757 partem
958 691 1066 742 iickerti
1092 710 1134 759 opt

150 763 331 830 cognovimus,
351 763 449 825 primus
468 761 576 821 restitui,
596 775 652 810 curn
668 759 750 810 adhuc
769 762 863 809 iniuria
879 760 995 825 neglecta
1012 770 1111 827 essent;
1131 765 1134 811 ἰ

149 840 188 882 ter
205 846 270 894 quae
289 831 382 881 eminet
399 829 560 894 praeclarum
580 827 644 879 illud
665 828 910 895 philosophiae
936 831 1000 880 sive
1024 829 1134 881 nive's

148 901 200 959 48,
221 899 255 951 10
273 898 333 965 (5),
359 899 590 963 siurisprndentis
611 898 777 958 translatum,
807 899 879 948 cuius
897 900 1062 965 exceptiones
1080 901 1134 950 eadt

149 967 261 1019 formula
279 967 452 1034 appellaverat
471 967 522 1019 Gic.
538 969 625 1032 proA.
637 966 746 1017 Caecina
761 983 786 1016 c.
806 967 848 1018 23.
866 968 912 1018 sed
926 976 954 1017 ut
970 969 1066 1034 insigni
1083 985 1134 1020 exe:

148 1037 193 1103 plo
211 1037 378 1102 intelligetur,
403 1052 479 1099 quam
501 1038 608 1103 turpiter
632 1050 710 1101 saepe
725 1035 863 1086 adulterata
888 1036 965 1087 luerit
983 1035 1095 1088 Senecae
1114 1055 1134 1088 ot

148 1107 199 1168 tio,
219 1120 321 1172 appono
338 1106 485 1171 scripturam
501 1104 571 1156 illius
590 1106 641 1155 loci
659 1105 802 1171 vulgatam:
825 1105 885 1155 Hoc
902 1105 939 1155 ad
953 1122 1067 1157 amimam
1084 1107 1134 1158 bort

149 1176 216 1226 itur?
248 1175 302 1239 Per
320 1175 389 1225 istud
406 1174 577 1239 philosophiae
594 1183 653 1225 sunt
669 1176 759 1240 nigrae
780 1182 805 1224 et
823 1181 912 1238 turpes
928 1176 1082 1241 infamesque
1098 1181 1134 1228 eti

149 1245 186 1294 ad
202 1243 443 1310 accrescentibus
456 1248 625 1308 exceptiones,
663 1243 730 1305 Quid
744 1245 807 1293 euim
825 1251 872 1293 ete.
892 1244 961 1305 quod
976 1245 1020 1307 qui
1039 1248 1131 1312 excogi

150 1315 199 1376 vit,
218 1314 241 1362 is
259 1313 335 1378 credo
354 1314 430 1364 etiam
449 1315 597 1380 ingeniosus
611 1315 660 1364 sibi
680 1314 750 1362 visus
775 1319 828 1370 est,
854 1313 924 1376 quod
946 1311 1053 1362 album
1078 1322 1134 1364 etn

149 1396 227 1449 gras
252 1382 435 1432 sententias
463 1384 596 1433 coniunxit
619 1383 734 1432 acumine
763 1380 862 1431 scilieet
884 1381 978 1447 puerili
1000 1389 1024 1431 et
1048 1383 1134 1434 absuri

148 1450 207 1502 Alia
225 1450 343 1518 exempla
361 1453 493 1503 restitutae
516 1452 609 1502 veteris
631 1452 770 1516 scripturae
788 1464 866 1516 supra
889 1452 940 1500 iam
958 1466 1134 1503 commemora*

148 1521 194 1570 sed
212 1520 367 1587 frequentius
381 1521 407 1569 in
425 1522 551 1587 corruptis
569 1520 631 1570 locis
651 1520 679 1570 id
700 1520 769 1583 quod
787 1534 873 1569 verum
892 1527 946 1581 est,
969 1522 1077 1584 reperiri
1091 1530 1116 1572 et

148 1590 256 1640 sissima
275 1591 413 1640 mutatione
437 1591 536 1641 restitui
554 1591 636 1654 potuit
655 1589 815 1639 considerata
835 1589 972 1654 diligenter
995 1592 1135 1642 vetustissir

148 1659 203 1710 vitii
220 1657 317 1727 ¹iorma,
344 1658 424 1710 veluti
451 1674 491 1724 ep.
511 1657 558 1718 59,
578 1657 611 1708 14
630 1656 688 1722 (12)
714 1659 832 1722 repositis
854 1657 960 1708 vecibus
978 1657 1077 1720 idest,
1106 1676 1134 1723 qu

148 1737 207 1778 sunt
226 1729 253 1776 in
267 1728 385 1793 plurimis
404 1735 428 1776 et
442 1727 545 1793 optimis
564 1726 646 1787 libris,
666 1742 744 1777 unum
762 1727 817 1777 leve
836 1736 967 1791 supererat
984 1728 1082 1788 vitium,
1102 1745 1135 1792 qu

148 1797 244 1858 codicis
261 1812 287 1862 p.
307 1811 356 1864 ope
373 1797 503 1846 inventum
522 1805 572 1855 est;
598 1798 623 1845 iu
648 1812 697 1860 quo
721 1811 778 1846 curn
801 1810 853 1846 non
876 1797 919 1860 qui
935 1795 1035 1860 legatur
1052 1808 1134 1861 posta

146 1881 201 1925 raa,
221 1867 268 1915 sed
284 1858 431 1946 cim'fpcile
450 1864 498 1932 duit
513 1867 638 1932 corrigere
656 1868 711 1922 oia:
729 1865 763 1920 el.
781 1864 848 1915 Dial.
857 1864 904 1914 VH
909 1901 917 1925 ,
935 1864 960 1925 1,
978 1865 1002 1915 l.
1016 1865 1089 1931 Virg.
1103 1869 1134 1919 Aa

147 1935 178 1993 11,
190 1933 251 1988 739.
272 1935 357 1998 itaque
375 1935 578 1999 interpunctione
594 1936 670 1988 etiam
688 1941 756 1985 recte
771 1941 867 1983 mutata
881 1933 937 1984 loco
956 1935 1068 1998 pessime
1083 1935 1134 1986 luxt

148 2005 195 2052 sua
212 2003 329 2059 restituta
349 2010 387 2054 est
403 2003 535 2070 integritas
555 2012 580 2054 et
599 2004 766 2054 concinnitas.
792 2003 840 2067 Ep.
859 2001 906 2060 61,
925 2003 950 2053 1.
969 2002 1047 2052 multo
1065 2003 1134 2055 facili

149 2079 201 2122 erat
217 2085 262 2136 pro
281 2073 348 2121 volui
363 2085 486 2135 reponere
497 2074 573 2130 nolui,
588 2087 663 2135 quam
681 2072 721 2123 vel
734 2072 791 2121 nolo
805 2073 926 2136 procelle
944 2073 1054 2123 scribere
1071 2074 1134 2124 vele

148 2141 207 2190 dere
224 2155 274 2191 non
291 2147 336 2189 aut
354 2140 428 2188 etiam
446 2156 478 2191 ne
494 2141 592 2192 uidear.
610 2142 657 2206 Ep.
678 2140 721 2206 66,
739 2138 771 2190 18
790 2139 858 2201 quod
876 2147 914 2189 est
932 2142 957 2190 in
975 2143 1079 2206 optimis
1098 2143 1133 2194 lib

147 2210 220 2260 dulce
236 2223 291 2267 esse
306 2212 422 2267 temera,
442 2224 491 2275 ego
509 2225 565 2261 cum
584 2209 698 2259 Fickerto
714 2207 852 2259 delendam
870 2223 921 2258 non
939 2213 1092 2275 suscipiam:
1111 2230 1134 2264 ct

147 2278 243 2329 iectura
262 2286 346 2327 autem
367 2276 436 2327 nulla
451 2277 534 2328 lenior
549 2285 575 2329 et
593 2281 675 2344 aptior
689 2278 789 2330 videtur
808 2292 883 2340 quam
902 2282 1005 2330 torreri.
1024 2281 1072 2346 Ep.
1090 2281 1133 2343 67,

147 2346 193 2412 (7)
210 2356 358 2412 ecorrupta
375 2362 438 2397 voce
454 2363 537 2409 nante,
562 2362 627 2410 quae
651 2355 688 2396 est
706 2347 733 2396 in
750 2362 768 2412 p
786 2348 818 2407 P,
845 2363 892 2414 ego
911 2363 961 2397 una
979 2349 1066 2399 addita
1085 2350 1134 2401 litu

146 2417 195 2466 leci
212 2430 313 2480 nemper
332 2431 390 2466 nam
406 2416 474 2479 quod
492 2417 536 2467 alii
552 2417 702 2466 invenerunt
716 2432 809 2476 numne,
829 2417 891 2467 idat
904 2418 1013 2468 discedit
1030 2418 1133 2485 longius

141 2487 179 2536 ‚ab
199 2501 248 2536 usu
267 2483 379 2535 Senecae
396 2484 504 2540 alienum
523 2493 574 2549 est,
592 2500 639 2535 nec
653 2485 722 2535 credi
741 2486 862 2546 debebat,
881 2488 941 2549 quia
955 2490 1080 2538 antecedit
1090 2493 1134 2540 intr

145 2570 208 2621 rogo
227 2556 348 2616 verbum,
368 2555 425 2604 ideo
445 2555 655 2619 interrogativum
676 2555 786 2618 aliquam
811 2570 899 2606 vocatu
917 2558 1023 2619 requiri;
1048 2560 1134 2608 nimiu

147 2639 212 2687 quae
230 2623 391 2688 philosophis
409 2631 447 2672 eet
463 2624 641 2689 interrogatio,
656 2639 707 2675 neu
723 2634 761 2676 est
778 2625 966 2690 grammaticis3
988 2626 1041 2675 vid.
1064 2643 1105 2691 ep.
1123 2630 1134 2678 t

147 2695 172 2746 5.
187 2692 228 2744 10.
240 2691 283 2753 62,
293 2692 318 2742 3.
333 2691 374 2742 10.
384 2693 433 2744 bis.
444 2691 485 2744 19.
497 2691 540 2743 23.
551 2691 594 2753 63,
608 2693 633 2746 9.
645 2693 687 2748 11.
698 2694 741 2756 85,
755 2695 780 2746 1.
792 2695 835 2745 24.
845 2693 889 2753 87,
901 2692 942 2748 11.
955 2694 997 2746 35.
1008 2697 1057 2746 bis.
1069 2697 1134 2747 361

147 2761 207 2818 102,
223 2762 248 2810 4.
276 2761 373 2811 Deinde
388 2775 428 2826 ep.
440 2760 487 2815 69.
509 2762 521 2811 1
542 2763 598 2827 sine
614 2764 758 2829 suspicione
776 2764 922 2831 legebatur:
945 2764 1052 2815 Mutare
1068 2774 1093 2816 te
1112 2768 1134 2817 lo

146 2839 172 2880 et
197 2831 223 2880 in
247 2832 321 2881 elium
343 2829 374 2881 de
400 2831 450 2881 alio
473 2833 614 2883 transsilire
637 2835 710 2892 aolo;
733 2834 779 2883 sed
801 2847 859 2882 cum
883 2833 909 2880 iu
927 2833 960 2882 de
977 2837 1134 2899 praepositio

146 2899 292 2965 haererem,
307 2903 432 2951 succurrit
450 2916 467 2965 p
484 2901 577 2951 codicis
595 2901 721 2967 scriptura
740 2903 793 2956 aF.
812 2917 862 2952 non
881 2908 981 2951 notatur
1000 2911 1024 2952 et
1043 2906 1117 2954 aliurn

146 2970 233 3027 alium,
261 2969 355 3019 omissa
381 2972 407 3020 in
433 2971 635 3036 praepositione,
660 2971 729 3035 quod
753 2985 802 3021 uon
826 2971 997 3034 spernendum
1021 2975 1104 3022 visum
1130 2993 1134 3022 t

146 3052 299 3100 quamquam
322 3036 416 3089 multos
437 3040 492 3097 eius
513 3038 615 3097 libriin
639 3042 743 3091 vocibus
762 3047 787 3089 et
803 3041 828 3089 io
846 3040 988 3099 scribendis
1005 3057 1102 3091 errores
1123 3060 1134 3093 o

145 3107 260 3166 servavi3
281 3109 354 3225 alpem
371 3123 417 3172 pro
443 3110 494 3161 alio
513 3109 635 3174 scriptum
657 3111 719 3167 item
742 3109 804 3161 vitio
822 3107 908 3158 inille
928 3109 984 3160 cod.
1001 3109 1071 3161 haud
1090 3113 1134 3161 iuli

145 3176 242 3236 qnanti;
268 3190 344 3239 quae
365 3177 441 3228 lacile
465 3177 554 3243 credas
569 3180 704 3244 scripsisse
722 3177 844 3229 Senecam
868 3186 899 3228 et
923 3179 1057 3228 aliunde
1084 3182 1128 3230 ali

145 3242 181 3291 its
200 3243 267 3295 enim
280 3245 357 3305 solet;
374 3248 425 3301 vid.
445 3263 485 3314 ep.
501 3246 544 3306 64,
564 3250 590 3299 2.
610 3247 652 3312 66,
672 3247 714 3317 34.
734 3246 792 3307 123,
811 3243 837 3300 6.
858 3245 924 3299 Dial.
942 3247 976 3307 X,
996 3248 1036 3306 16,
1055 3252 1080 3298 4.
1108 3250 1130 3298 X

145 3309 171 3374 6,
190 3312 215 3360 7.
232 3312 259 3364 8.
279 3313 335 3379 Nat.
356 3315 468 3376 Quaestt.
491 3317 539 3376 III,
567 3318 614 3377 ll,
639 3317 663 3373 1.
699 3315 821 3373 Similiter
839 3317 938 3369 correxi
957 3317 1040 3366 locum
1060 3333 1101 3382 ep.
1124 3321 1134 3370 2

148 3377 262 3447 1502).
282 3385 326 3452 uiri
345 3386 370 3441 in
386 3386 444 3445 edd.
463 3391 529 3436 erat:
546 3387 590 3436 illa
607 3385 724 3438 danobis
741 3387 860 3451 conqueri
878 3385 959 3437 debet.
986 3387 1032 3436 scd
1057 3403 1114 3437 cum

144 3447 217 3498 codd.
231 3450 345 3516 plurimis
364 3463 389 3505 et
406 3454 509 3520 optimis
523 3453 555 3504 de
565 3455 718 3521 praepositio
736 3469 785 3505 non
801 3463 901 3518 reperta
913 3456 958 3514 sit,
972 3470 1017 3504 cen
1038 3464 1122 3506 autern
