<?xml version="1.0" encoding="UTF-8"?>
<!DOCTYPE html PUBLIC "-//W3C//DTD XHTML 1.0 Transitional//EN"
    "http://www.w3.org/TR/xhtml1/DTD/xhtml1-transitional.dtd">
<html xmlns="http://www.w3.org/1999/xhtml" xml:lang="en" lang="en">
 <head>
  <title>
</title>
<meta http-equiv="Content-Type" content="text/html;charset=utf-8" />
  <meta name='ocr-system' content='tesseract 3.04.00' />
  <meta name='ocr-capabilities' content='ocr_page ocr_carea ocr_par ocr_line ocrx_word'/>
</head>
<body>
  <div class='ocr_page' id='page_1' title='image "./lannaeisenecaeo06senegoog_0449.png"; bbox 0 0 2422 3862; ppageno 0'>
   <div class='ocr_carea' id='block_1_1' title="bbox 137 212 820 283">
    <p class='ocr_par' dir='ltr' id='par_1_1' title="bbox 137 212 820 283">
     <span class='ocr_line' id='line_1_1' title="bbox 137 212 820 283; baseline -0.015 -1"><span class='ocrx_word' id='word_1_1' title='bbox 137 218 203 283; x_wconf 77' lang='lat'>414</span> <span class='ocrx_word' id='word_1_2' title='bbox 428 215 461 273; x_wconf 84' lang='lat' dir='ltr'>L.</span> <span class='ocrx_word' id='word_1_3' title='bbox 481 213 626 274; x_wconf 83' lang='lat' dir='ltr'>ANNAEI</span> <span class='ocrx_word' id='word_1_4' title='bbox 646 212 820 277; x_wconf 78' lang='lat' dir='ltr'>SENECAE</span> 
     </span>
    </p>
   </div>
   <div class='ocr_carea' id='block_1_2' title="bbox 30 363 1120 3035">
    <p class='ocr_par' dir='ltr' id='par_1_2' title="bbox 30 363 1120 3035">
     <span class='ocr_line' id='line_1_2' title="bbox 109 363 1117 439; baseline -0.006 -9"><span class='ocrx_word' id='word_1_5' title='bbox 109 372 169 439; x_wconf 74' lang='lat' dir='ltr'>sin</span> <span class='ocrx_word' id='word_1_6' title='bbox 182 370 250 431; x_wconf 91' lang='lat' dir='ltr'>aliis</span> <span class='ocrx_word' id='word_1_7' title='bbox 264 367 450 429; x_wconf 76' lang='lat' dir='ltr'>annualibus·</span> <span class='ocrx_word' id='word_1_8' title='bbox 461 364 583 427; x_wconf 83' lang='lat' dir='ltr'>tardior.</span> <span class='ocrx_word' id='word_1_9' title='bbox 614 364 708 439; x_wconf 79' lang='lat' dir='ltr'>Quid,</span> <span class='ocrx_word' id='word_1_10' title='bbox 730 365 756 424; x_wconf 93' lang='lat' dir='ltr'>si</span> <span class='ocrx_word' id='word_1_11' title='bbox 772 363 841 439; x_wconf 89' lang='lat' dir='ltr'>quis</span> <span class='ocrx_word' id='word_1_12' title='bbox 855 364 946 423; x_wconf 87' lang='lat' dir='ltr'>vellet</span> <span class='ocrx_word' id='word_1_13' title='bbox 961 379 1023 424; x_wconf 92' lang='lat' dir='ltr'>non</span> <span class='ocrx_word' id='word_1_14' title='bbox 1039 378 1117 424; x_wconf 89' lang='lat' dir='ltr'>oeu-</span> 
     </span>
     <span class='ocr_line' id='line_1_3' title="bbox 139 444 1116 531; baseline -0.01 -16"><span class='ocrx_word' id='word_1_15' title='bbox 139 455 193 531; x_wconf 87' lang='lat' dir='ltr'>lis,</span> <span class='ocrx_word' id='word_1_16' title='bbox 215 454 271 515; x_wconf 88' lang='lat' dir='ltr'>sed</span> <span class='ocrx_word' id='word_1_17' title='bbox 293 459 373 512; x_wconf 86' lang='lat' dir='ltr'>tactu</span> <span class='ocrx_word' id='word_1_18' title='bbox 395 450 514 511; x_wconf 84' lang='lat' dir='ltr'>minuta.</span> <span class='ocrx_word' id='word_1_19' title='bbox 528 450 726 511; x_wconf 80' lang='lat' dir='ltr'>discerneret</span> <span class='ocrx_word' id='word_1_20' title='bbox 753 446 891 513; x_wconf 83' lang='lat' dir='ltr'>subtilior</span> <span class='ocrx_word' id='word_1_21' title='bbox 912 447 1014 508; x_wconf 86' lang='lat' dir='ltr'>adhue</span> <span class='ocrx_word' id='word_1_22' title='bbox 1029 444 1116 506; x_wconf 87' lang='lat' dir='ltr'>acies</span> 
     </span>
     <span class='ocr_line' id='line_1_4' title="bbox 139 530 1114 614; baseline -0.01 -14"><span class='ocrx_word' id='word_1_23' title='bbox 139 542 222 602; x_wconf 90' lang='lat' dir='ltr'>nulla</span> <span class='ocrx_word' id='word_1_24' title='bbox 243 554 341 614; x_wconf 81' lang='lat' dir='ltr'>quam</span> <span class='ocrx_word' id='word_1_25' title='bbox 354 537 512 601; x_wconf 68' lang='lat' dir='ltr'>aedanum</span> <span class='ocrx_word' id='word_1_26' title='bbox 528 540 558 593; x_wconf 82' lang='lat' dir='ltr'>et</span> <span class='ocrx_word' id='word_1_27' title='bbox 572 533 712 595; x_wconf 74' lang='lat' dir='ltr'>intentior</span> <span class='ocrx_word' id='word_1_28' title='bbox 725 531 742 572; x_wconf 70' lang='lat'>*⁵</span> <span class='ocrx_word' id='word_1_29' title='bbox 757 533 846 595; x_wconf 76' lang='lat' dir='ltr'>donet:</span> <span class='ocrx_word' id='word_1_30' title='bbox 856 531 969 593; x_wconf 82' lang='lat' dir='ltr'>bonurn</span> <span class='ocrx_word' id='word_1_31' title='bbox 985 530 1114 593; x_wconf 80' lang='lat' dir='ltr'>malum</span> 
     </span>
     <span class='ocr_line' id='line_1_5' title="bbox 141 615 1114 700; baseline -0.012 -15"><span class='ocrx_word' id='word_1_32' title='bbox 141 640 201 700; x_wconf 88' lang='lat' dir='ltr'>que</span> <span class='ocrx_word' id='word_1_33' title='bbox 215 623 393 684; x_wconf 81' lang='lat' dir='ltr'>dinoscere.</span> <span class='ocrx_word' id='word_1_34' title='bbox 419 619 526 692; x_wconf 77' lang='lat' dir='ltr'>Vides,</span> <span class='ocrx_word' id='word_1_35' title='bbox 540 619 570 677; x_wconf 89' lang='lat' dir='ltr'>in</span> <span class='ocrx_word' id='word_1_36' title='bbox 586 623 701 692; x_wconf 80' lang='lat' dir='ltr'>quanta</span> <span class='ocrx_word' id='word_1_37' title='bbox 710 616 880 691; x_wconf 72' lang='lat' dir='ltr'>ignorantia</span> <span class='ocrx_word' id='word_1_38' title='bbox 893 615 1029 675; x_wconf 85' lang='lat' dir='ltr'>veritatis</span> <span class='ocrx_word' id='word_1_39' title='bbox 1046 631 1114 674; x_wconf 84' lang='lat' dir='ltr'>ver·</span> 
     </span>
     <span class='ocr_line' id='line_1_6' title="bbox 141 698 1115 782; baseline -0.014 -12"><span class='ocrx_word' id='word_1_40' title='bbox 141 703 471 782; x_wconf 74' lang='lat' dir='ltr'>selunetqnamlmmi</span> <span class='ocrx_word' id='word_1_41' title='bbox 492 701 634 765; x_wconf 84' lang='lat' dir='ltr'>sublimia</span> <span class='ocrx_word' id='word_1_42' title='bbox 653 717 689 765; x_wconf 87' lang='lat' dir='ltr'>ac</span> <span class='ocrx_word' id='word_1_43' title='bbox 705 701 808 765; x_wconf 88' lang='lat' dir='ltr'>divina</span> <span class='ocrx_word' id='word_1_44' title='bbox 828 699 1008 776; x_wconf 74' lang='lat' dir='ltr'>coniecerit,</span> <span class='ocrx_word' id='word_1_45' title='bbox 1030 698 1115 772; x_wconf 88' lang='lat' dir='ltr'>apud</span> 
     </span>
     <span class='ocr_line' id='line_1_7' title="bbox 110 783 1114 867; baseline -0.011 -15"><span class='ocrx_word' id='word_1_46' title='bbox 110 804 230 867; x_wconf 74' lang='lat' dir='ltr'>squem</span> <span class='ocrx_word' id='word_1_47' title='bbox 245 792 422 852; x_wconf 81' lang='lat' dir='ltr'>desummo:</span> <span class='ocrx_word' id='word_1_48' title='bbox 431 789 513 849; x_wconf 87' lang='lat' dir='ltr'>bono</span> <span class='ocrx_word' id='word_1_49' title='bbox 528 789 672 863; x_wconf 87' lang='lat' dir='ltr'>maloque</span> <span class='ocrx_word' id='word_1_50' title='bbox 683 786 797 849; x_wconf 79' lang='lat' dir='ltr'>iudicat</span> <span class='ocrx_word' id='word_1_51' title='bbox 810 793 917 849; x_wconf 79' lang='lat' dir='ltr'>taetus</span> <span class='ocrx_word' id='word_1_52' title='bbox 940 783 1114 858; x_wconf 78' lang='lat' dir='ltr'>„Quemad-</span> 
     </span>
     <span class='ocr_line' id='line_1_8' title="bbox 139 867 1119 947; baseline -0.01 -11"><span class='ocrx_word' id='word_1_53' title='bbox 139 876 277 947; x_wconf 83' lang='lat' dir='ltr'>modum‚</span> <span class='ocrx_word' id='word_1_54' title='bbox 299 873 411 947; x_wconf 77' lang='lat' dir='ltr'>inquio,</span> <span class='ocrx_word' id='word_1_55' title='bbox 434 871 682 935; x_wconf 65' lang='lat' dir='ltr'>amalasuenta</span> <span class='ocrx_word' id='word_1_56' title='bbox 699 878 791 946; x_wconf 84' lang='lat' dir='ltr'>atqua</span> <span class='ocrx_word' id='word_1_57' title='bbox 811 886 865 932; x_wconf 82' lang='lat' dir='ltr'>ans</span> <span class='ocrx_word' id='word_1_58' title='bbox 884 868 1006 943; x_wconf 81' lang='lat' dir='ltr'>aliquid-</span> <span class='ocrx_word' id='word_1_59' title='bbox 1022 867 1119 928; x_wconf 83' lang='lat' dir='ltr'>debat</span> 
     </span>
     <span class='ocr_line' id='line_1_9' title="bbox 138 951 1115 1030; baseline -0.006 -13"><span class='ocrx_word' id='word_1_60' title='bbox 138 959 251 1018; x_wconf 81' lang='lat' dir='ltr'>habere</span> <span class='ocrx_word' id='word_1_61' title='bbox 264 958 457 1021; x_wconf 70' lang='lat' dir='ltr'>manifestum</span> <span class='ocrx_word' id='word_1_62' title='bbox 468 954 892 1030; x_wconf 77' lang='lat' dir='ltr'>sensuqncconnrebensuut,</span> <span class='ocrx_word' id='word_1_63' title='bbox 905 968 1019 1027; x_wconf 80' lang='lat' dir='ltr'>euque</span> <span class='ocrx_word' id='word_1_64' title='bbox 1032 951 1115 1013; x_wconf 84' lang='lat' dir='ltr'>oria-</span> 
     </span>
     <span class='ocr_line' id='line_1_10' title="bbox 138 1036 1116 1110; baseline -0.004 -10"><span class='ocrx_word' id='word_1_65' title='bbox 138 1049 185 1101; x_wconf 88' lang='lat' dir='ltr'>tur</span> <span class='ocrx_word' id='word_1_66' title='bbox 206 1048 236 1101; x_wconf 89' lang='lat' dir='ltr'>et</span> <span class='ocrx_word' id='word_1_67' title='bbox 256 1048 390 1110; x_wconf 85' lang='lat' dir='ltr'>creseat,</span> <span class='ocrx_word' id='word_1_68' title='bbox 414 1041 459 1099; x_wconf 86' lang='lat' dir='ltr'>sic</span> <span class='ocrx_word' id='word_1_69' title='bbox 472 1040 563 1099; x_wconf 92' lang='lat' dir='ltr'>beata</span> <span class='ocrx_word' id='word_1_70' title='bbox 580 1039 640 1099; x_wconf 89' lang='lat' dir='ltr'>vita</span> <span class='ocrx_word' id='word_1_71' title='bbox 655 1040 881 1100; x_wconf 82' lang='lat' dir='ltr'>fundamentum</span> <span class='ocrx_word' id='word_1_72' title='bbox 906 1045 936 1098; x_wconf 82' lang='lat' dir='ltr'>et</span> <span class='ocrx_word' id='word_1_73' title='bbox 955 1036 1073 1100; x_wconf 83' lang='lat' dir='ltr'>initiam</span> <span class='ocrx_word' id='word_1_74' title='bbox 1097 1053 1116 1096; x_wconf 87' lang='lat' dir='ltr'>a</span> 
     </span>
     <span class='ocr_line' id='line_1_11' title="bbox 138 1121 1114 1198; baseline -0.004 -14"><span class='ocrx_word' id='word_1_75' title='bbox 138 1125 305 1185; x_wconf 76' lang='lat' dir='ltr'><strong>manifestis</strong></span> <span class='ocrx_word' id='word_1_76' title='bbox 328 1125 411 1184; x_wconf 85' lang='lat' dir='ltr'>ducit</span> <span class='ocrx_word' id='word_1_77' title='bbox 431 1131 461 1182; x_wconf 87' lang='lat' dir='ltr'>et</span> <span class='ocrx_word' id='word_1_78' title='bbox 476 1138 528 1196; x_wconf 91' lang='lat' dir='ltr'>eo,</span> <span class='ocrx_word' id='word_1_79' title='bbox 552 1122 635 1198; x_wconf 88' lang='lat' dir='ltr'>quod</span> <span class='ocrx_word' id='word_1_80' title='bbox 650 1121 708 1183; x_wconf 92' lang='lat' dir='ltr'>sub</span> <span class='ocrx_word' id='word_1_81' title='bbox 724 1139 849 1183; x_wconf 91' lang='lat' dir='ltr'>sensum</span> <span class='ocrx_word' id='word_1_82' title='bbox 872 1122 971 1181; x_wconf 88' lang='lat' dir='ltr'>eadat.</span> <span class='ocrx_word' id='word_1_83' title='bbox 1002 1136 1114 1195; x_wconf 85' lang='lat' dir='ltr'>nempe</span> 
     </span>
     <span class='ocr_line' id='line_1_12' title="bbox 137 1205 1114 1280; baseline -0.003 -13"><span class='ocrx_word' id='word_1_84' title='bbox 137 1226 194 1271; x_wconf 87' lang='lat' dir='ltr'>vos</span> <span class='ocrx_word' id='word_1_85' title='bbox 209 1225 229 1268; x_wconf 92' lang='lat' dir='ltr'>a</span> <span class='ocrx_word' id='word_1_86' title='bbox 242 1208 409 1268; x_wconf 80' lang='lat' dir='ltr'>manifestis</span> <span class='ocrx_word' id='word_1_87' title='bbox 424 1207 543 1267; x_wconf 81' lang='lat' dir='ltr'>beatam</span> <span class='ocrx_word' id='word_1_88' title='bbox 559 1207 649 1266; x_wconf 87' lang='lat' dir='ltr'>vitam</span> <span class='ocrx_word' id='word_1_89' title='bbox 661 1207 776 1266; x_wconf 90' lang='lat' dir='ltr'>initium</span> <span class='ocrx_word' id='word_1_90' title='bbox 791 1205 841 1267; x_wconf 84' lang='lat' dir='ltr'>sui</span> <span class='ocrx_word' id='word_1_91' title='bbox 854 1220 965 1280; x_wconf 83' lang='lat' dir='ltr'>capere</span> <span class='ocrx_word' id='word_1_92' title='bbox 981 1205 1114 1265; x_wconf 86' lang='lat' dir='ltr'>dicitis.“</span> 
     </span>
     <span class='ocr_line' id='line_1_13' title="bbox 108 1287 1114 1364; baseline -0.009 -7"><span class='ocrx_word' id='word_1_93' title='bbox 108 1293 271 1357; x_wconf 75' lang='lat' dir='ltr'>illicimus</span> <span class='ocrx_word' id='word_1_94' title='bbox 286 1292 376 1351; x_wconf 83' lang='lat' dir='ltr'>beata</span> <span class='ocrx_word' id='word_1_95' title='bbox 390 1306 476 1362; x_wconf 90' lang='lat' dir='ltr'>esse,</span> <span class='ocrx_word' id='word_1_96' title='bbox 500 1306 580 1364; x_wconf 86' lang='lat' dir='ltr'>quae</span> <span class='ocrx_word' id='word_1_97' title='bbox 595 1289 763 1350; x_wconf 89' lang='lat' dir='ltr'>secundum</span> <span class='ocrx_word' id='word_1_98' title='bbox 779 1298 916 1351; x_wconf 86' lang='lat' dir='ltr'>naturam</span> <span class='ocrx_word' id='word_1_99' title='bbox 933 1289 1008 1349; x_wconf 87' lang='lat' dir='ltr'>sint=</span> <span class='ocrx_word' id='word_1_100' title='bbox 1038 1287 1114 1364; x_wconf 90' lang='lat' dir='ltr'>quid</span> 
     </span>
     <span class='ocr_line' id='line_1_14' title="bbox 137 1374 1114 1448; baseline -0.006 -12"><span class='ocrx_word' id='word_1_101' title='bbox 137 1384 237 1436; x_wconf 87' lang='lat' dir='ltr'>autem</span> <span class='ocrx_word' id='word_1_102' title='bbox 252 1376 425 1440; x_wconf 85' lang='lat' dir='ltr'>secundum·</span> <span class='ocrx_word' id='word_1_103' title='bbox 436 1381 573 1438; x_wconf 81' lang='lat' dir='ltr'>naturam</span> <span class='ocrx_word' id='word_1_104' title='bbox 588 1375 642 1447; x_wconf 88' lang='lat' dir='ltr'>sit,</span> <span class='ocrx_word' id='word_1_105' title='bbox 658 1376 758 1448; x_wconf 85' lang='lat' dir='ltr'>palam</span> <span class='ocrx_word' id='word_1_106' title='bbox 774 1381 809 1436; x_wconf 56' lang='lat' dir='ltr'>et„</span> <span class='ocrx_word' id='word_1_107' title='bbox 818 1374 960 1448; x_wconf 76' lang='lat' dir='ltr'>proauus</span> <span class='ocrx_word' id='word_1_108' title='bbox 973 1374 1114 1448; x_wconf 71' lang='lat' dir='ltr'>adparet,</span> 
     </span>
     <span class='ocr_line' id='line_1_15' title="bbox 136 1457 1113 1538; baseline -0.005 -18"><span class='ocrx_word' id='word_1_109' title='bbox 136 1461 215 1520; x_wconf 90' lang='lat' dir='ltr'>sieut</span> <span class='ocrx_word' id='word_1_110' title='bbox 239 1458 316 1535; x_wconf 90' lang='lat' dir='ltr'>quid·</span> <span class='ocrx_word' id='word_1_111' title='bbox 334 1459 375 1519; x_wconf 87' lang='lat' dir='ltr'>sit</span> <span class='ocrx_word' id='word_1_112' title='bbox 392 1457 551 1533; x_wconf 61' lang='lat' dir='ltr'>tatarum</span> <span class='ocrx_word' id='word_1_113' title='bbox 593 1457 682 1530; x_wconf 78' lang='lat' dir='ltr'>Quod</span> <span class='ocrx_word' id='word_1_114' title='bbox 705 1458 876 1538; x_wconf 75' lang='lat' dir='ltr'>¹secundum</span> <span class='ocrx_word' id='word_1_115' title='bbox 898 1463 1035 1517; x_wconf 85' lang='lat' dir='ltr'>naturam</span> <span class='ocrx_word' id='word_1_116' title='bbox 1056 1462 1113 1528; x_wconf 89' lang='lat' dir='ltr'>est,</span> 
     </span>
     <span class='ocr_line' id='line_1_16' title="bbox 136 1540 1113 1619; baseline -0.005 -16"><span class='ocrx_word' id='word_1_117' title='bbox 136 1544 220 1619; x_wconf 91' lang='lat' dir='ltr'>quod</span> <span class='ocrx_word' id='word_1_118' title='bbox 242 1543 368 1618; x_wconf 76' lang='lat' dir='ltr'>contigit</span> <span class='ocrx_word' id='word_1_119' title='bbox 387 1542 531 1616; x_wconf 66' lang='lat' dir='ltr'>motinus</span> <span class='ocrx_word' id='word_1_120' title='bbox 546 1548 632 1613; x_wconf 89' lang='lat' dir='ltr'>nato,</span> <span class='ocrx_word' id='word_1_121' title='bbox 657 1557 717 1604; x_wconf 88' lang='lat' dir='ltr'>non</span> <span class='ocrx_word' id='word_1_122' title='bbox 738 1540 815 1603; x_wconf 87' lang='lat' dir='ltr'>dieo</span> <span class='ocrx_word' id='word_1_123' title='bbox 829 1542 958 1612; x_wconf 88' lang='lat' dir='ltr'>bonum,</span> <span class='ocrx_word' id='word_1_124' title='bbox 984 1541 1044 1600; x_wconf 89' lang='lat' dir='ltr'>sed</span> <span class='ocrx_word' id='word_1_125' title='bbox 1058 1540 1113 1599; x_wconf 90' lang='lat' dir='ltr'>ini·</span> 
     </span>
     <span class='ocr_line' id='line_1_17' title="bbox 137 1623 1114 1700; baseline -0.002 -14"><span class='ocrx_word' id='word_1_126' title='bbox 137 1629 209 1686; x_wconf 84' lang='lat' dir='ltr'>tium</span> <span class='ocrx_word' id='word_1_127' title='bbox 222 1626 306 1688; x_wconf 83' lang='lat' dir='ltr'>boni.</span> <span class='ocrx_word' id='word_1_128' title='bbox 329 1632 361 1686; x_wconf 85' lang='lat' dir='ltr'>tu</span> <span class='ocrx_word' id='word_1_129' title='bbox 373 1641 523 1686; x_wconf 86' lang='lat' dir='ltr'>summum</span> <span class='ocrx_word' id='word_1_130' title='bbox 534 1626 663 1698; x_wconf 88' lang='lat' dir='ltr'>bonum,</span> <span class='ocrx_word' id='word_1_131' title='bbox 680 1626 864 1700; x_wconf 72' lang='lat' dir='ltr'>uoluntatem</span> <span class='ocrx_word' id='word_1_132' title='bbox 872 1671 887 1698; x_wconf 80' lang='grc'>,,</span> <span class='ocrx_word' id='word_1_133' title='bbox 895 1623 1043 1686; x_wconf 75' lang='lat' dir='ltr'>munuae</span> <span class='ocrx_word' id='word_1_134' title='bbox 1059 1625 1114 1686; x_wconf 83' lang='lat' dir='ltr'>‹lo-</span> 
     </span>
     <span class='ocr_line' id='line_1_18' title="bbox 136 1708 1114 1783; baseline 0.001 -14"><span class='ocrx_word' id='word_1_135' title='bbox 136 1725 210 1782; x_wconf 86' lang='lat' dir='ltr'>nas,</span> <span class='ocrx_word' id='word_1_136' title='bbox 232 1717 265 1769; x_wconf 85' lang='lat' dir='ltr'>ut</span> <span class='ocrx_word' id='word_1_137' title='bbox 285 1711 356 1769; x_wconf 86' lang='lat' dir='ltr'>inde</span> <span class='ocrx_word' id='word_1_138' title='bbox 376 1709 502 1783; x_wconf 75' lang='lat' dir='ltr'>incipiat</span> <span class='ocrx_word' id='word_1_139' title='bbox 521 1725 669 1782; x_wconf 87' lang='lat' dir='ltr'>nascens,</span> <span class='ocrx_word' id='word_1_140' title='bbox 693 1725 760 1783; x_wconf 66' lang='lat' dir='ltr'>quo»</span> <span class='ocrx_word' id='word_1_141' title='bbox 773 1715 1005 1770; x_wconf 81' lang='lat' dir='ltr'>consummatus</span> <span class='ocrx_word' id='word_1_142' title='bbox 1019 1708 1114 1770; x_wconf 88' lang='lat' dir='ltr'>homo</span> 
     </span>
     <span class='ocr_line' id='line_1_19' title="bbox 106 1791 1113 1867; baseline -0.005 -11"><span class='ocrx_word' id='word_1_143' title='bbox 106 1792 285 1867; x_wconf 81' lang='lat' dir='ltr'>apervenit.</span> <span class='ocrx_word' id='word_1_144' title='bbox 310 1808 453 1852; x_wconf 87' lang='lat' dir='ltr'>cacumen</span> <span class='ocrx_word' id='word_1_145' title='bbox 469 1791 582 1853; x_wconf 84' lang='lat' dir='ltr'>radicis</span> <span class='ocrx_word' id='word_1_146' title='bbox 603 1793 672 1854; x_wconf 90' lang='lat' dir='ltr'>loeo</span> <span class='ocrx_word' id='word_1_147' title='bbox 690 1791 790 1867; x_wconf 85' lang='lat' dir='ltr'>ponis.</span> <span class='ocrx_word' id='word_1_148' title='bbox 812 1791 844 1852; x_wconf 88' lang='lat' dir='ltr'>Si</span> <span class='ocrx_word' id='word_1_149' title='bbox 863 1793 931 1866; x_wconf 90' lang='lat' dir='ltr'>quis</span> <span class='ocrx_word' id='word_1_150' title='bbox 947 1791 1066 1853; x_wconf 77' lang='lat' dir='ltr'>diceret</span> <span class='ocrx_word' id='word_1_151' title='bbox 1080 1793 1113 1851; x_wconf 89' lang='lat' dir='ltr'>il-</span> 
     </span>
     <span class='ocr_line' id='line_1_20' title="bbox 135 1875 1114 1951; baseline -0.001 -16"><span class='ocrx_word' id='word_1_152' title='bbox 135 1876 241 1936; x_wconf 90' lang='lat' dir='ltr'>lumin</span> <span class='ocrx_word' id='word_1_153' title='bbox 257 1884 393 1937; x_wconf 83' lang='lat' dir='ltr'>materno</span> <span class='ocrx_word' id='word_1_154' title='bbox 405 1883 491 1936; x_wconf 87' lang='lat' dir='ltr'>utero</span> <span class='ocrx_word' id='word_1_155' title='bbox 508 1878 664 1948; x_wconf 87' lang='lat' dir='ltr'>latentem,</span> <span class='ocrx_word' id='word_1_156' title='bbox 681 1891 776 1935; x_wconf 76' lang='lat' dir='ltr'>sexus</span> <span class='ocrx_word' id='word_1_157' title='bbox 792 1891 916 1951; x_wconf 89' lang='lat' dir='ltr'>quoque</span> <span class='ocrx_word' id='word_1_158' title='bbox 929 1875 1053 1947; x_wconf 85' lang='lat' dir='ltr'>incerti,</span> <span class='ocrx_word' id='word_1_159' title='bbox 1070 1884 1114 1936; x_wconf 88' lang='lat' dir='ltr'>te-</span> 
     </span>
     <span class='ocr_line' id='line_1_21' title="bbox 135 1958 1113 2035; baseline 0.001 -17"><span class='ocrx_word' id='word_1_160' title='bbox 135 1974 241 2019; x_wconf 85' lang='lat' dir='ltr'>nerum</span> <span class='ocrx_word' id='word_1_161' title='bbox 263 1967 292 2019; x_wconf 85' lang='lat' dir='ltr'>el</span> <span class='ocrx_word' id='word_1_162' title='bbox 314 1961 513 2035; x_wconf 81' lang='lat' dir='ltr'>inperfectum</span> <span class='ocrx_word' id='word_1_163' title='bbox 538 1967 568 2018; x_wconf 87' lang='lat' dir='ltr'>et</span> <span class='ocrx_word' id='word_1_164' title='bbox 591 1958 748 2018; x_wconf 79' lang='lat' dir='ltr'>informem</span> <span class='ocrx_word' id='word_1_165' title='bbox 775 1960 833 2018; x_wconf 90' lang='lat' dir='ltr'>iam</span> <span class='ocrx_word' id='word_1_166' title='bbox 854 1958 884 2017; x_wconf 94' lang='lat' dir='ltr'>in</span> <span class='ocrx_word' id='word_1_167' title='bbox 902 1958 1008 2033; x_wconf 89' lang='lat' dir='ltr'>aliquo</span> <span class='ocrx_word' id='word_1_168' title='bbox 1029 1959 1113 2019; x_wconf 89' lang='lat' dir='ltr'>bono</span> 
     </span>
     <span class='ocr_line' id='line_1_22' title="bbox 135 2041 1115 2117; baseline 0.002 -16"><span class='ocrx_word' id='word_1_169' title='bbox 135 2058 222 2114; x_wconf 81' lang='lat' dir='ltr'>esse,</span> <span class='ocrx_word' id='word_1_170' title='bbox 245 2051 351 2117; x_wconf 88' lang='lat' dir='ltr'>aperte</span> <span class='ocrx_word' id='word_1_171' title='bbox 367 2043 519 2102; x_wconf 83' lang='lat' dir='ltr'>videretur</span> <span class='ocrx_word' id='word_1_172' title='bbox 533 2058 650 2102; x_wconf 85' lang='lat' dir='ltr'>errare=</span> <span class='ocrx_word' id='word_1_173' title='bbox 679 2042 763 2117; x_wconf 86' lang='lat' dir='ltr'>atqui</span> <span class='ocrx_word' id='word_1_174' title='bbox 785 2043 964 2117; x_wconf 90' lang='lat' dir='ltr'>quantulum</span> <span class='ocrx_word' id='word_1_175' title='bbox 986 2041 1115 2103; x_wconf 85' lang='lat' dir='ltr'>interest</span> 
     </span>
     <span class='ocr_line' id='line_1_23' title="bbox 134 2124 1114 2202; baseline 0.001 -18"><span class='ocrx_word' id='word_1_176' title='bbox 134 2127 212 2184; x_wconf 87' lang='lat' dir='ltr'>inter</span> <span class='ocrx_word' id='word_1_177' title='bbox 228 2141 311 2199; x_wconf 89' lang='lat' dir='ltr'>eum,</span> <span class='ocrx_word' id='word_1_178' title='bbox 335 2128 386 2200; x_wconf 93' lang='lat' dir='ltr'>qui</span> <span class='ocrx_word' id='word_1_179' title='bbox 410 2142 476 2185; x_wconf 88' lang='lat' dir='ltr'>eum</span> <span class='ocrx_word' id='word_1_180' title='bbox 493 2126 623 2185; x_wconf 90' lang='lat' dir='ltr'>maxime</span> <span class='ocrx_word' id='word_1_181' title='bbox 636 2124 870 2199; x_wconf 73' lang='lat' dir='ltr'>vitamaociqit,</span> <span class='ocrx_word' id='word_1_182' title='bbox 891 2131 922 2185; x_wconf 87' lang='lat' dir='ltr'>at</span> <span class='ocrx_word' id='word_1_183' title='bbox 937 2125 1038 2200; x_wconf 89' lang='lat' dir='ltr'>illum,</span> <span class='ocrx_word' id='word_1_184' title='bbox 1062 2127 1114 2202; x_wconf 91' lang='lat' dir='ltr'>qui</span> 
     </span>
     <span class='ocr_line' id='line_1_24' title="bbox 135 2209 1114 2285; baseline 0.004 -19"><span class='ocrx_word' id='word_1_185' title='bbox 135 2216 339 2270; x_wconf 84' lang='lat' dir='ltr'>maternorum</span> <span class='ocrx_word' id='word_1_186' title='bbox 356 2209 509 2269; x_wconf 80' lang='lat' dir='ltr'>uiscerum</span> <span class='ocrx_word' id='word_1_187' title='bbox 529 2211 627 2269; x_wconf 91' lang='lat' dir='ltr'>latens</span> <span class='ocrx_word' id='word_1_188' title='bbox 645 2225 723 2270; x_wconf 90' lang='lat' dir='ltr'>onus</span> <span class='ocrx_word' id='word_1_189' title='bbox 747 2215 820 2268; x_wconf 65' lang='lat' dir='ltr'>esto</span> <span class='ocrx_word' id='word_1_190' title='bbox 844 2217 989 2282; x_wconf 82' lang='lat' dir='ltr'>uterque,</span> <span class='ocrx_word' id='word_1_191' title='bbox 1016 2226 1114 2285; x_wconf 91' lang='lat' dir='ltr'>quan-</span> 
     </span>
     <span class='ocr_line' id='line_1_25' title="bbox 135 2291 1116 2365; baseline 0.002 -15"><span class='ocrx_word' id='word_1_192' title='bbox 135 2298 197 2350; x_wconf 86' lang='lat' dir='ltr'>tum</span> <span class='ocrx_word' id='word_1_193' title='bbox 220 2291 260 2350; x_wconf 91' lang='lat' dir='ltr'>ad</span> <span class='ocrx_word' id='word_1_194' title='bbox 281 2292 462 2353; x_wconf 87' lang='lat' dir='ltr'>intellectum</span> <span class='ocrx_word' id='word_1_195' title='bbox 484 2293 555 2353; x_wconf 90' lang='lat' dir='ltr'>boni</span> <span class='ocrx_word' id='word_1_196' title='bbox 576 2308 612 2352; x_wconf 90' lang='lat' dir='ltr'>ae</span> <span class='ocrx_word' id='word_1_197' title='bbox 633 2292 717 2364; x_wconf 90' lang='lat' dir='ltr'>mali,</span> <span class='ocrx_word' id='word_1_198' title='bbox 740 2307 839 2365; x_wconf 88' lang='lat' dir='ltr'>aeque</span> <span class='ocrx_word' id='word_1_199' title='bbox 858 2299 997 2353; x_wconf 85' lang='lat' dir='ltr'>maturus</span> <span class='ocrx_word' id='word_1_200' title='bbox 1020 2300 1116 2353; x_wconf 86' lang='lat' dir='ltr'>estet</span> 
     </span>
     <span class='ocr_line' id='line_1_26' title="bbox 30 2375 1114 2451; baseline 0.005 -20"><span class='ocrx_word' id='word_1_201' title='bbox 30 2395 33 2399; x_wconf 44' lang='lat'><strong>¹</strong></span> <span class='ocrx_word' id='word_1_202' title='bbox 134 2390 196 2434; x_wconf 91' lang='lat' dir='ltr'>non</span> <span class='ocrx_word' id='word_1_203' title='bbox 216 2376 313 2449; x_wconf 80' lang='lat' dir='ltr'>magis</span> <span class='ocrx_word' id='word_1_204' title='bbox 335 2375 436 2434; x_wconf 87' lang='lat' dir='ltr'>iulans</span> <span class='ocrx_word' id='word_1_205' title='bbox 454 2376 554 2437; x_wconf 84' lang='lat' dir='ltr'>adhuc</span> <span class='ocrx_word' id='word_1_206' title='bbox 575 2376 647 2436; x_wconf 91' lang='lat' dir='ltr'>boni</span> <span class='ocrx_word' id='word_1_207' title='bbox 669 2383 829 2450; x_wconf 77' lang='lat' dir='ltr'>capaxcst</span> <span class='ocrx_word' id='word_1_208' title='bbox 843 2392 934 2451; x_wconf 86' lang='lat' dir='ltr'>quam</span> <span class='ocrx_word' id='word_1_209' title='bbox 951 2377 1046 2436; x_wconf 84' lang='lat' dir='ltr'>arbor</span> <span class='ocrx_word' id='word_1_210' title='bbox 1061 2386 1114 2436; x_wconf 89' lang='lat' dir='ltr'>aut</span> 
     </span>
     <span class='ocr_line' id='line_1_27' title="bbox 133 2457 1117 2538; baseline 0.004 -23"><span class='ocrx_word' id='word_1_211' title='bbox 133 2465 248 2518; x_wconf 89' lang='lat' dir='ltr'>mutum</span> <span class='ocrx_word' id='word_1_212' title='bbox 274 2459 398 2534; x_wconf 86' lang='lat' dir='ltr'>aliquod</span> <span class='ocrx_word' id='word_1_213' title='bbox 421 2457 541 2519; x_wconf 89' lang='lat' dir='ltr'>animal.</span> <span class='ocrx_word' id='word_1_214' title='bbox 576 2474 670 2534; x_wconf 85' lang='lat' dir='ltr'>quare</span> <span class='ocrx_word' id='word_1_215' title='bbox 689 2458 925 2538; x_wconf 68' lang='lat' dir='ltr'>autem5.bonum</span> <span class='ocrx_word' id='word_1_216' title='bbox 946 2461 976 2518; x_wconf 91' lang='lat' dir='ltr'>in</span> <span class='ocrx_word' id='word_1_217' title='bbox 999 2461 1117 2520; x_wconf 74' lang='lat' dir='ltr'>amone</span> 
     </span>
     <span class='ocr_line' id='line_1_28' title="bbox 133 2542 1112 2617; baseline 0.005 -19"><span class='ocrx_word' id='word_1_218' title='bbox 133 2542 316 2616; x_wconf 90' lang='lat' dir='ltr'>animalique</span> <span class='ocrx_word' id='word_1_219' title='bbox 337 2550 419 2603; x_wconf 88' lang='lat' dir='ltr'>mulo</span> <span class='ocrx_word' id='word_1_220' title='bbox 442 2559 503 2604; x_wconf 92' lang='lat' dir='ltr'>non</span> <span class='ocrx_word' id='word_1_221' title='bbox 518 2550 585 2603; x_wconf 74' lang='lat' dir='ltr'>esti</span> <span class='ocrx_word' id='word_1_222' title='bbox 613 2543 684 2617; x_wconf 85' lang='lat' dir='ltr'>quia</span> <span class='ocrx_word' id='word_1_223' title='bbox 699 2558 756 2602; x_wconf 86' lang='lat' dir='ltr'>neo</span> <span class='ocrx_word' id='word_1_224' title='bbox 768 2543 855 2602; x_wconf 85' lang='lat' dir='ltr'>ratio.</span> <span class='ocrx_word' id='word_1_225' title='bbox 887 2543 926 2602; x_wconf 90' lang='lat' dir='ltr'>ob</span> <span class='ocrx_word' id='word_1_226' title='bbox 942 2543 1005 2604; x_wconf 82' lang='lat' dir='ltr'>ltoo</span> <span class='ocrx_word' id='word_1_227' title='bbox 1020 2545 1050 2602; x_wconf 91' lang='lat' dir='ltr'>in</span> <span class='ocrx_word' id='word_1_228' title='bbox 1067 2544 1112 2603; x_wconf 91' lang='lat' dir='ltr'>in·</span> 
     </span>
     <span class='ocr_line' id='line_1_29' title="bbox 133 2623 1112 2701; baseline 0.007 -21"><span class='ocrx_word' id='word_1_229' title='bbox 133 2623 214 2683; x_wconf 86' lang='lat' dir='ltr'>ianle</span> <span class='ocrx_word' id='word_1_230' title='bbox 228 2642 352 2701; x_wconf 90' lang='lat' dir='ltr'>quoque</span> <span class='ocrx_word' id='word_1_231' title='bbox 367 2644 428 2688; x_wconf 89' lang='lat' dir='ltr'>non</span> <span class='ocrx_word' id='word_1_232' title='bbox 444 2634 500 2687; x_wconf 90' lang='lat' dir='ltr'>est.</span> <span class='ocrx_word' id='word_1_233' title='bbox 522 2643 591 2686; x_wconf 92' lang='lat' dir='ltr'>nam</span> <span class='ocrx_word' id='word_1_234' title='bbox 606 2634 636 2686; x_wconf 91' lang='lat' dir='ltr'>et</span> <span class='ocrx_word' id='word_1_235' title='bbox 649 2625 718 2684; x_wconf 87' lang='lat' dir='ltr'>huie</span> <span class='ocrx_word' id='word_1_236' title='bbox 732 2627 834 2686; x_wconf 84' lang='lat' dir='ltr'>deest=</span> <span class='ocrx_word' id='word_1_237' title='bbox 856 2634 928 2686; x_wconf 92' lang='lat' dir='ltr'>tunc</span> <span class='ocrx_word' id='word_1_238' title='bbox 939 2628 980 2686; x_wconf 94' lang='lat' dir='ltr'>ad</span> <span class='ocrx_word' id='word_1_239' title='bbox 995 2628 1112 2687; x_wconf 91' lang='lat' dir='ltr'>bonum</span> 
     </span>
     <span class='ocr_line' id='line_1_30' title="bbox 103 2709 1111 2785; baseline 0.008 -23"><span class='ocrx_word' id='word_1_240' title='bbox 103 2709 304 2781; x_wconf 76' lang='lat' dir='ltr'>sparveniet,</span> <span class='ocrx_word' id='word_1_241' title='bbox 326 2725 394 2770; x_wconf 89' lang='lat' dir='ltr'>eum</span> <span class='ocrx_word' id='word_1_242' title='bbox 417 2711 456 2770; x_wconf 93' lang='lat' dir='ltr'>ad</span> <span class='ocrx_word' id='word_1_243' title='bbox 478 2712 623 2771; x_wconf 85' lang='lat' dir='ltr'>rationem</span> <span class='ocrx_word' id='word_1_244' title='bbox 640 2710 821 2784; x_wconf 74' lang='lat' dir='ltr'>peccauerit.</span> <span class='ocrx_word' id='word_1_245' title='bbox 849 2710 904 2771; x_wconf 87' lang='lat' dir='ltr'>Est</span> <span class='ocrx_word' id='word_1_246' title='bbox 922 2711 1051 2785; x_wconf 83' lang='lat' dir='ltr'>aliquod</span> <span class='ocrx_word' id='word_1_247' title='bbox 1066 2711 1111 2770; x_wconf 88' lang='lat' dir='ltr'>in-</span> 
     </span>
     <span class='ocr_line' id='line_1_31' title="bbox 132 2789 1111 2868; baseline 0.013 -26"><span class='ocrx_word' id='word_1_248' title='bbox 132 2789 278 2849; x_wconf 82' lang='lat' dir='ltr'>rationale</span> <span class='ocrx_word' id='word_1_249' title='bbox 293 2794 418 2867; x_wconf 87' lang='lat' dir='ltr'>animal,</span> <span class='ocrx_word' id='word_1_250' title='bbox 435 2804 482 2854; x_wconf 83' lang='lat' dir='ltr'>est</span> <span class='ocrx_word' id='word_1_251' title='bbox 495 2793 937 2868; x_wconf 79' lang='lat' dir='ltr'>aliquodnondutnnationale‚</span> <span class='ocrx_word' id='word_1_252' title='bbox 954 2803 1004 2855; x_wconf 86' lang='lat' dir='ltr'>ost</span> <span class='ocrx_word' id='word_1_253' title='bbox 1018 2796 1111 2855; x_wconf 89' lang='lat' dir='ltr'>ratio·</span> 
     </span>
     <span class='ocr_line' id='line_1_32' title="bbox 133 2868 1114 2950; baseline 0.015 -26"><span class='ocrx_word' id='word_1_254' title='bbox 133 2868 201 2928; x_wconf 88' lang='lat' dir='ltr'>nale</span> <span class='ocrx_word' id='word_1_255' title='bbox 218 2873 504 2950; x_wconf 75' lang='lat' dir='ltr'>sed-inperfectum:</span> <span class='ocrx_word' id='word_1_256' title='bbox 525 2879 554 2936; x_wconf 92' lang='lat' dir='ltr'>in</span> <span class='ocrx_word' id='word_1_257' title='bbox 569 2877 651 2936; x_wconf 90' lang='lat' dir='ltr'>nullo</span> <span class='ocrx_word' id='word_1_258' title='bbox 667 2876 920 2940; x_wconf 59' lang='lat' dir='ltr'>nummicolam</span> <span class='ocrx_word' id='word_1_259' title='bbox 939 2878 1019 2938; x_wconf 84' lang='lat' dir='ltr'>ratio</span> <span class='ocrx_word' id='word_1_260' title='bbox 1036 2879 1114 2939; x_wconf 89' lang='lat' dir='ltr'>illud</span> 
     </span>
     <span class='ocr_line' id='line_1_33' title="bbox 133 2957 1120 3035; baseline 0.013 -28"><span class='ocrx_word' id='word_1_261' title='bbox 133 2957 359 3019; x_wconf 81' lang='lat' dir='ltr'>secum-adfert.</span> <span class='ocrx_word' id='word_1_262' title='bbox 389 2963 462 3035; x_wconf 91' lang='lat' dir='ltr'>quid</span> <span class='ocrx_word' id='word_1_263' title='bbox 484 2976 556 3034; x_wconf 83' lang='lat' dir='ltr'>ergo</span> <span class='ocrx_word' id='word_1_264' title='bbox 581 2961 658 3019; x_wconf 83' lang='lat' dir='ltr'>inter</span> <span class='ocrx_word' id='word_1_265' title='bbox 672 2961 745 3033; x_wconf 84' lang='lat' dir='ltr'>ista,</span> <span class='ocrx_word' id='word_1_266' title='bbox 767 2977 846 3035; x_wconf 84' lang='lat' dir='ltr'>quae</span> <span class='ocrx_word' id='word_1_267' title='bbox 863 2957 968 3034; x_wconf 69' lang='lat' dir='ltr'>retuli‚&#39;</span> <span class='ocrx_word' id='word_1_268' title='bbox 996 2962 1120 3022; x_wconf 59' lang='lat' dir='ltr'>distata⁴</span> 
     </span>
    </p>
   </div>
   <div class='ocr_carea' id='block_1_3' title="bbox 88 3031 1120 3540">
    <p class='ocr_par' dir='ltr' id='par_1_3' title="bbox 88 3031 1120 3540">
     <span class='ocr_line' id='line_1_34' title="bbox 131 3031 1110 3119; baseline 0.016 -31"><span class='ocrx_word' id='word_1_269' title='bbox 131 3031 161 3090; x_wconf 91' lang='lat' dir='ltr'>in</span> <span class='ocrx_word' id='word_1_270' title='bbox 177 3051 231 3111; x_wconf 87' lang='lat' dir='ltr'>eo,</span> <span class='ocrx_word' id='word_1_271' title='bbox 248 3042 330 3112; x_wconf 90' lang='lat' dir='ltr'>quod</span> <span class='ocrx_word' id='word_1_272' title='bbox 345 3044 523 3106; x_wconf 83' lang='lat' dir='ltr'>inrationale</span> <span class='ocrx_word' id='word_1_273' title='bbox 538 3051 598 3115; x_wconf 86' lang='lat' dir='ltr'>est,</span> <span class='ocrx_word' id='word_1_274' title='bbox 616 3060 781 3118; x_wconf 81' lang='lat' dir='ltr'>numquam</span> <span class='ocrx_word' id='word_1_275' title='bbox 795 3045 991 3105; x_wconf 83' lang='lat' dir='ltr'>erithonum.</span> <span class='ocrx_word' id='word_1_276' title='bbox 1014 3046 1045 3104; x_wconf 92' lang='lat' dir='ltr'>in</span> <span class='ocrx_word' id='word_1_277' title='bbox 1063 3061 1110 3119; x_wconf 90' lang='lat' dir='ltr'>eo,</span> 
     </span>
     <span class='ocr_line' id='line_1_35' title="bbox 132 3120 1118 3202; baseline 0.009 -28"><span class='ocrx_word' id='word_1_278' title='bbox 132 3120 369 3187; x_wconf 88' lang='lat' dir='ltr'>quodnondum</span> <span class='ocrx_word' id='word_1_279' title='bbox 380 3129 526 3189; x_wconf 77' lang='lat' dir='ltr'>raucnale</span> <span class='ocrx_word' id='word_1_280' title='bbox 541 3135 601 3200; x_wconf 90' lang='lat' dir='ltr'>est,</span> <span class='ocrx_word' id='word_1_281' title='bbox 617 3133 774 3189; x_wconf 77' lang='lat' dir='ltr'>tunaesse</span> <span class='ocrx_word' id='word_1_282' title='bbox 788 3128 979 3188; x_wconf 80' lang='lat' dir='ltr'>bonumnon</span> <span class='ocrx_word' id='word_1_283' title='bbox 996 3136 1118 3202; x_wconf 67' lang='lat' dir='ltr'>potest.</span> 
     </span>
     <span class='ocr_line' id='line_1_36' title="bbox 131 3201 1109 3286; baseline 0.018 -32"><span class='ocrx_word' id='word_1_284' title='bbox 131 3201 233 3263; x_wconf 86' lang='lat' dir='ltr'>sedin</span> <span class='ocrx_word' id='word_1_285' title='bbox 249 3224 300 3281; x_wconf 90' lang='lat' dir='ltr'>eo,</span> <span class='ocrx_word' id='word_1_286' title='bbox 331 3213 413 3284; x_wconf 91' lang='lat' dir='ltr'>quod</span> <span class='ocrx_word' id='word_1_287' title='bbox 435 3220 482 3272; x_wconf 85' lang='lat' dir='ltr'>est</span> <span class='ocrx_word' id='word_1_288' title='bbox 503 3211 648 3271; x_wconf 84' lang='lat' dir='ltr'>rationale</span> <span class='ocrx_word' id='word_1_289' title='bbox 665 3212 721 3271; x_wconf 92' lang='lat' dir='ltr'>sed</span> <span class='ocrx_word' id='word_1_290' title='bbox 736 3211 952 3286; x_wconf 76' lang='lat' dir='ltr'>innetleotum,</span> <span class='ocrx_word' id='word_1_291' title='bbox 975 3211 1038 3272; x_wconf 88' lang='lat' dir='ltr'>iam</span> <span class='ocrx_word' id='word_1_292' title='bbox 1054 3228 1109 3286; x_wconf 88' lang='lat' dir='ltr'>po·</span> 
     </span>
     <span class='ocr_line' id='line_1_37' title="bbox 88 3282 1110 3367; baseline 0.023 -36"><span class='ocrx_word' id='word_1_293' title='bbox 88 3282 190 3344; x_wconf 83' lang='lat' dir='ltr'>lotest</span> <span class='ocrx_word' id='word_1_294' title='bbox 209 3293 427 3367; x_wconf 80' lang='lat' dir='ltr'>esse-bonum,</span> <span class='ocrx_word' id='word_1_295' title='bbox 452 3295 508 3355; x_wconf 91' lang='lat' dir='ltr'>sed</span> <span class='ocrx_word' id='word_1_296' title='bbox 528 3300 662 3354; x_wconf 87' lang='lat' dir='ltr'>nonest.</span> <span class='ocrx_word' id='word_1_297' title='bbox 692 3297 736 3356; x_wconf 86' lang='lat' dir='ltr'>Ita</span> <span class='ocrx_word' id='word_1_298' title='bbox 749 3296 832 3366; x_wconf 89' lang='lat' dir='ltr'>dico,</span> <span class='ocrx_word' id='word_1_299' title='bbox 855 3295 967 3353; x_wconf 84' lang='lat' dir='ltr'>Lucili:</span> <span class='ocrx_word' id='word_1_300' title='bbox 990 3295 1110 3356; x_wconf 88' lang='lat' dir='ltr'>bonum</span> 
     </span>
     <span class='ocr_line' id='line_1_38' title="bbox 129 3371 1120 3454; baseline 0.009 -26"><span class='ocrx_word' id='word_1_301' title='bbox 129 3377 193 3428; x_wconf 82' lang='lat' dir='ltr'>non</span> <span class='ocrx_word' id='word_1_302' title='bbox 208 3371 388 3450; x_wconf 35' lang='lat' dir='ltr'>lnvquolibet</span> <span class='ocrx_word' id='word_1_303' title='bbox 401 3394 546 3454; x_wconf 83' lang='lat' dir='ltr'>corpore,</span> <span class='ocrx_word' id='word_1_304' title='bbox 567 3394 628 3439; x_wconf 91' lang='lat' dir='ltr'>non</span> <span class='ocrx_word' id='word_1_305' title='bbox 643 3380 675 3439; x_wconf 91' lang='lat' dir='ltr'>in</span> <span class='ocrx_word' id='word_1_306' title='bbox 690 3379 824 3454; x_wconf 89' lang='lat' dir='ltr'>qualibet</span> <span class='ocrx_word' id='word_1_307' title='bbox 837 3385 938 3437; x_wconf 87' lang='lat' dir='ltr'>aetate</span> <span class='ocrx_word' id='word_1_308' title='bbox 952 3378 1120 3440; x_wconf 89' lang='lat' dir='ltr'>invenitur·</span> 
     </span>
     <span class='ocr_line' id='line_1_39' title="bbox 121 3453 1117 3540; baseline 0.007 -26"><span class='ocrx_word' id='word_1_309' title='bbox 121 3453 153 3505; x_wconf 79' lang='lat' dir='ltr'>et</span> <span class='ocrx_word' id='word_1_310' title='bbox 175 3459 290 3523; x_wconf 87' lang='lat' dir='ltr'>tantum</span> <span class='ocrx_word' id='word_1_311' title='bbox 311 3461 399 3525; x_wconf 88' lang='lat' dir='ltr'>abest</span> <span class='ocrx_word' id='word_1_312' title='bbox 420 3463 458 3526; x_wconf 91' lang='lat' dir='ltr'>ab</span> <span class='ocrx_word' id='word_1_313' title='bbox 478 3460 621 3536; x_wconf 82' lang='lat' dir='ltr'>inlantia,</span> <span class='ocrx_word' id='word_1_314' title='bbox 642 3471 787 3540; x_wconf 87' lang='lat' dir='ltr'>quantum</span> <span class='ocrx_word' id='word_1_315' title='bbox 807 3460 1117 3537; x_wconf 76' lang='lat' dir='ltr'>ammonianum.</span> 
     </span>
    </p>
   </div>
   <div class='ocr_carea' id='block_1_4' title="bbox 0 0 1216 3862">
    <p class='ocr_par' dir='ltr' id='par_1_4' title="bbox 0 0 1216 3862">
     <span class='ocr_line' id='line_1_40' title="bbox 0 0 1216 3862; baseline 0 0"><span class='ocrx_word' id='word_1_316' title='bbox 0 0 1216 3862; x_wconf 95' lang='lat' dir='ltr'> </span> 
     </span>
    </p>
   </div>
  </div>
 </body>
</html>
