2422 3862
221 211 393 273 norsum.
408 211 502 274 moa
523 212 647 298 nutu
668 213 801 277 anae
823 223 879 290 (n.
892 220 949 288 n.)
1034 216 1075 280 at

393 414 609 474 EPISTULA
637 419 683 477 IV.
710 417 782 494 (45.)

355 509 467 564 Seneca
483 513 594 565 Lucum
615 526 666 565 suo
686 524 826 567 surrent.

156 614 321 677 Librorum
344 616 413 677 istie
437 615 572 692 inopiam
594 631 669 677 esse
692 617 840 691 quereris.
885 617 954 678 Non
976 618 1104 692 relert‚1

99 715 187 775 quam
201 700 334 770 multos,
353 700 411 760 sed
424 715 517 773 quarn
531 700 631 761 bonos
645 699 778 762 habeam
800 700 889 761 lectio
905 709 988 763 certa
1005 718 1077 777 pro-

97 783 180 857 dest,
200 783 290 851 uarie
302 783 444 845 delectat
468 784 535 860 qui,
558 800 620 860 quo
635 784 814 858 destinavit,
828 784 992 859 pervenire
1002 788 1074 860 vult

97 883 188 927 onam
205 875 355 942 sequatur
369 867 466 941 viam,
488 884 550 929 non
571 883 628 944 per
647 869 760 929 mullas
779 874 920 943 vagetur:
948 886 1010 930 non
1033 871 1077 930 ire

96 952 189 1024 stuc,
218 951 281 1011 sed
304 964 408 1011 errare
433 959 489 1011 est.
529 952 685 1026 „Vellem
713 952 831 1027 inquis,
859 954 957 1029 magis
981 954 1105 1024 librosn

95 1035 166 1097 miii
183 1050 278 1111 quam
291 1035 452 1096 consilium
466 1036 588 1096 daresc‘
624 1035 691 1111 ligo
705 1049 779 1096 vero
795 1051 1009 1114 quoscumque
1022 1038 1076 1098 ha-

95 1119 172 1195 heo,
189 1119 309 1180 mittero
323 1126 447 1195 persius
462 1135 530 1181 sum
545 1127 577 1180 et
589 1126 687 1200 totum
699 1119 839 1181 horreum
854 1130 1008 1182 excutere
1028 1139 1076 1183 me

96 1219 223 1280 quoque
242 1202 319 1277 isto,
341 1202 368 1263 si
389 1218 532 1279 possem,
553 1205 764 1278 transferrem,
786 1211 816 1264 et
835 1205 895 1266 nisl
916 1215 1032 1267 mature
1047 1214 1076 1266 te

91 1288 186 1350 anem
202 1287 297 1350 oflicii
318 1303 475 1362 sperarem
490 1288 725 1363 inpetraturum,
745 1287 826 1349 hanc
841 1290 968 1351 senilem
981 1306 1076 1366 expe

95 1370 244 1434 ditionem
263 1370 448 1432 indixissem
466 1371 539 1433 mihi
555 1385 613 1433 noc
630 1387 679 1434 me
694 1371 865 1450 Charybdis
882 1381 913 1434 et
929 1373 1032 1452 Scylla
1046 1383 1077 1435 et

95 1456 271 1519 fabulosum
291 1455 374 1517 istud
394 1456 506 1518 fretum
524 1456 680 1519 deterrere
701 1457 884 1533 potuissent.
905 1463 1075 1519 manassem

93 1540 171 1615 ista,
193 1554 258 1603 nou
272 1540 371 1602 solum
384 1540 588 1615 uniemssenr,
608 1541 775 1603 dummodo
790 1547 820 1602 te
834 1539 987 1615 conplecti
1002 1557 1074 1616 pos·

95 1638 161 1686 seur
184 1631 217 1685 et
242 1638 393 1699 praesens
417 1625 594 1698 aestimare,
623 1633 767 1700 quantum
789 1622 890 1685 animo
911 1624 1075 1685 crevisses.

95 1709 236 1770 ceterum
253 1709 355 1784 quod
375 1708 500 1770 libros
522 1724 626 1770 meos
648 1707 719 1770 tihi
739 1708 837 1769 mitti
854 1707 1104 1782 desiderasse

95 1808 157 1854 non
177 1791 278 1868 magis
296 1793 367 1854 ideo
381 1806 431 1854 me
444 1791 595 1858 disertum
608 1800 683 1868 puto
698 1807 792 1868 quam
806 1792 974 1853 lormosum
989 1797 1074 1868 puta-

94 1892 176 1952 rem,
196 1877 225 1938 si
241 1877 403 1951 imaginem
418 1889 517 1937 msam
534 1883 665 1952 peteres.
697 1875 970 1950 indulgentiae
992 1877 1074 1936 selo

95 1961 204 2023 istud
229 1975 335 2035 esse,
356 1976 431 2022 non
452 1961 601 2021 iudicii.
634 1967 665 2020 et
680 1959 814 2021 simodo
829 1958 930 2019 iudicii
947 1966 1009 2034 est,
1030 1959 1074 2019 in-

97 2045 256 2120 dulgentia
269 2045 323 2106 tibi
339 2045 485 2121 inposuit.
520 2043 584 2106 Sed
599 2044 840 2120 qualescumque
855 2052 942 2118 sunt,
960 2052 993 2107 tu
1007 2045 1105 2106 illost

96 2129 142 2191 ric
154 2131 242 2205 lage,
261 2138 417 2204 tamquam
428 2144 536 2190 verum
552 2145 696 2206 quaeram
712 2127 826 2203 adium
843 2143 906 2188 non
920 2130 1032 2203 sciam,
1046 2137 1076 2188 et

96 2214 318 2276 contumaciter
325 2229 481 2290 quaeram.
496 2213 651 2275 nonenim
663 2229 711 2273 me
723 2213 863 2289 crriqnara
874 2213 1074 2289 emancipari,

95 2295 208 2360 nullius
235 2313 347 2359 nomen
372 2299 450 2359 iero.
479 2299 636 2359 multum
663 2310 883 2372 magnorum
905 2297 1074 2359 virorum

95 2380 247 2444 iudicio
263 2383 396 2456 credo,
419 2381 570 2457 aliquid
585 2389 622 2441 et
637 2395 717 2442 tneo
733 2381 899 2442 vindico·
920 2378 1075 2442 namilli

96 2481 253 2542 quoque
275 2480 347 2526 nou
368 2465 543 2540 inventa,
565 2465 873 2542 sedquaerenda
888 2464 1001 2524 nobis
1016 2479 1074 2523 re-

95 2551 309 2626 liquerunt,
331 2557 366 2610 et
383 2550 634 2611 invenissent
649 2550 816 2612 forsitan
831 2547 1073 2620 neccssaria,

95 2633 174 2695 nisi
193 2642 231 2695 et
255 2649 503 2709 supervacua
522 2635 785 2709 quaesissent.
819 2632 974 2692 Multum
993 2629 1103 2690 illisi

95 2717 288 2794 temporis
315 2718 520 2780 verborum
549 2718 748 2779 cavillatio
780 2716 926 2791 eripuit
952 2722 990 2775 et
1013 2730 1073 2774 oa-

96 2804 254 2878 ptiosae
276 2801 588 2878 disputationes,
618 2818 715 2877 quae
736 2813 895 2862 acumen
917 2798 1075 2859 inrltum

95 2894 295 2948 exercent
336 2886 490 2948 Nectimus
514 2886 614 2946 nodos
640 2895 670 2946 et
689 2885 862 2959 ambignum
878 2882 1075 2958 significatio·

97 2984 165 3031 nem
182 2968 286 3032 verbis
302 2969 466 3046 inligamus
479 2986 516 3031 ae
530 2969 642 3031 deinde
655 2968 870 3030 dissolvimns=
890 2974 1006 3028 tantum
1020 2981 1075 3027 no·

96 3054 270 3115 bismait
290 3055 349 3114 iam
365 3055 481 3127 vivere,
498 3053 560 3114 iam
570 3052 648 3114 mori
658 3051 795 3115 soimust
824 3050 964 3113 Totaillo
975 3058 1075 3116 mente

96 3139 287 3214 pergendum
310 3146 373 3213 est,
399 3135 452 3200 nbi
474 3136 628 3213 provideri
648 3136 753 3210 debet,
782 3152 821 3195 ns
841 3151 891 3197 res
913 3151 989 3208 nos,
1014 3150 1076 3194 non

94 3223 206 3299 verba,
232 3222 394 3297 decipiant.
431 3220 509 3295 Quid
529 3220 602 3283 mili
618 3236 730 3282 vocum
744 3216 957 3280 similitudines
970 3217 1103 3279 distin-6

92 3309 180 3383 guis,
209 3307 324 3382 quibus
346 3322 436 3368 nemo
458 3321 603 3382 umquam
626 3304 684 3365 nisi
705 3304 779 3365 dum
793 3302 944 3377 disputat,
968 3310 1075 3377 captus

92 3398 164 3452 estt
194 3405 249 3452 res
263 3391 384 3450 fallunt:
416 3390 485 3452 illas
503 3389 653 3450 discerne.
686 3387 745 3450 Pro
759 3385 851 3449 bonis
865 3387 946 3447 mala
961 3385 1075 3460 amale-

91 3475 220 3536 otimurr
248 3480 390 3548 optamus
407 3480 512 3536 eontra
532 3473 580 3550 id,
610 3472 697 3551 qnod
723 3472 917 3554 domuimus.
951 3474 1102 3548 nusum
