2422 3862
132 199 174 264 to
419 198 452 257 u.
474 160 622 258 Annum
644 195 819 258 sanusne

91 361 124 415 15
133 353 288 426 deficitur,
314 368 371 412 sua
393 358 504 427 sponte
523 350 684 411 subsidit.“
720 349 863 410 Libenter
876 350 970 422 baec,
994 351 1035 410 mi
1049 351 1107 413 Lu·

132 439 191 512 cili,
206 438 299 498 audio
313 452 374 498 non
388 443 543 512 tamquam
559 451 648 508 nova,
663 436 720 495 sed
737 443 891 510 tamquam
902 434 932 494 in
943 449 1008 495 rem
1021 451 1107 511 prae·

132 530 249 583 sentem
280 520 456 596 perductus.
500 519 578 594 Quid
609 527 704 594 ergo?
739 534 800 579 non
832 519 943 579 multos
969 521 1107 594 spectavi

132 608 351 682 abrumpentes
372 604 487 665 vitamt
522 619 581 680 ego
603 620 677 664 vero
699 603 777 679 vidi,
806 603 862 664 sed
877 604 947 679 plus
962 607 1108 666 momenti

133 691 217 766 apud
234 706 284 751 me
303 689 430 762 habeut,
461 688 514 764 qui
544 688 585 747 ad
610 695 737 748 mortem
753 688 879 749 veniunt
893 688 960 749 sine
975 689 1048 750 odio
1064 691 1108 751 vi·

93 778 126 832 16
134 783 182 834 tae
204 782 236 835 et
259 775 419 835 admittunt
442 774 539 845 illam,
567 788 629 832 non
655 772 824 834 adtrabunt.
860 772 957 847 „illud
984 774 1108 848 quidem
1140 778 1144 783 ’

133 859 235 920 aiebat
250 865 432 919 tormentum
448 864 556 918 nostra
570 871 629 918 nos
651 858 766 917 sentire
787 871 898 932 opera,
929 859 1016 932 quod
1036 866 1108 920 tunc

132 942 337 1018 trepidamus,
360 958 429 1005 cum
451 957 548 1018 prope
568 958 588 1002 a
607 940 696 1002 nobis
716 956 787 1002 esse
802 941 955 1002 credimus
969 950 1106 1004 mortem.

133 1044 152 1087 a
167 1043 230 1102 quo
244 1026 323 1088 enim
335 1043 401 1088 non
416 1042 515 1102 prope
530 1034 578 1088 est
588 1032 695 1101 parata
710 1024 851 1087 omnibus
863 1026 940 1087 loeis
952 1026 1106 1089 omnibus·

134 1126 195 1187 que
207 1109 390 1172 momentist
409 1109 471 1172 Sed
487 1111 728 1183 consideremus,
750 1110 856 1185 inquit,
872 1117 952 1184 tunc,
971 1127 1040 1172 cum
1055 1113 1106 1173 ali-

134 1211 197 1271 qua
210 1211 305 1258 causa
320 1193 468 1256 moriendi
483 1195 604 1256 videtur
616 1195 782 1268 accedere,
810 1201 924 1271 quanto
942 1196 1019 1256 aliae
1036 1213 1105 1272 pro·

133 1281 238 1356 plores
254 1279 323 1353 sint
340 1295 420 1355 quae
438 1296 499 1341 non
514 1280 672 1341 timentum
694 1279 794 1340 bostis
807 1279 898 1340 alicui
912 1289 1041 1341 mortem
1054 1283 1107 1342 mi-

132 1448 229 1510 rimus
243 1464 355 1511 causas
371 1455 469 1509 metus
484 1449 595 1522 nostri,
624 1449 814 1509 inveniemus
827 1448 903 1510 alias
918 1464 1004 1524 esee,
1030 1451 1106 1512 alias

133 1533 239 1593 videri.
261 1549 323 1595 non
344 1541 471 1594 mortem
492 1533 647 1607 timemus,
674 1533 730 1593 sed
756 1532 969 1608 cogitationem
990 1536 1106 1597 mortis.

133 1616 173 1678 ab
187 1617 349 1694 ipsaenim
360 1632 482 1693 semper
492 1618 679 1678 tantumdem
693 1617 850 1678 absumus.
872 1617 916 1678 Ita
932 1616 958 1678 si
973 1619 1107 1681 timendo

132 1718 215 1763 mors
237 1711 298 1775 est,
325 1717 448 1777 semper
464 1702 597 1762 timenda
612 1709 668 1778 est,¹
689 1703 773 1777 quod
786 1702 865 1763 enim
881 1709 1003 1778 tempus
1018 1705 1104 1765 morti

93 1794 125 1849 18
132 1795 306 1863 exemptam
318 1794 386 1848 esti
414 1785 474 1847 Sed
489 1785 589 1846 vereri
606 1787 721 1860 debeo,
737 1801 777 1846 ne
790 1794 851 1847 tam
866 1787 974 1862 longus
990 1789 1105 1864 epistu-

132 1872 177 1931 las
191 1871 281 1948 peius
300 1888 389 1947 quam
405 1878 533 1932 mortem
548 1870 662 1932 oderis.
691 1871 794 1946 itaque
814 1871 905 1930 linem
927 1873 1051 1934 inclama
1075 1880 1107 1934 tu

132 1963 232 2016 tamen
245 1963 372 2018 mortem
386 1963 419 2017 ut
432 1971 597 2032 numquam
613 1954 730 2030 timeas,
754 1970 876 2031 semper
887 1956 997 2032 cogita.
1018 1959 1105 2018 Vale.

438 2093 654 2152 EPISTULA
674 2096 708 2152 ll.
730 2098 801 2168 (el.)

381 2188 493 2240 Sennea
510 2191 622 2242 Lucmro
643 2204 695 2243 suo
713 2203 853 2246 suarna.

104 2305 119 2356 1
195 2298 342 2367 Agnosco
365 2292 512 2355 Lucilium
530 2308 646 2356 meum=
675 2297 781 2373 incipit
801 2313 891 2374 quem
914 2298 1105 2374 promiserat,

133 2374 288 2437 exhibere.
312 2392 478 2453 sequere
500 2379 605 2439 illum
625 2381 797 2456 inpetum
815 2383 947 2456 animi,
969 2400 1042 2460 quo
1062 2383 1106 2442 ad

133 2461 279 2537 optima
305 2476 483 2538 quaeque
508 2464 678 2526 calcatis
706 2467 965 2542 popularibus
991 2469 1105 2528 bonis

132 2546 235 2607 ibas=
258 2561 319 2606 non
335 2546 479 2607 desidero
492 2547 639 2610 malorem
654 2552 873 2628 melioremque
887 2561 918 2614 te
931 2551 998 2612 fleri
1014 2568 1105 2628 quam

131 2629 317 2691 moliebaris.
350 2629 559 2693 Fimdamentu
573 2641 625 2694 tua
646 2634 770 2696 multum
785 2637 844 2697 loci
860 2644 1106 2712 occupaverunt:

131 2720 248 2774 tantum
266 2713 371 2788 cilice,
392 2723 537 2789 quantum
552 2726 679 2780 conatus
694 2734 728 2779 es
740 2727 770 2780 et
783 2720 848 2795 illa,
869 2735 949 2796 quae
962 2728 1062 2782 tecum
1079 2721 1107 2780 in

101 2798 234 2857 tunimo
250 2798 358 2869 tulisti,
374 2805 478 2860 tracta.
510 2800 559 2861 Ad
574 2817 722 2862 summam
738 2805 863 2880 sapiens
879 2804 951 2880 eris,
967 2806 993 2866 si
1009 2808 1107 2867 cluse-

130 2882 173 2941 ris
188 2895 289 2955 aures,
305 2881 416 2957 quibus
435 2899 534 2944 ceram
552 2900 658 2961 parum
670 2895 718 2949 est
729 2888 859 2950 obdere:
879 2889 1014 2952 firmiore
1026 2891 1105 2966 spis·

130 2972 270 3025 samento
296 2979 376 3040 opus
397 2975 444 3028 est
465 2986 557 3045 quam
577 2972 608 3031 in
628 2973 723 3033 sociis
743 2989 833 3035 usum
852 2974 972 3036 Ulixem
997 2976 1106 3035 ierunt.

130 3048 182 3108 illa
197 3064 269 3122 vox,
288 3065 370 3124 quae
383 3048 549 3128 timebatur,
566 3063 631 3116 erat
643 3055 765 3132 blanda,
780 3067 954 3120 nontamen
967 3059 1105 3136 publica:

131 3140 162 3194 at
175 3132 268 3207 baec,
291 3136 594 3212 quorsumcunque,
619 3155 680 3200 non
696 3157 735 3202 ex
749 3159 812 3204 uno
826 3145 973 3220 scopulo,
993 3142 1051 3205 sed
1067 3158 1106 3202 ex

131 3217 213 3277 omni
227 3224 374 3278 terrarum
390 3227 475 3295 parte
498 3223 713 3285 circumsonat.
748 3227 982 3289 Praetervehere
1003 3228 1106 3302 itaque

131 3317 192 3361 non
208 3318 303 3363 unum
318 3305 418 3366 locum
436 3306 586 3368 insidiosa
597 3309 754 3384 voluptate
768 3321 955 3389 suspectum,
970 3311 1027 3372 sed
1043 3327 1106 3372 om-

131 3401 188 3447 nes
211 3386 314 3449 urbes.
336 3390 464 3451 surdum
482 3396 512 3452 te
537 3393 753 3456 amantissimis
775 3397 835 3458 tuis
856 3403 994 3472 praesta:
1024 3396 1105 3474 bono

129 3470 235 3532 animo
243 3474 323 3533 mala
337 3482 512 3549 precentur.
535 3482 565 3536 et
580 3476 606 3536 si
621 3492 693 3537 esse
708 3478 754 3539 uls
769 3479 859 3553 ielix,
880 3481 958 3542 deos
977 3494 1047 3555 ora,
1069 3495 1107 3539 ne
