2422 3862
165 205 230 271 ³12
463 203 497 264 L.
518 202 665 264 ANNAEI
687 201 863 263 SENECAE

168 359 306 419 culorum
330 356 565 432 gladiorumque
591 360 796 429 contemptus.
839 352 927 415 Libet
955 353 1156 419 admirantem

167 441 312 503 invictam
326 438 529 501 constantiam
544 437 601 498 viri
616 438 693 498 inter
705 436 844 514 publicus
856 439 962 500 ruinas
974 455 1036 499 non
1048 440 1155 502 laban·
1204 508 1209 519 ,

166 525 205 588 tis
221 525 337 585 dicere=

361 609 554 682 luxuriatque
568 608 640 668 toris
656 610 819 669 animosum
831 611 943 684 pecua.

124 691 434 754 72Proderitnon
449 696 609 765 tantum,
624 692 759 765 quales
774 706 865 751 esse
886 692 1041 751 soleant
1062 691 1154 753 boui

166 775 250 849 viri,
266 775 400 836 dicere
419 775 608 849 formamque
625 788 731 835 eorum
746 782 776 835 et
791 777 973 835 lineamenta
987 774 1153 851 deducere,

167 859 236 922 sed
263 855 401 934 quales
425 858 574 920 luerint
598 873 772 934 narrare,
797 866 828 921 et
850 873 1007 933 exponere
1028 859 1153 921 Catonis

165 943 240 1003 illud
260 941 397 1003 ultimum
417 958 454 1003 aa
474 941 673 1003 fortissimum
694 943 821 1018 volnus,
848 958 903 1017 per
921 943 1006 1018 quod
1026 943 1152 1005 libertas

166 1025 267 1087 amisit
285 1026 432 1101 animam,
452 1027 548 1087 Laelii
569 1026 751 1102 sapientiam
774 1034 805 1087 et
830 1042 899 1087 cum
923 1043 981 1087 suo
1005 1025 1151 1102 Scipione

166 1111 377 1183 concordiam,
394 1111 519 1173 alterius
535 1110 657 1172 Catonis
672 1110 754 1173 domi
770 1111 908 1187 lorisque
922 1109 1047 1186 egregia
1062 1110 1150 1184 lacta,

164 1194 335 1257 Tuberonis
362 1195 481 1271 ligneos
508 1196 622 1267 lectus,
649 1211 717 1256 cum
742 1195 772 1254 in
797 1195 952 1271 publicum
979 1201 1151 1256 sternerent

165 1279 376 1356 haedinasque
396 1296 453 1355 pro
474 1279 618 1355 stragulis
632 1280 730 1356 pelles
746 1286 777 1341 et
790 1287 861 1342 ante
876 1279 975 1354 ipsius
990 1279 1072 1339 Iovis
1088 1280 1147 1338 cel-

163 1364 224 1424 lam
238 1363 382 1440 adposita
397 1360 547 1451 conviviis
564 1380 641 1426 vasa
654 1363 774 1425 fictilia=
797 1364 871 1440 quid
886 1362 967 1424 aliud
984 1369 1149 1439 pauperta-

164 1454 224 1508 tem
237 1447 269 1510 in
285 1447 433 1524 capitolio
449 1455 656 1509 consecraret
674 1455 708 1510 ut
723 1448 837 1510 nullum
852 1448 936 1510 aliud
952 1448 1064 1507 lactum
1080 1447 1148 1508 eius

165 1531 309 1608 habeam,
329 1550 391 1608 quo
406 1533 489 1594 illum
506 1533 671 1595 catonibus
686 1534 834 1609 inseram,
850 1532 909 1594 hoc
926 1547 1034 1607 parurn
1049 1531 1147 1591 credi·

120 1618 255 1678 temust
284 1633 414 1680 censura
439 1617 495 1679 luit
514 1618 578 1693 illa,
604 1634 666 1678 non
691 1633 798 1678 coena.
844 1615 867 1676 0
892 1631 980 1691 quam
1004 1615 1149 1688 ignorant

163 1699 303 1762 homines
325 1700 430 1779 cupidi
450 1702 581 1777 gloriae,
603 1701 677 1778 quid
693 1701 743 1762 illa
764 1702 804 1762 sit
817 1707 870 1762 aul
887 1697 1146 1777 quemadmodum

163 1784 312 1861 petenda!
334 1787 385 1846 illo
407 1786 458 1848 die
473 1788 608 1863 populus
622 1786 780 1847 Romanus
795 1779 957 1847 multoru'm
970 1781 1145 1859 supellecti-

163 1869 223 1930 lem
238 1871 405 1946 spectavit,
421 1872 513 1932 unius
528 1871 654 1933 miratus
669 1878 727 1932 est.
757 1871 891 1931 omnium
906 1871 1023 1930 illorum
1038 1883 1147 1930 aurum

162 1960 386 2030 argentumque
401 1956 529 2018 fractum
544 1962 592 2018 est
606 1962 636 2016 el
650 1956 746 2016 milies
763 1955 942 2017 conflatum:
960 1960 992 2014 at
1003 1951 1147 2014 omnibus

162 2039 275 2100 seculis
290 2038 460 2101 Tuberonis
476 2039 578 2102 fictilia
593 2041 754 2101 durabunt.
798 2041 886 2101 Vale.

554 2253 760 2263 ——---—-

449 2427 484 2510 ln
511 2426 652 2512 llllll
679 2425 850 2510 lullum

515 2580 566 2631 ΑΙ)
593 2579 780 2631 LUCILIUM

206 2697 701 2798 EPISTULARUM
743 2697 1100 2797 Mttltltltl

534 2870 669 2931 LIBER
689 2868 765 2930 XVI.

463 3107 684 3181 EPISTULA
710 3109 731 3164 l.
761 3107 833 3179 (96.)

410 3199 522 3252 Sennea
539 3202 651 3254 Lucum
670 3213 722 3254 suo
742 3212 881 3253 susurru.

127 3311 143 3364 1
219 3302 331 3365 Tamen
347 3310 381 3366 tu
395 3305 561 3380 indignaris
576 3306 760 3380 aliquidaut
776 3306 916 3381 quereris
931 3311 961 3364 et
975 3319 1036 3364 non
1052 3302 1143 3363 intel-

153 3387 231 3465 legis
243 3388 316 3450 nihil
328 3404 399 3450 csse
412 3388 442 3447 in
454 3387 522 3449 istis
533 3390 604 3451 mali
616 3389 675 3450 nisi
687 3389 745 3451 hoc
757 3407 859 3463 unum,
873 3388 957 3466 quod
969 3387 1144 3462 indignaris

141 3478 175 3531 et
191 3471 361 3548 quererlsr
402 3471 437 3537 Si
454 3489 505 3538 me
526 3473 712 3552 interrogas,
730 3474 833 3534 nibil
852 3481 944 3550 quta
965 3470 1048 3531 viro
1071 3468 1141 3531 mi·
