2422 3862
171 244 235 308 284
292 268 295 274 ·
464 245 497 304 L.
519 244 666 303 ANNAEI
688 243 864 304 SENECAE

171 413 251 474 quae
265 413 359 458 causa
373 397 499 458 inducat
510 403 639 468 noctem,
653 411 733 470 quae
747 397 874 455 reducat
885 395 981 455 diem:
998 396 1070 456 illuc
1082 395 1157 458 eun‘-

129 483 241 542 todum
256 489 312 552 est,
329 481 380 542 ubi
391 482 450 542 ista
467 481 597 556 propius
609 478 777 554 adspicias.
798 485 878 552 [nec]
894 480 959 540 Hac
978 496 1045 554 spe,
1058 481 1157 556 inquit

170 566 295 640 sapiens
311 565 371 638 ille,
392 563 501 626 lortius
513 580 601 635 exeo,
619 564 703 636 quod
718 570 824 638 patere
838 563 911 622 mihi
923 565 963 623 ad
976 564 1053 624 deos
1068 582 1156 628 meos

169 651 225 710 iter
247 650 358 709 iudico.
388 649 485 710 merui
510 648 632 722 quidem
652 647 769 706 admitti
789 654 820 707 et
840 646 899 706 iam
921 648 999 709 inter
1022 648 1092 710 illos
1114 651 1156 711 lui

169 735 364 807 animumque
380 733 431 794 illo
448 748 549 792 nreum
566 730 634 790 misi
649 738 679 790 ct
696 732 736 790 ad
753 747 802 791 me
822 731 865 790 illi
888 747 976 791 suum
995 732 1151 794 miserant.

169 817 227 877 sed
240 817 304 875 tolli
320 832 368 875 me
383 816 535 877 demedio
551 822 624 890 puta
641 822 757 889 etpost
773 821 901 875 mortem
916 815 990 874 nihil
1002 831 1041 876 ex
1059 817 1153 877 homi·

171 918 208 961 ne
226 908 359 960 restare:
383 914 483 974 aeque
505 915 648 974 magnum
665 899 798 959 animum
811 899 927 973 habeo,
949 901 1068 960 etiamsi
1083 918 1155 962 nus-

131 996 159 1048 ιι
175 1001 265 1059 quam
288 984 470 1044 transiturus
492 983 621 1044 excedo.
653 982 739 1056 „Non
761 988 821 1042 tam
843 983 944 1043 multis
968 985 1043 1044 vixit
1067 985 1154 1046 annis

174 1084 266 1142 quam
283 1067 410 1142 potuit.“
440 1068 477 1127 Et
488 1082 656 1142 paucorum
671 1083 817 1127 versuum
832 1067 908 1126 liber
926 1077 974 1127 est
989 1074 1019 1126 et
1034 1069 1154 1143 quidem

168 1153 341 1212 laudandus
363 1159 455 1227 atque
477 1152 573 1211 utilis=
595 1152 722 1210 annales
737 1150 861 1211 Tanusii
880 1151 942 1211 scis
965 1168 1056 1226 quam
1077 1169 1154 1226 pon-

169 1235 273 1296 derosi
288 1237 348 1298 sint
362 1243 391 1295 et
403 1237 477 1310 quid
488 1242 645 1296 vocentur.
661 1234 721 1295 hoc
735 1241 783 1295 est
797 1236 858 1295 vita
873 1235 1074 1309 quorumdam
1088 1235 1152 1295 lon-

129 1329 215 1394 tiga,
231 1328 261 1380 et
277 1320 360 1395 quod
371 1320 494 1380 Tanusii
509 1318 648 1394 sequitur
660 1320 796 1378 annales.
815 1318 969 1394 Numquid
988 1320 1152 1380 feliciorem

169 1405 286 1465 iudicas
306 1420 390 1476 eum,
420 1404 470 1478 qui
494 1419 612 1463 summo
632 1403 682 1462 die
697 1403 848 1477 muneris,
879 1419 970 1478 quarn
991 1419 1073 1478 eum,
1103 1405 1153 1478 qui

162 1488 270 1549 medio
293 1488 463 1549 occiditur?
490 1486 637 1562 numquid
660 1487 793 1562 aliquem
815 1494 876 1547 tam
897 1488 986 1551 stulte
1007 1487 1153 1562 cupidum

169 1587 240 1632 esse
255 1574 333 1633 vitae
350 1580 457 1647 putaS,
482 1577 515 1631 ut
535 1571 664 1646 iugulari
686 1571 716 1630 in
735 1569 881 1646 spoliario
901 1587 992 1646 quam
1012 1571 1042 1628 in
1059 1587 1153 1631 arena

168 1658 271 1716 maliti
285 1673 345 1716 non
361 1655 475 1716 maiore
488 1656 588 1729 spatio
602 1656 678 1715 alter
691 1656 817 1714 alterum
831 1655 1052 1730 praecedimus.
1067 1653 1153 1716 Mors

170 1756 225 1814 per
242 1755 347 1802 omnes
363 1741 399 1801 it:
417 1740 468 1815 qui
485 1738 605 1814 occidit,
622 1740 821 1813 consequitur
836 1740 980 1800 occisum.
995 1738 1153 1800 minimum

169 1832 224 1898 est,
241 1826 279 1885 de
296 1841 357 1900 quo
374 1823 590 1885 sollicitissime
606 1824 714 1896 agitur.
746 1824 822 1899 quid
834 1831 934 1884 autem
949 1825 988 1883 ad
1003 1840 1067 1884 rem
1085 1840 1153 1898 per-

169 1907 250 1981 tinet,
268 1909 428 1984 quamdiu
444 1906 536 1982 vites,
555 1907 640 1982 quod
655 1908 769 1968 evitare
787 1924 846 1968 non
867 1907 991 1983 possis?
1020 1908 1109 1967 Vale.

471 2043 688 2102 EPISTULA
716 2046 751 2100 ΙΙ.
781 2046 853 2116 (94.)

423 2139 534 2190 Sunuci
551 2140 663 2191 Lucrtro
684 2151 735 2190 suo
756 2151 896 2190 snrurrn.

142 2259 157 2308 1
232 2239 319 2300 Eam
345 2250 491 2316 partem
524 2243 819 2318 philosophiae,
852 2258 951 2318 quae
978 2243 1042 2303 dat
1070 2260 1139 2318 pro

169 2322 252 2396 pria
268 2323 410 2399 cuique
427 2341 623 2399 personae
637 2336 849 2403 praecepta
863 2343 920 2386 neo
936 2327 1153 2388 inuniversum

169 2407 314 2481 conponit
328 2407 495 2480 hominem,
524 2411 580 2470 sed
599 2411 706 2471 marito
721 2412 849 2483 suadet,
870 2412 1027 2485 quomodo
1049 2427 1085 2470 se
1101 2427 1154 2486 ge-

167 2499 214 2551 rat
229 2492 381 2553 adversus
398 2509 534 2566 uxorem,
553 2495 638 2569 patri,
658 2495 814 2570 quomodo
829 2495 941 2555 educet
954 2494 1079 2569 liberoS,
1099 2497 1153 2554 do-

167 2574 264 2648 mino,
281 2578 437 2651 quomodo
454 2593 562 2637 servos
584 2586 685 2652 regat,
717 2576 872 2654 quidam
897 2580 1021 2638 solam
1048 2594 1153 2638 rece-

168 2667 318 2732 perunt.
355 2670 473 2722 ceteras
497 2662 586 2736 quasi
609 2670 696 2723 extra
711 2663 867 2722 utilitatem
887 2671 1022 2723 nostram
1038 2679 1154 2736 vagan-

166 2751 213 2803 tes
229 2744 430 2819 reliquerunt,
455 2753 610 2821 tamquam
632 2748 700 2821 quis
724 2754 831 2821 posset
853 2747 892 2806 dc
909 2753 994 2822 parte
1010 2748 1153 2818 suadere,

137 2826 225 2885 anisi
242 2827 293 2900 qui
313 2844 461 2887 summam
478 2829 562 2903 prius
579 2830 672 2890 totius
687 2831 767 2890 vitae
790 2832 961 2906 conplexus
977 2839 1033 2892 est.
1078 2830 1154 2891 Sed

166 2910 328 2972 Ariston
346 2910 501 2972 Stoicus
518 2914 555 2992 [e]
572 2916 723 2975 contrario
745 2915 844 2974 hanc
861 2924 1007 2990 partem
1029 2917 1153 2975 levem

167 2992 369 3053 existimat
385 3002 415 3054 et
431 3012 509 3069 quae
525 3015 586 3057 non
602 2998 771 3060 descendat
790 2999 819 3057 in
842 3009 950 3074 pectus
972 3015 1081 3074 usque.
1115 2999 1154 3058 ad

166 3077 248 3136 illam
269 3075 430 3152 habentem
464 3090 628 3156 praecepta
653 3083 813 3157 plurimum
835 3083 876 3142 ait
903 3083 1056 3158 proficere
1083 3080 1153 3157 ipsa

169 3159 294 3220 decreta
304 3161 519 3237 philosophiae
532 3166 841 3240 constitutionemque
849 3167 958 3227 summi
970 3167 1051 3238 boni,
1062 3182 1153 3241 quam

169 3244 220 3318 qui
232 3244 310 3304 bene
322 3245 477 3322 intellexit
490 3265 525 3308 ac
538 3249 650 3321 didicit,
668 3249 741 3326 quid
754 3251 783 3308 in
796 3266 919 3325 quaque
934 3267 968 3310 re
980 3251 1153 3310 laciendum

137 3327 220 3400 ssit,
240 3329 297 3388 sibi
313 3329 382 3407 ipse
404 3334 570 3407 praecepit.
603 3334 863 3406 Quemadmodum
888 3335 938 3408 qui
961 3335 1087 3393 iaculari
1108 3336 1153 3393 di·

169 3413 234 3486 scil,
249 3413 431 3473 destinatum
445 3417 545 3476 locum
558 3425 659 3492 captat
671 3425 701 3478 et
713 3434 835 3479 nianum
848 3418 958 3479 format
968 3418 1007 3476 ad
1021 3418 1153 3492 dirigen-

169 3498 216 3570 da,
235 3513 315 3571 quae
329 3498 429 3571 mittit,
452 3515 520 3559 cum
541 3500 621 3560 hanc
637 3502 697 3561 vim
714 3517 753 3561 ex
775 3501 937 3576 disciplina
959 3509 989 3562 et
1004 3503 1152 3572 exercita-
