2422 3862
218 243 388 306 EPISTUL.
402 243 496 306 molt.
516 245 588 306 LIB.
603 245 709 306 XVIII.
731 246 788 323 up.
804 255 829 309 1.
854 252 943 321 (104.)
1008 245 1074 312 aba

91 396 277 461 Paulinae
292 411 379 456 meae
393 394 467 470 dixi,
485 411 565 471 quae
579 396 652 457 mihi
666 397 862 459 valitudInem
877 413 976 460 meam
990 413 1074 460 com·

92 479 952 558 mendatnamoumsoiamspirltumilliusinmeo
966 484 1075 559 verti,

92 566 249 641 incipio,
264 571 303 625 ut
317 564 375 623 illl
391 566 602 639 consulam,
620 565 709 626 mihi
724 568 942 627 consulere.
963 575 1091 628 etcum>

91 667 141 711 mc
156 650 311 710 fortiorem
323 656 465 709 senectus
477 649 517 709 ad
529 651 622 710 multa
632 648 808 722 reddiderit,
824 650 884 711 hoe
895 650 1077 711 beneficium

92 734 200 795 aetatis
221 732 334 792 amitto.
364 732 446 792 venit
466 733 545 793 enim
568 731 641 798 milri
661 734 691 793 in
713 740 861 808 mentem,
882 734 912 794 ln
927 735 987 795 boc
1001 749 1076 796 sene

92 826 123 878 et
137 818 365 877 adulescentem
380 832 466 890 esse,
489 817 538 877 cui
559 817 701 892 parcitur.
729 818 832 893 itaque
853 819 997 893 quoniam
1017 833 1076 893 ego

92 902 132 961 ab
147 902 197 960 illa
216 917 278 960 non
293 898 438 975 impetro,
457 905 491 960 ut
504 916 553 960 me
568 901 676 962 lortius
692 908 786 975 amet,
807 902 949 978 impetrat
963 903 1028 976 illa,
1043 907 1077 962 ut

92 1001 140 1045 me
156 984 330 1059 diligentins
346 999 453 1045 amem.
478 984 700 1059 Indulgendum
716 992 763 1046 est
778 987 859 1046 enim
872 986 1010 1047 honestis
1022 983 1105 1046 tad-³

92 1069 239 1129 lectibus:
267 1073 297 1129 et
311 1067 477 1141 interdum,
502 1069 621 1129 etiamsi
641 1076 784 1145 premunt
798 1085 927 1145 causae,
949 1069 1075 1146 spIritus

91 1152 293 1213 inhonorem
316 1168 440 1212 suorum
464 1154 511 1212 vel
533 1167 601 1213 cum
621 1160 770 1213 tormento
792 1155 985 1215 revocandus
1001 1161 1031 1214 et
1045 1154 1075 1212 in

92 1237 163 1312 ipso
179 1251 232 1297 ore
248 1236 426 1296 retinendus
441 1243 497 1309 est,
518 1252 587 1296 cum
601 1237 684 1297 bono
698 1235 766 1298 viro
779 1238 945 1298 vivendum
961 1238 1076 1299 sitnon

95 1321 238 1397 quamdin
254 1319 351 1393 iuvat,
373 1320 430 1380 sed
446 1320 592 1395 quamdiu
610 1327 746 1396 oportetr
766 1321 832 1396 ille,
854 1323 906 1397 qui
924 1337 985 1382 non
1000 1338 1076 1382 uxo-

92 1419 167 1479 rem,
181 1420 243 1465 non
258 1404 388 1464 amicum
402 1404 475 1465 tanti
489 1411 588 1480 putat,
602 1411 637 1466 ut
650 1405 764 1465 dlutius
779 1406 809 1464 in
830 1406 891 1466 vita
907 1420 1075 1466 commore-

92 1499 155 1562 tur,
185 1488 237 1563 qui
264 1488 473 1562 perseverabit
498 1488 588 1561 mori,
614 1489 761 1549 delicatus
783 1496 840 1549 est.
873 1488 932 1547 hoc
952 1504 1076 1563 quoque

93 1573 222 1647 imperet
236 1571 294 1631 sibi
310 1573 445 1645 animus,
467 1572 520 1633 ubi
539 1572 653 1633 utilitas
669 1588 795 1633 suorum
809 1571 915 1646 exigit,
938 1586 995 1632 nee
1010 1579 1075 1632 tan·

93 1665 165 1729 tum,
183 1656 210 1716 si
224 1655 288 1717 vult
302 1656 388 1730 mori,
404 1657 461 1719 sed
476 1655 504 1717 si
519 1656 629 1730 coepit,
644 1655 819 1717 intermittat
829 1662 859 1715 et
870 1656 934 1715 suis
946 1671 981 1715 se
994 1670 1075 1715 com-

93 1740 207 1824 modet.
250 1740 386 1815 Ingentis
401 1740 492 1800 ammi
507 1747 555 1800 est
572 1740 671 1799 aliena
685 1755 780 1800 causa
793 1739 832 1800 ad
847 1737 939 1799 vitam
953 1739 1104 1813 revertit

95 1824 179 1898 quod
193 1824 294 1898 magni
311 1824 366 1883 viri
378 1840 473 1899 saepe
489 1825 635 1884 lecerunt.
658 1824 714 1882 sed
729 1823 789 1884 boo
804 1839 928 1899 quoque
940 1839 1076 1883 summae

93 1906 289 1978 humanitatis
305 1909 462 1982 existimo,
483 1914 671 1967 senectutem
692 1923 794 1981 suam,
817 1907 904 1967 cuius
924 1907 1075 1967 maximus

94 1992 211 2051 fructus
233 1998 281 2052 est
303 1987 441 2052 securior
463 1991 511 2052 sui
532 1992 623 2053 tutela
644 1997 674 2051 et
695 1992 774 2052 vitae
796 2007 872 2052 usus
900 1989 1075 2064 animosior,

94 2075 247 2136 adtentius
270 2077 439 2148 custodire,
466 2077 492 2136 si
517 2076 599 2136 scias
618 2073 711 2135 alleui
735 2083 853 2136 tuorum
880 2090 951 2136 esse
976 2075 1074 2148 dulce,

94 2159 181 2234 utile,
198 2160 340 2234 optabile.
384 2160 485 2220 Habet
498 2166 657 2236 praeterea
671 2158 701 2219 in
717 2175 829 2222 senon
845 2160 1000 2221 mediocre
1018 2159 1104 2219 ista5

94 2259 145 2303 res
166 2244 311 2317 gaudium
333 2251 363 2304 et
382 2245 569 2305 mercedem:
600 2243 678 2318 quid
695 2244 774 2304 enim
800 2244 963 2306 iucundius
985 2258 1077 2318 quam

94 2328 183 2387 uxori
204 2335 266 2387 tam
287 2343 391 2388 carum
413 2343 500 2402 esse,
522 2335 556 2389 ut
576 2337 702 2403 propter
722 2328 782 2402 hoc
804 2328 857 2389 tibi
881 2329 981 2388 carior
995 2326 1077 2386 llast

93 2417 198 2486 potest
211 2411 313 2484 itaque
327 2410 451 2470 Paulina
464 2427 533 2471 mea
546 2427 608 2472 non
623 2419 737 2472 mutum
754 2427 843 2473 suum
855 2412 926 2471 mihi
938 2411 1075 2471 timorem

93 2495 250 2567 inputare,
266 2492 322 2551 sed
337 2491 427 2552 etlam
443 2509 554 2554 meum.
591 2494 716 2568 Quaeris
734 2510 817 2569 ergo,
833 2493 989 2568 quomodo
1002 2492 1105 2552 mlhid

94 2575 256 2663 consilum
276 2576 475 2649 profectionis
497 2575 645 2636 cesserit?
687 2578 727 2637 Ut
746 2578 874 2652 primum
898 2576 1075 2651 gravitatem

93 2659 179 2722 urbis
195 2661 317 2720 excessi
332 2667 362 2720 et
376 2660 458 2721 illum
471 2660 597 2720 odorem
610 2661 776 2721 culinarum
793 2659 979 2734 sumentium,
996 2675 1077 2734 quae

94 2753 196 2806 motae
219 2745 364 2820 quioquid
381 2742 519 2820 pestiferi
540 2745 666 2819 vaporis
682 2743 851 2804 obruerant
865 2759 933 2803 cum
950 2743 1077 2818 pulvere

96 2829 264 2903 effundunt,
282 2829 461 2904 protinus
481 2835 659 2889 mutatam
681 2826 938 2888 valitudinem
956 2827 1076 2889 sensi.

96 2922 240 2989 quantum
255 2914 366 2986 delnde
382 2915 532 2975 adiectum
549 2919 638 2988 putas
653 2912 778 2986 vlribus,
792 2920 957 2987 postquam
970 2910 1076 2971 vineas

95 2997 211 3073 adtigit
230 2998 261 3058 in
277 3014 426 3074 pascuum
441 2999 574 3059 emissus
589 2997 689 3057 cibum
704 3013 804 3057 meum
818 2996 926 3056 invasi.
948 2996 1077 3071 repetivi

95 3098 168 3158 ergo
184 3083 243 3142 iam
259 3099 316 3142 me.
335 3099 397 3144 non
413 3083 579 3158 permansit
591 3097 711 3142 marcor
725 3082 775 3141 ille
792 3079 933 3156 corporIs
949 3080 1078 3141 dubitet

94 3169 173 3229 male
189 3165 358 3242 cogitantis.
379 3167 527 3243 incipio
544 3173 623 3228 toto
645 3166 768 3227 animo
785 3165 953 3226 studere.
996 3163 1104 3224 Non'l
1156 3237 1162 3245 μ

95 3254 250 3312 multum
272 3253 316 3311 ad
338 3252 409 3311 hoc
431 3253 542 3312 locus
558 3251 724 3324 confert,
742 3249 800 3309 nisi
816 3265 851 3310 se
868 3248 926 3310 sibi
941 3255 1077 3324 praestat

98 3336 232 3408 animus,
249 3336 299 3410 qui
318 3342 469 3396 secretum
484 3336 514 3396 ln
529 3333 781 3409 occupationibus
796 3333 920 3406 mediis,
941 3332 967 3392 sl
986 3333 1075 3405 volet,

97 3418 234 3478 habebit:
250 3419 349 3495 atille,
365 3421 416 3496 qui
428 3420 570 3495 regiones
582 3420 664 3494 eligit
678 3425 707 3479 et
719 3418 811 3479 otium
824 3423 934 3493 captat,
951 3413 1075 3488 abique,

98 3519 158 3578 quo
170 3503 373 3578 distringatur,
385 3504 528 3566 inveniet.
543 3521 613 3566 nam
626 3503 784 3565 Socratem
796 3499 934 3621 querenti
947 3497 1076 3571 cuidam,
1117 3580 1121 3584 Δ
