2422 3862
438 236 670 293 FRAGMENTA.
990 234 1053 298 429

74 392 98 448 si
114 390 261 455 deformis,
271 391 301 446 ¹si
313 391 450 461 superba,
466 390 490 444 si
504 388 623 464 foetida,
638 389 835 462 quodcumque
847 392 906 448 vitii
921 398 977 460 est,
988 399 1052 462 post

74 475 185 546 nuptias
200 474 343 529 discimus.
373 473 484 544 Equus,
494 473 605 543 asinus,
617 475 684 543 bos,
700 475 777 530 canis
790 482 817 530 et
827 475 962 532 vilissima
972 491 1051 531 man-

75 559 162 630 cipia,
176 563 272 614 vestes
290 572 402 629 quoque
418 563 444 612 et
459 559 580 626 lebetes,
602 557 691 613 sedile
712 559 855 630 ligneum,
874 559 947 614 calix
962 565 989 614 et
1004 575 1051 613 ur-

75 643 171 698 ceolus
186 640 276 696 fictilis
293 642 446 713 probantur
460 641 538 712 prius
556 641 637 697 etsie
652 649 794 696 emunturs
820 643 881 698 sola
903 657 974 698 uxor
990 657 1049 697 ¹non

74 724 243 795 ostenditur,
262 741 296 779 ne
309 732 372 780 ante
385 724 530 795 displiceat
540 738 624 794 quam
637 724 762 780 ducatur.
788 718 968 781 Attendenda
978 742 1051 780 sem·
1064 727 1094 779 bl

73 825 126 880 per
145 809 205 864 eius
221 813 264 863 est
277 810 364 863 tocies
379 813 406 863 et
419 807 596 879 pulchritudo
608 807 765 878 laudando,
783 809 857 865 nesi
872 810 988 865 alteram
1002 809 1052 864 ad-

74 892 212 965 spexere,
225 909 256 946 se
270 891 407 947 existimet
418 891 578 963 displicere.
594 892 724 947 vocanda
737 892 894 957 domina.
907 893 1052 949 eelebren-

74 976 127 1031 dus
144 977 244 1030 natalis
260 976 335 1045 eius,
351 973 499 1029 iurandum
513 991 565 1046 per
579 977 697 1030 salutem
710 976 799 1046 illius,
813 982 843 1031 ut
858 976 893 1031 sit
909 982 1052 1047 superstes

74 1058 238 1130 optandum.
259 1056 425 1113 honoranda
446 1059 537 1112 nutrix
554 1059 614 1113 eius
632 1065 659 1113 et
673 1061 786 1131 gerula,
804 1075 904 1117 servus
918 1065 1052 1132 paternus

74 1150 102 1199 et
116 1145 244 1198 alumnus
260 1147 287 1196 et
301 1144 440 1198 formosus
456 1144 566 1197 assecla
582 1148 609 1196 et
625 1149 790 1213 procurator
808 1144 1010 1199 calamistratus
1026 1149 1053 1197 et

75 1227 103 1280 in
123 1227 235 1296 longam
255 1241 440 1296 securamque
456 1225 597 1281 libidinem
613 1232 741 1282 exsectus
757 1228 863 1299 spado,
884 1230 936 1283 sub
952 1228 1052 1298 quibus

75 1309 233 1364 nominibus
247 1309 366 1365 adulteri
380 1309 560 1376 delitescunt3
583 1325 765 1381 quoscunque
784 1311 830 1365 ills
845 1310 988 1380 dilexerit,
1010 1311 1052 1364 in-

75 1394 162 1465 gratis
180 1392 302 1449 amandi.
344 1391 373 1448 Si
397 1398 480 1448 totam
501 1392 614 1447 domum
639 1395 795 1465 regendam
818 1394 844 1449 ei
870 1394 1053 1461 commiseris,
1065 1395 1099 1448 52

75 1475 258 1533 serviendum
270 1483 325 1532 ests
343 1477 368 1532 si
380 1475 485 1548 aliquid
495 1481 542 1531 tuo
555 1477 667 1531 arbitrio
679 1478 887 1548 reservaveris,
903 1476 990 1532 fidem
1000 1476 1053 1532 sibi

74 1560 244 1616 heberinon
257 1560 364 1632 putabit
377 1559 470 1616 sedin
486 1560 580 1615 odium
591 1566 715 1617 vertetur
729 1576 762 1616 nc
772 1560 877 1632 iurgia,
894 1565 920 1615 et
934 1561 987 1616 nisi
999 1560 1052 1614 cito

75 1645 265 1711 consulueris,
283 1644 392 1716 parabit
405 1660 525 1700 venena.
556 1644 635 1699 Anus
650 1650 678 1698 et
691 1645 836 1716 aruspices
852 1650 879 1700 et
893 1643 1016 1699 hariolos
1027 1650 1054 1698 et

75 1729 215 1783 institores
235 1744 410 1799 gemmarum
431 1727 640 1799 sericarumque
668 1729 788 1784 vestium
812 1728 836 1783 si
861 1728 1052 1797 intromiseris,

75 1813 230 1884 perieulum
244 1811 395 1883 pudicitiae
411 1817 467 1867 ests
494 1811 518 1866 si
538 1810 729 1883 prohibueris,
755 1812 923 1883 suspicionis
944 1812 1051 1866 iniuria.

74 1896 182 1949 Verum
204 1895 270 1963 quid
293 1895 410 1966 prodest
428 1895 511 1950 etism
531 1895 650 1967 diligens
666 1895 808 1965 custodie,
832 1912 895 1951 cum
908 1911 979 1951 uror
994 1911 1053 1949 ser·
1064 1895 1100 1950 53

75 1978 138 2035 vari
158 1976 300 2049 impudica
320 1994 376 2034 non
397 1980 500 2050 possit,
525 1979 629 2050 pudica
650 1996 707 2035 non
722 1979 844 2035 debeat?
872 1979 959 2034 infida
979 1979 1053 2034 enirn

76 2066 170 2117 custos
185 2069 228 2117 est
244 2063 376 2118 eastitatis
388 2063 559 2132 necessitas,
576 2069 602 2119 et
613 2064 660 2119 illa
670 2079 739 2121 vere
750 2064 854 2135 pudiea
870 2063 990 2119 dicenda
1003 2067 1053 2131 est,

76 2146 121 2202 eui
135 2147 210 2201 licuit
224 2162 344 2217 peecare
360 2147 411 2203 sed
419 2147 515 2203 noluit.
542 2146 661 2203 Pulchra
672 2148 726 2204 cito
738 2148 899 2218 adamatur,
914 2147 999 2203 toeda
1013 2148 1053 2200 ta-

75 2231 128 2285 eile
144 2231 324 2301 concupiscit.
347 2229 459 2285 ditficile
474 2232 641 2300 custoditur,
660 2231 736 2302 quod
750 2234 845 2304 plures
864 2236 971 2287 amant:
993 2247 1058 2285 mo-v

75 2315 175 2367 lestum
191 2318 234 2367 est
247 2312 411 2383 possidere,
425 2314 501 2384 quod
516 2330 599 2370 nemo
613 2315 719 2372 habere
736 2316 875 2388 dignetur.
891 2315 998 2371 minore
1012 2320 1073 2368 ta·.

77 2410 142 2449 men
162 2395 275 2450 miseria
290 2395 423 2452 deformis
438 2396 556 2452 habetur
572 2415 656 2469 quam
674 2401 797 2455 formosa
812 2404 951 2456 servatur.
980 2394 1052 2450 Nihil

78 2484 164 2534 tuturo
179 2483 236 2546 est,
250 2479 278 2531 in
291 2478 367 2547 quod
381 2480 463 2533 totius
476 2482 572 2550 populi
593 2487 660 2538 vota
681 2482 837 2553 suspirant:
863 2482 934 2536 alius
955 2482 1054 2545 torma,

77 2562 147 2616 nlius
166 2561 295 2632 ingenio,
317 2561 387 2616 alius
402 2562 524 2631 facetiis,
540 2563 610 2618 alius
625 2564 787 2619 liberalitate
802 2564 946 2618 sollicitati
961 2562 1054 2631 aliquo

77 2643 162 2700 modo
183 2646 229 2699 vel
257 2643 407 2714 aliquando
435 2650 626 2716 expugnatur,
650 2646 726 2716 quod
747 2647 871 2716 undique
897 2645 1054 2705 incessitur.

79 2729 160 2796 Quod
175 2729 199 2784 si
212 2733 328 2800 propter
343 2727 582 2800 dispensationem
597 2730 698 2785 domus
713 2735 741 2786 et
757 2730 900 2802 languoris
914 2729 1012 2787 solatia
1027 2735 1054 2784 et
1066 2735 1100 2788 54

76 2815 173 2885 lugam
187 2813 343 2868 solitudinis
363 2813 501 2869 ducuntur
515 2828 636 2883 uxores,
652 2815 737 2868 multo
752 2815 851 2871 melius
867 2831 967 2872 servus
983 2812 1053 2869 fide·

76 2898 110 2952 lis
126 2896 287 2968 dispensat,
303 2897 438 2953 obediens
453 2899 607 2954 auctoritati
622 2897 727 2953 domini
739 2903 766 2954 et
777 2898 979 2970 dispensationi
994 2897 1054 2954 eius

78 2983 289 3052 obtemperans,
312 2997 395 3051 quam
418 2998 501 3051 uror,
524 2998 596 3053 quae
611 2983 638 3037 in
654 2999 688 3038 eo
704 2999 735 3038 se
750 2983 889 3038 existimet
903 2983 1054 3051 dominam,

77 3066 101 3121 si
114 3064 267 3121 adversum
281 3066 334 3122 viri
356 3067 438 3121 iaciat
453 3067 640 3137 voluntatem,
655 3065 756 3137 idest,
779 3066 855 3138 quod
868 3069 976 3139 placet,
998 3080 1055 3122 non

78 3148 155 3219 quod
169 3151 288 3205 iubetur.
315 3149 452 3206 Assidere
468 3157 562 3207 autem
573 3151 727 3223 aegrotanti
742 3152 833 3223 magis
844 3158 963 3223 possunt
973 3149 1054 3207 amici
1065 3152 1100 3206 55

79 3239 105 3286 et
122 3236 256 3289 vernulae
270 3233 415 3290 benefieiis
429 3235 556 3307 obligati,
572 3251 656 3306 quam
673 3235 734 3306 illa,
758 3251 831 3308 quae
845 3237 925 3293 nobis
940 3237 1055 3308 imputat

78 3315 207 3372 lacrimas
221 3333 288 3373 suus
301 3324 328 3372 et
340 3317 502 3375 hereditatis
518 3337 569 3392 spe
584 3320 682 3377 vendit
698 3320 835 3390 illuviem,
851 3327 879 3376 et
892 3318 1055 3377 sollicitudi-

79 3414 144 3452 nem
158 3400 263 3456 iactans
281 3402 438 3474 languentis
451 3404 573 3460 animum
585 3404 786 3478 desperatione
796 3406 965 3458 conturbat.
981 3397 1125 3485 Q&

78 3483 103 3536 si
129 3482 191 3553 ipsa
210 3485 362 3558 languerit,
389 3489 635 3564 coaegrotandum
646 3497 703 3548 est
729 3495 761 3546 et
777 3479 1007 3577 numanam-ip
1028 3484 1100 3524 ‘effi
