2422 3862
62 216 65 222 ’
129 203 192 268 130
426 203 459 261 L.
481 203 627 262 ΑΝΝΑΕΙ
651 202 827 262 SENECAE

128 357 265 428 luxuria,
288 355 338 414 ille
356 369 395 413 ex
411 352 574 412 ambitione
589 361 619 413 et
634 353 819 413 circumfusa
835 352 988 414 clientium
1006 355 1105 437 turba,

127 442 177 500 ille
197 455 237 500 ex
252 439 364 512 amica,
387 438 464 497 alius
480 453 518 496 ex
539 437 709 498 studiorum
725 437 890 498 liberalium
905 455 987 499 vana
1001 448 1104 501 osten-

127 525 242 586 tatione
262 531 293 582 et
312 521 386 581 nihil
408 522 586 582 sanantibus
608 521 717 581 literis=
739 536 846 582 omnes
872 523 949 582 istos
970 523 1103 583 oblecta-

127 614 227 668 menta
242 606 362 666 fallacia
385 613 416 664 et
437 605 542 664 brevia
562 604 732 680 decipiunt,
755 606 834 666 sicut
854 605 1001 680 ebrietas,
1025 623 1105 683 quae

127 693 217 754 unius
231 691 327 751 horae
341 689 466 749 hilarem
482 689 629 748 insaniam
646 688 728 764 longi
748 689 896 765 temporis
910 692 1012 751 taedio
1028 707 1104 767 pen-

128 785 191 849 sat,
214 775 294 836 sicut
316 775 442 848 plausus
465 781 495 833 et
510 773 738 834 adclamationis
755 774 910 834 secundae
928 774 1031 848 lavor,
1054 776 1105 850 qui

89 873 238 935 lomagna
253 857 455 918 sollicitudine
471 865 502 917 et
517 864 622 932 partus
639 864 686 918 est
701 864 730 917 et
745 857 927 933 expiandus.
949 858 1016 920 Hoc
1031 875 1105 933 ergo

129 943 244 1020 cogita,
265 943 345 1001 hunc
367 957 438 1001 esse
455 942 623 1016 sapientiae
641 941 797 1014 effectum,
819 941 922 1016 gaudii
937 944 1105 1019 aequalita-

129 1037 199 1089 tem.
233 1027 302 1088 talis
329 1032 376 1086 est
400 1025 547 1101 sapientis
572 1026 706 1099 animus,
726 1027 826 1101 qualis
851 1027 984 1087 mundus
1011 1042 1106 1102 super

129 1115 246 1173 lunam:
268 1125 391 1186 semper
413 1110 471 1169 illic
493 1125 634 1170 serenum
656 1119 711 1170 est.
744 1110 848 1170 Habes
869 1126 942 1185 ergo
964 1112 994 1172 et
1010 1127 1106 1187 quare

129 1195 207 1256 velis
220 1195 346 1270 sapiens
358 1209 445 1266 esse,
461 1195 487 1253 si
502 1209 666 1269 numquam
683 1195 749 1254 sine
761 1193 873 1269 gaudio
886 1201 942 1254 est.
960 1195 1106 1271 gaudium

129 1281 190 1341 hoc
204 1296 265 1340 non
282 1278 417 1339 nascitur
431 1277 490 1338 nisi
502 1293 540 1337 ex
555 1279 696 1340 virtutum
708 1279 904 1339 conscientia.
928 1296 988 1340 non
1003 1287 1106 1355 potest

93 1365 287 1440 17gaudere,
309 1362 367 1421 nisi
383 1361 484 1434 fortis,
508 1361 565 1422 nisi
580 1361 696 1436 iustus,
717 1363 776 1423 nisi
790 1370 974 1439 temperans.
1007 1363 1106 1438 „Quid

131 1455 226 1524 ergot
250 1446 369 1523 inquis,
393 1447 475 1507 stulti
497 1462 533 1506 ac
553 1447 623 1506 mali
644 1464 705 1507 non
723 1447 896 1522 gaudenta“
925 1464 985 1507 non
1008 1448 1106 1522 magis

131 1549 222 1611 quam
243 1531 390 1608 praedam
411 1533 511 1591 nancti
528 1531 648 1591 leones:
671 1547 739 1591 cum
760 1533 962 1608 fatigaverunt
983 1532 1107 1592 sevino

132 1633 168 1678 ac
188 1614 378 1688 libidinibus,
397 1631 465 1675 cum
486 1616 554 1676 illos
569 1631 630 1676 nox
652 1616 729 1676 inter
744 1617 815 1677 vitia
828 1616 953 1692 deiecit,
972 1632 1106 1677 cumvo-

132 1705 263 1776 luptates
286 1708 417 1775 angusto
440 1697 564 1774 corpori
589 1701 666 1758 ultra
690 1717 782 1776 quam
803 1701 945 1776 capiebat
968 1701 1107 1775 ingestae

133 1801 305 1861 suppurare
320 1790 502 1859 coeperunt=
518 1791 590 1843 tnnc
602 1786 773 1844 exclamant
787 1784 891 1845 miseri
898 1784 1107 1860 Vergilianum

131 1871 214 1930 illum
229 1885 367 1929 versum=

216 1970 344 2028 namque
357 1958 391 2012 nt
402 1968 571 2028 supremam
579 1952 665 2026 salso
680 1954 884 2028 interpunctio
898 1959 1010 2015 noctem

216 2040 376 2113 egerimus,
392 2039 475 2096 nosti.

93 2134 125 2190 ιε
135 2121 261 2182 Omnem
281 2120 431 2181 luxuriosi
454 2128 573 2180 noctem
593 2120 671 2179 inter
693 2121 771 2180 ialsa
791 2121 903 2196 gaudia
929 2128 958 2180 et
985 2121 1108 2196 quidem

133 2213 287 2280 tamquam
311 2219 485 2278 supremam
506 2210 614 2278 agone
644 2204 719 2265 illud
740 2205 899 2280 gaudium,
923 2206 1008 2280 quod
1031 2205 1108 2266 deos

135 2291 325 2363 deorumque
353 2290 491 2348 aemulos
514 2287 668 2363 sequitur,
696 2305 757 2348 non
780 2289 1022 2365 interrumpitur,
1047 2305 1107 2349 non

135 2373 259 2435 desinit:
275 2372 445 2446 desineret,
467 2373 493 2432 si
515 2379 669 2447 sumptum
691 2381 775 2433 esset
794 2374 925 2435 aliunde.
960 2375 1108 2450 quianon

135 2467 182 2519 est
201 2458 291 2518 alieni
313 2456 462 2532 muneris,
484 2473 523 2516 ne
538 2457 651 2516 arbitrii
673 2457 797 2532 quidem
818 2459 907 2518 alieni
926 2466 982 2518 est.
1020 2459 1109 2533 Quod

134 2561 195 2604 non
212 2542 296 2604 dedit
310 2543 446 2614 fortuna,
469 2558 530 2602 non
546 2540 644 2616 eripit.
676 2542 763 2601 Vale.

414 2663 630 2720 EPISTULA
656 2663 729 2720 Vlll.
757 2665 828 2735 (60.)

387 2759 498 2809 Sunucx
515 2759 625 2808 Lucrum
644 2771 695 2810 suo
715 2771 853 2812 saturum.

103 2902 114 2954 1
195 2877 327 2951 Queror,
351 2877 449 2952 litigo,
473 2878 598 2938 irascor.
634 2879 806 2940 etiamnunc
828 2886 932 2955 optas,
957 2879 1040 2954 quod
1057 2879 1109 2939 tibi

134 2962 252 3037 optavit
268 2963 369 3021 nutrix
383 2969 436 3022 tua
456 2969 507 3022 aut
530 2963 729 3038 paedagogus
751 2971 804 3024 aut
823 2970 938 3024 matert
973 2964 1109 3023 nondum

132 3044 298 3120 intellegis,
328 3053 473 3122 quantum
506 3048 574 3106 mali
603 3050 797 3123 optaverint?
832 3064 962 3124 oquam
987 3047 1110 3108 inimica

133 3131 223 3191 nobis
245 3138 316 3191 sunt
336 3138 408 3191 vota
426 3139 616 3192 nostrorum!
649 3148 686 3192 eo
713 3133 834 3207 quidem
856 3132 1024 3192 inimiciora
1046 3148 1108 3207 quc

134 3230 258 3276 cessere
272 3215 400 3276 felicius.
428 3216 488 3276 iam
503 3234 564 3278 non
580 3216 728 3289 admiror,
750 3218 776 3276 si
792 3219 892 3278 omnia
908 3233 995 3278 nosa
1011 3216 1108 3290 prima

134 3298 264 3374 pueritia
284 3302 363 3360 mala
384 3310 570 3376 sequuntur=
598 3300 675 3359 inter
696 3303 925 3363 exsecrationes
948 3309 1108 3377 parentum

133 3383 295 3444 crevimus.
331 3385 504 3446 Exaudiant
524 3385 555 3447 di
577 3401 703 3461 quoque
723 3394 857 3447 nostram
873 3403 929 3462 pro
949 3385 1039 3446 nobis
1054 3399 1107 3443 vo-

100 3475 198 3529 ‘icem
212 3470 382 3544 gratuitam.
400 3470 609 3547 Quousque
626 3485 831 3546 poscemus
847 3469 995 3547 aliquid
1011 3469 1108 3529 deos
