2422 3862
233 241 404 302 EPISTUL.
419 242 513 303 MOR.
535 243 607 302 LlB.
621 242 700 302 XlX.
721 243 778 303 ΕΡ.
790 251 817 306 8.
840 250 928 320 (117.)
1012 246 1076 312 389

93 394 333 455 adulescentiam
352 393 482 469 pueritia
501 394 617 454 viribus
629 401 682 455 aut
695 396 757 456 ullo
773 396 886 456 robore
900 395 1076 472 intellegat?

94 495 187 554 aegro
199 477 318 538 interim
331 477 372 536 nil
383 485 512 538 ventura
521 478 637 539 sanitas
649 481 786 553 prodest
802 495 863 540 non
875 481 972 555 magis
986 498 1077 556 quum

94 571 264 623 currentem
286 564 512 637 luctantemque
534 569 607 636 post
627 565 739 624 multos
761 572 936 625 secuturum
954 580 1077 626 menses

94 649 188 707 otium
203 646 309 706 reiicit.
355 645 428 718 Quis
445 647 556 716 nescit,
578 646 638 707 hoc
652 647 723 721 ipso
739 664 799 707 non
815 648 1018 708 essebonum
1034 647 1075 723 id,
1085 651 1116 710 ht

94 731 178 806 quod
200 731 333 790 futurum
354 736 415 804 εει,
438 729 511 804 quia
531 730 663 790 futurum
684 737 751 791 estt
778 747 847 791 nam
864 732 947 806 quod
961 731 1076 793 bonurn

93 824 149 888 est,
166 814 270 888 utique
284 815 419 888 prodest.
433 814 491 873 nisi
504 815 679 888 praesentia
691 816 843 890 prodesse
856 832 916 876 non
928 821 1076 890 possunt:

94 900 121 958 si
137 915 198 958 non
215 898 352 972 prodest,
368 897 482 957 bonum
497 915 558 958 non
574 906 630 958 est.
654 899 680 959 si
696 899 833 974 prodest
852 899 911 960 iam
926 907 983 961 est.
1018 900 1077 960 Fu-

95 991 179 1042 turus
195 997 264 1042 sum
279 982 419 1056 sapiens:
442 982 502 1042 hoc
516 981 721 1056 bonum-erit,
743 999 812 1043 cum
833 984 936 1044 tuero:
959 984 1076 1044 interim

93 1083 154 1126 non
177 1075 237 1142 est.
274 1065 358 1139 prius
384 1066 498 1140 aliquid
520 1081 592 1127 esse
612 1065 718 1138 debet,
746 1066 858 1126 deinde
884 1069 974 1142 quale
995 1082 1076 1127 esse.

93 1150 269 1223 Quomodo,
292 1165 347 1209 oro
363 1155 409 1223 te,
425 1150 510 1224 quod
524 1149 625 1209 adhue
639 1150 713 1210 nihil
728 1160 789 1224 cst,
808 1149 868 1209 iam
882 1152 996 1212 bonurn
1012 1157 1121 1214 esttttt

94 1235 249 1309 quomodo
267 1241 367 1293 autem
388 1233 441 1292 tibi
461 1233 558 1308 magis
579 1235 627 1294 vis
649 1235 772 1310 probari
787 1250 847 1293 non
864 1249 936 1296 esse
951 1235 1076 1311 aliquid,

95 1319 226 1392 quamsi
244 1318 366 1377 dixero:
390 1317 523 1377 iuturum
541 1325 609 1378 estt
638 1319 774 1379 nondum
789 1320 869 1377 enim
884 1318 1008 1379 venisse
1023 1319 1077 1378 ad-

94 1410 189 1477 paret,
206 1403 291 1477 quod
306 1399 397 1460 venit.
426 1401 490 1459 Ver
505 1409 679 1462 secuturum
695 1410 757 1462 est:
774 1402 839 1462 scio
854 1419 935 1462 nunc
947 1402 1077 1462 hiemem

94 1502 175 1546 esse.
196 1493 299 1546 aestas
315 1491 459 1545 secutura
473 1493 535 1546 est=
559 1487 624 1544 scio
640 1493 788 1547 aestatem
799 1502 861 1546 non
877 1501 958 1546 esse.
981 1485 1077 1545 maxi-

93 1586 175 1630 mum
205 1576 417 1645 argumentum
442 1568 542 1630 habeo
574 1571 711 1631 nondum
745 1569 915 1644 praesentis
945 1570 1076 1629 futurum

93 1670 173 1714 esse.
220 1653 360 1729 Sapiam=
389 1669 500 1729 spero,
528 1654 585 1713 sed
604 1654 722 1715 interim
744 1670 805 1713 non
829 1652 927 1727 sapio.
957 1652 983 1713 si
1005 1653 1120 1713 illudne

93 1739 205 1797 bonum
222 1738 384 1811 haberem,
398 1739 458 1797 iam
472 1737 533 1797 hoc
548 1753 682 1798 carerem
699 1739 789 1797 malo.
819 1738 952 1798 futurum
968 1736 1028 1811 est,
1045 1744 1079 1796 ut

95 1823 228 1896 sapiam:
251 1838 290 1881 ex
305 1822 364 1881 hoc
385 1823 456 1882 licet
476 1822 613 1882 nondum
629 1837 739 1897 sapere
755 1837 803 1881 me
819 1822 988 1896 intellegas.
1016 1837 1076 1880 non

96 1921 224 1979 possum
240 1906 328 1966 simut
345 1913 374 1966 et
395 1907 424 1965 in
445 1906 497 1967 illo
517 1905 601 1966 bono
621 1913 652 1966 et
671 1907 701 1965 in
722 1906 782 1966 hoe
803 1906 882 1965 malo
904 1920 986 1965 esse.
1016 1906 1077 1965 duo

94 1990 153 2048 ista
173 2006 235 2050 non
259 1998 372 2051 coeunt
392 2005 449 2050 nec
475 1990 559 2065 apud
579 1991 720 2050 eumdem
744 1996 815 2050 sunt
835 2005 896 2050 una
916 1989 1028 2049 malum
1050 1996 1080 2047 et

93 2074 217 2132 bonum.
260 2074 591 2151 Transcurramus
622 2073 928 2136 sollertissimas
956 2081 1121 2148 nugas30

94 2159 196 2217 etad
223 2157 312 2230 ilta‚.
333 2175 430 2233 quae
452 2158 566 2219 nobis
590 2160 758 2234 aliquam
781 2174 891 2233 opem
914 2164 1003 2218 sunt
1024 2159 1078 2216 la·

94 2248 193 2313 tura,
221 2257 486 2316 properemus.
534 2244 646 2317 Nemo,
675 2244 726 2318 qui
756 2243 950 2304 obstetricem
976 2248 1078 2317 partu·

93 2325 181 2383 rienti
194 2324 275 2383 filiae
286 2326 435 2387 sollicitus
448 2328 587 2401 accersit,
601 2329 732 2388 edictum
745 2335 775 2388 ει
786 2328 926 2387 ludorum
940 2327 1078 2385 ordinem

95 2407 232 2480 perlegit.
255 2423 359 2480 nemo,
376 2408 428 2483 qui
442 2410 482 2469 ad
497 2410 671 2471 incendium
686 2413 797 2471 domus
815 2427 891 2471 suae
905 2409 1012 2481 currit,
1034 2416 1077 2467 ta-

93 2490 196 2548 bulam
212 2490 458 2550 latrunculariam
475 2493 633 2567 prospicit,
648 2502 681 2553 ut
693 2495 777 2565 sciat,
795 2494 951 2569 quomodo
963 2491 1078 2565 adliga-

95 2582 143 2632 tus
160 2580 250 2632 exeat
267 2574 420 2633 calculus:
436 2581 467 2633 at
478 2576 653 2637 mehercule
666 2577 768 2637 omnia
782 2576 836 2636 tibi
850 2576 988 2650 undique
1003 2591 1078 2634 nun·
1085 2580 1119 2634 31

94 2658 220 2730 tiantur,
244 2665 274 2716 et
294 2656 469 2719 incendium
493 2659 603 2718 domus
621 2667 652 2720 ει
670 2658 839 2733 periculum
859 2658 1023 2718 liberorum
1050 2663 1080 2725 et

95 2741 216 2801 obsidio
233 2741 350 2815 patriae
365 2749 396 2802 et
408 2742 560 2803 bonorum
575 2741 716 2818 direptio.
743 2742 832 2802 adice
846 2743 906 2803 isto
921 2742 1080 2816 naufragia

95 2832 260 2899 motusque
275 2833 424 2885 terrarum
439 2833 470 2885 et
490 2827 638 2901 quicquid
652 2824 736 2886 aliud
750 2826 846 2886 timeri
862 2834 980 2902 potesta
1002 2827 1080 2886 inter

96 2908 154 2968 ista
169 2909 335 2982 districtus,
350 2910 443 2970 rebus
458 2910 532 2969 nihil
548 2911 630 2970 atiud
646 2926 738 2986 quarn
753 2910 885 2970 animum
902 2908 1080 2971 oblectanti·

95 2992 153 3051 bus
177 3001 291 3053 vacas?
319 2994 394 3068 quid
415 2994 493 3054 inter
513 2995 695 3068 sapientiam
717 3002 747 3055 et
766 3010 877 3070 sapere
897 2995 1015 3056 intersit
1035 2996 1080 3054 in·

96 3075 214 3148 quirist
235 3078 336 3137 nodos
356 3078 453 3138 nectis
468 3093 505 3138 ac
521 3079 617 3140 solvis
634 3086 719 3140 tanta
732 3080 814 3140 mole
828 3079 1014 3155 inpendente
1029 3095 1078 3138 ca-

96 3158 149 3234 piti
169 3166 244 3220 tuot
286 3161 352 3220 Non
375 3169 435 3221 tam
455 3162 620 3238 benignum
643 3178 679 3222 ac
696 3162 822 3224 liberale
836 3170 958 3239 tempus
975 3167 1123 3224 naturast

96 3244 185 3302 nobis
206 3244 304 3318 dedit,
329 3253 361 3305 ut
381 3245 558 3320 aliquid-ex
577 3247 629 3307 illo
653 3255 741 3308 vacet
766 3248 912 3324 perderet
945 3257 974 3308 et
1000 3249 1080 3319 vide,

97 3342 187 3400 quarn
202 3331 295 3388 multa
310 3330 399 3388 etiam
415 3330 656 3404 diligentissimis
677 3340 819 3407 pereant:
841 3332 924 3393 aliud
945 3331 1080 3392 valitudo

96 3424 153 3469 sua
169 3412 279 3486 cuique
295 3413 436 3487 abstulit,
457 3412 540 3476 aliud
559 3431 694 3477 suorum.
723 3417 805 3478 aliud
828 3416 1005 3476 necessaria
1027 3430 1081 3473 ne-

95 3493 186 3567 gotia,
202 3495 285 3556 aliud
301 3498 422 3571 publica
435 3504 675 3574 occupavemnt.
694 3499 787 3562 vitam
798 3499 961 3562 nobiscum
972 3496 1081 3559 dividit
