2422 3862
91 246 155 312 478
385 252 417 307 L.
440 249 581 307 ANNAEI
602 249 768 309 SENECAE

448 413 644 466 EPISTOLA
662 416 706 466 Vl.

313 500 430 553 Srrrcss
446 516 477 552 ar
489 501 594 552 Laenio
612 501 709 553 Parrus
727 515 850 552 susurru.

155 607 273 678 Dahis,
290 623 361 680 quae
376 606 444 663 mihi
459 608 631 681 scripsistis,
646 623 703 664 non
718 608 782 664 licet
796 606 935 663 arundine
954 612 984 663 et
998 613 1074 663 atra·

92 699 187 751 mento
208 693 316 764 eloqui,
339 707 456 762 quarum
477 694 565 749 altera
587 708 633 748 res
651 697 728 748 notat
748 697 775 748 ot
797 691 930 763 designat
953 689 1073 761 aliquid.

93 780 181 835 altera
195 777 339 833 evidenter
351 775 481 844 ostendit,
495 776 648 850 praecipue
663 793 727 832 curn
739 777 827 833 sciam
838 776 910 831 intcr
925 791 980 832 vos
994 789 1072 843 esse,

92 863 147 920 hoc
161 867 206 917 est
219 859 295 932 apud
306 875 359 916 vos
372 865 399 915 et
412 861 442 915 in
459 861 550 930 vobis,
567 861 614 931 qui
625 876 671 916 mc
683 861 846 933 intelligant.
873 859 971 915 Honor
983 861 1073 914 omni·

91 949 145 1003 bus
161 943 308 1001 habendus
325 947 367 998 eat
383 950 410 999 et
424 949 499 1002 tanto
515 945 620 1017 magis,
642 949 745 1016 quanto
761 943 927 1016 indignandi
944 945 1073 999 occasio·

92 1046 159 1086 nem
174 1032 295 1100 captant.
322 1028 423 1099 quibus
439 1030 463 1085 ai
477 1028 639 1102 patientiam
652 1028 761 1098 demus,
779 1026 953 1084 omnimodo
969 1043 1022 1082 cos
1036 1043 1073 1082 cx

93 1129 205 1186 quaqua
221 1120 299 1185 parte
321 1113 481 1182 vincemus,
507 1114 532 1170 si
552 1111 636 1168 modo
650 1112 681 1169 hi
701 1118 781 1181 sunt,
807 1113 854 1183 qui
868 1112 1072 1184 poenitentiam

95 1199 139 1255 sui
153 1203 252 1271 gerant
272 1196 350 1253 Bene
365 1200 469 1253 valete.

445 1326 642 1378 EPISTULA
661 1329 718 1381 Vll.

233 1398 353 1449 ausurus
371 1395 474 1448 Sanaos
493 1397 576 1449 Prono
595 1412 626 1448 rr
645 1397 793 1448 Tnaorarso
811 1411 935 1450 susurru.

156 1486 291 1543 Profiteor
313 1489 385 1543 benc
408 1503 452 1541 mc
471 1492 617 1558 acceptum
636 1486 758 1543 lectione
779 1487 933 1542 litterarum
949 1490 1071 1553 tuarum,

94 1584 164 1640 quas
179 1569 300 1639 Galatis,
324 1568 492 1640 Corinthiis,
512 1570 636 1627 Achaeis
652 1571 768 1641 misisti,
790 1573 869 1626 etita
890 1570 1014 1625 invicem
1030 1569 1072 1623 vi·

93 1668 209 1723 vanius,
233 1660 262 1711 ut
276 1656 359 1711 etiam
376 1671 439 1710 cum
460 1654 578 1710 horrore
596 1653 693 1710 divino
711 1671 776 1712 esse
795 1655 922 1712 exhibes.
955 1653 1072 1725 spiritus

94 1736 167 1793 eninr
183 1743 297 1797 sanctus
321 1741 349 1794 in
365 1746 392 1794 te
411 1744 439 1794 ct
453 1755 539 1811 super
562 1745 588 1794 lc
610 1741 741 1795 excelsus
764 1739 941 1795 sublimiores
964 1737 1069 1793 sanctis

92 1824 271 1880 venerabiles
287 1840 389 1880 sensus
404 1823 542 1896 exprimit.
575 1824 684 1880 Vellcm
701 1825 810 1894 itaque,
826 1839 908 1879 cures
924 1827 952 1877 et
966 1827 1068 1890 cetera,

93 1912 123 1962 ut
143 1908 281 1965 maiestati
303 1924 400 1965 carum
421 1910 511 1965 cultus
533 1908 672 1964 sermonis
692 1924 749 1964 non
774 1907 857 1963 desit.
889 1907 923 1962 Et
944 1921 980 1962 ne
1002 1904 1072 1976 quid

92 1993 155 2060 tibi,
178 1993 275 2062 irater,
299 1991 450 2064 surripiam
469 1999 516 2048 aut
529 1993 721 2048 conscientias
739 2007 818 2048 meae
836 1991 962 2060 debeam,
982 1988 1072 2046 confi·

92 2081 153 2131 teor
165 2075 325 2149 Augustum
342 2077 472 2133 sensibus
488 2076 543 2132 tuis
560 2083 673 2132 motum.
702 2078 747 2133 cui
770 2079 841 2132 lecto
864 2075 975 2130 virtutis
997 2076 1028 2129 in
1046 2084 1073 2129 te

92 2157 209 2214 cxordio
228 2161 282 2216 ista
298 2176 354 2216 vox
369 2161 434 2216 luit:
451 2161 546 2216 mirari
568 2176 630 2216 cum
645 2177 746 2233 posse,
768 2159 859 2233 utqui
874 2175 929 2214 non
945 2159 1073 2231 legitime

91 2242 212 2298 imbutus
233 2244 282 2313 sit,
307 2245 396 2300 taliter
413 2246 522 2301 sentiat.
568 2245 617 2301 Cui
635 2261 688 2317 ego
708 2245 861 2317 respondi,
883 2244 976 2299 solere
1001 2243 1073 2299 deos

93 2341 142 2382 ore
160 2327 351 2384 innocentium
367 2327 461 2396 effari,
485 2328 563 2385 haud
581 2345 692 2400 corum,
720 2332 766 2402 qui
781 2329 982 2402 praevaricare
1006 2327 1073 2384 doc-

91 2410 163 2467 trina
179 2429 231 2468 sua
246 2412 314 2484 quid
334 2415 451 2485 possint.
483 2419 511 2468 et
534 2413 599 2469 dato
621 2415 647 2468 ei
666 2416 795 2486 exemplo
813 2413 926 2468 Vaticni
947 2412 1073 2469 hominis

91 2496 232 2566 rusticuli,
259 2498 304 2554 cui
329 2498 383 2553 viri
407 2497 463 2553 duo
490 2498 686 2570 apparuissent
711 2500 739 2553 in
768 2515 837 2570 agro
859 2496 995 2567 Reatino,
1027 2498 1072 2568 qul

90 2588 192 2653 postca
209 2581 307 2639 Castor
329 2588 355 2638 et
369 2583 468 2638 Pollux
483 2588 548 2639 sunt
562 2582 714 2651 nominati,
738 2582 806 2639 satis
821 2583 976 2639 instructus
992 2581 1073 2638 vide·

91 2671 144 2721 tur.
188 2666 270 2722 Vale.

437 2745 643 2798 EPISTOLA
661 2748 729 2801 Vlll.

391 2818 489 2868 Passus
505 2815 624 2868 Srrscas
644 2830 766 2869 susurris.

157 2918 233 2974 Licet
251 2937 306 2977 non
323 2922 450 2994 ignorem
467 2921 617 2981 Caesarem
635 2930 794 2980 nostrarum
809 2937 902 2977 rerum
919 2920 1071 2978 admirato·

92 3017 167 3070 rom,
189 3004 212 3058 si
231 3006 343 3076 quando
366 3007 478 3064 deliciet
500 3013 652 3062 amatorem
669 3023 748 3075 esse,
771 3008 914 3078 permittes
933 3012 1029 3062 tamen
1047 3014 1073 3061 tc

92 3101 149 3142 non
164 3087 238 3143 laedi
255 3090 308 3146 scd
323 3091 485 3147 admoneri:
507 3096 574 3163 puto
592 3092 665 3147 enirn
681 3098 707 3146 te
721 3092 846 3162 graviter
861 3091 975 3158 iecisse,
996 3090 1073 3164 quod

92 3170 118 3225 ei
140 3171 169 3226 in
187 3174 314 3229 notitiam
330 3178 454 3247 perferre
477 3175 590 3231 voluisti
613 3175 658 3244 Id,
684 3175 760 3246 quod
779 3175 842 3231 ritui
857 3181 883 3230 et
903 3174 1073 3247 disciplinae

92 3255 153 3311 aius
169 3255 206 3311 sit
223 3259 400 3318 contrarium.
429 3276 492 3317 cunr
508 3260 584 3315 enirn
599 3260 646 3315 illc
665 3261 791 3332 gentium
807 3259 877 3315 deos
893 3260 982 3327 colat,
1005 3259 1074 3332 quid

90 3339 138 3396 tibi
150 3339 244 3396 visum
259 3342 304 3412 sit,
320 3349 348 3399 ut
362 3343 418 3401 hoc
433 3345 505 3401 scire
519 3361 585 3399 oum
600 3345 700 3414 velles,
723 3361 779 3400 non
797 3345 891 3412 video,
911 3344 966 3399 nisi
982 3346 1072 3400 nimio

91 3440 186 3480 amore
208 3442 272 3482 meo
298 3429 391 3484 lacere
413 3433 439 3485 te
459 3428 514 3484 hoc
535 3428 673 3484 existimo.
703 3426 784 3500 Rogo
808 3430 968 3498 defuturo,
989 3445 1026 3484 ne
1044 3428 1074 3484 id

89 3524 170 3583 agas.
200 3512 358 3570 cavendum
374 3518 417 3568 cst
432 3515 516 3581 enirn,
538 3530 572 3568 ne
592 3513 657 3570 dum
673 3530 716 3570 me
734 3513 839 3586 diligis,
860 3512 1004 3569 offensum
1022 3513 1072 3592 do·
