2422 3862
130 224 173 288 38
216 289 218 293 ,
421 223 455 283 L.
478 223 624 282 ANNAEl
647 223 821 282 SENECAE

133 379 311 442 stituissem.
332 392 423 452 reges
443 376 573 437 Parthos
593 393 655 438 non
675 385 778 452 potest
795 379 959 454 quisquam
975 381 1109 441 salutare

132 466 199 524 sine
214 476 354 522 munere:
370 459 423 520 tibi
438 461 610 520 valedicere
627 477 688 522 non
704 462 773 522 licet
789 463 892 537 gratis.
927 463 1005 537 Quid
1020 465 1110 525 istict

131 549 170 607 ab
185 547 319 621 Epicuro
334 553 472 605 mutuum
489 560 620 604 sumam:
649 544 804 618 „Multis
826 563 992 622 parasse
1009 549 1108 608 divi-

130 632 207 692 tias
229 646 302 690 non
324 628 417 688 linis
441 628 689 689 miseriarum
713 630 800 705 luit,
829 632 897 691 sed
918 634 1110 695 mutatio.“

90 727 121 781 la
134 717 199 776 Non
214 715 275 777 hoc
290 713 392 773 miror.
414 728 475 771 non
491 720 538 773 est
552 714 631 772 enim
645 712 675 772 in
688 713 780 774 rebus
793 715 905 788 vitium,
922 717 978 776 sed
993 717 1023 777 in
1038 719 1108 793 ipso

130 800 243 860 animo.
265 797 355 871 illud,
385 797 469 872 quod
492 804 703 872 paupertatem
723 797 813 858 nobis
835 815 962 874 gravem
983 803 1107 875 lecerat,

129 892 160 944 et
170 883 291 943 divitias
304 896 416 956 graves
427 881 507 941 lecit
525 881 785 954 Quemadmodum
797 882 870 942 nihil
883 883 992 960 differt,
1008 892 1109 947 utrum

130 978 255 1041 aegrum
266 967 295 1025 in
311 965 411 1040 ligneo
427 966 505 1025 lecto
521 981 559 1024 an
577 966 607 1024 in
623 981 717 1026 aureo
733 967 894 1028 conlcccs:
911 984 1108 1047 quocumque

128 1051 213 1114 illum
232 1049 440 1122 transtuleris,
465 1049 605 1110 morbum
624 1065 729 1111 secum
752 1068 840 1111 suum
860 1054 1039 1115 transferet:
1063 1057 1108 1116 sic

128 1134 202 1194 nibil
216 1135 318 1207 refert,
336 1141 437 1194 utrum
455 1148 548 1208 aeger
563 1135 682 1195 animus
697 1135 726 1205 in
742 1135 856 1196 divitiis
873 1153 911 1196 an
927 1138 963 1196 in·
972 1154 1103 1214 pauper·

129 1226 190 1279 tate
205 1226 343 1294 ponatur.
364 1219 474 1277 malum
493 1234 581 1278 suum
597 1219 678 1278 illum
696 1220 844 1296 sequitur.
872 1222 959 1281 Vale.

425 1354 642 1415 anrsrota
662 1331 708 1412 vi.
732 1359 803 1429 (rs.)

300 1447 304 1454 ‘
381 1451 492 1504 Sanaos
510 1452 622 1509 aversio
640 1465 691 1505 svo
709 1466 848 1507 susurru.

97 1566 113 1620 1
191 1557 361 1618 December
375 1565 423 1618 est
437 1557 567 1617 mensis:
583 1572 652 1618 oum
667 1558 798 1617 maxime
812 1556 920 1618 civitas
936 1557 1036 1618 sudat.
1059 1559 1106 1620 ius

129 1643 269 1704 luxuriae
296 1641 438 1717 publicae
465 1642 568 1702 datum
593 1649 650 1701 est.
682 1641 795 1716 ingenti
821 1643 971 1717 adparatu
996 1651 1108 1704 sonant

129 1727 246 1799 omnia,
273 1732 426 1802 tamquam
455 1725 619 1800 quiequam
645 1725 723 1786 inter
745 1724 918 1786 Saturnalia
937 1726 1056 1789 intersit
1079 1737 1108 1788 et

128 1810 195 1871 dies
216 1826 318 1871 rerum
340 1810 541 1885 agendarum:
569 1809 648 1869 adeo
670 1808 743 1869 nihil
765 1811 907 1885 interest,
936 1819 1046 1872 utnon
1061 1813 1103 1872 vi-

130 1895 237 1956 deatur
251 1895 322 1954 mihi
338 1910 469 1969 errasse,
485 1892 539 1969 qui
553 1893 642 1954 dixit:
664 1894 735 1954 olim
752 1911 888 1955 mensem
907 1897 1107 1957 Decembrem

100 1980 239 2052 aluisse,
265 1994 347 2039 nuno
362 1996 484 2040 annum.
521 1977 554 2038 Si
568 1986 598 2038 te
611 1977 660 2037 hio
674 1978 834 2052 haberem,
860 1979 990 2040 libenter
1005 1987 1105 2041 tecum

130 2065 309 2138 conferrem,
333 2064 407 2138 quid
423 2061 612 2122 existimares
627 2078 698 2123 esse
713 2064 901 2124 laciendum:
917 2072 1016 2125 utrum
1033 2064 1105 2125 nihil

128 2163 167 2207 ex
187 2146 340 2209 cotidiana
360 2145 582 2207 consuetudine
604 2149 804 2223 movendum,
824 2164 878 2220 an,
900 2164 939 2208 ne
954 2148 1107 2209 dissidere

126 2231 303 2293 videremur
320 2247 388 2292 cum
403 2231 534 2306 publicis
550 2230 700 2303 moribus,
723 2240 753 2292 et
769 2231 895 2294 hilarius
912 2235 1106 2295 coenandum

127 2324 158 2377 et
171 2317 344 2377 exuendam
359 2323 471 2390 togam.
493 2329 561 2374 narn
578 2316 662 2390 quod
677 2316 744 2376 lieri
757 2316 817 2376 nisi
831 2318 860 2377 in
876 2317 1005 2378 tumultu
1017 2319 1106 2378 ettri-

127 2403 165 2462 sti
175 2396 314 2477 tempore
325 2397 454 2461 civitatis
464 2414 525 2459 non
538 2400 664 2472 solebat,
680 2401 844 2475 voluptatis
857 2417 951 2460 eausa
963 2417 999 2461 ac
1012 2403 1106 2463 lesto-

98 2501 194 2555 3rum
215 2485 332 2546 dierum
352 2493 468 2543 vestem
489 2483 682 2545 mutavimus.
720 2483 752 2544 Si
768 2495 797 2546 te
811 2486 891 2546 bene
905 2483 988 2558 novi,
1003 2485 1106 2546 arbitri

126 2570 265 2647 partibus
287 2571 408 2629 iunctus
423 2582 481 2627 nee
497 2569 666 2642 peremnia
683 2585 741 2629 nos
756 2570 871 2631 similes
888 2585 959 2630 esse
976 2567 1106 2644 pileatat

125 2654 235 2716 turbae
250 2651 403 2713 voluisses
425 2667 482 2712 nec
504 2667 559 2728 per
574 2653 675 2714 omnia
689 2653 869 2715 dissimiles:
892 2654 951 2713 nisi
965 2655 1044 2715 lorte
1058 2655 1106 2714 his

126 2737 258 2797 maxime
274 2736 382 2796 diebus
405 2736 506 2797 animo
522 2735 733 2812 imperandum
748 2745 812 2811 est,
833 2746 864 2799 ut
877 2747 948 2800 tunc
963 2739 1104 2814 volupta-

126 2820 208 2882 tibus
224 2819 310 2880 solus
325 2819 484 2893 abstineat,
506 2837 575 2880 cum
589 2821 617 2880 11
634 2823 701 2882 illas
717 2823 815 2882 omnis
826 2824 915 2883 turba
926 2823 1105 2898 procubuit:

127 2904 328 2965 certissimum
346 2905 447 2982 [enim]
463 2915 672 2980 argumentum
693 2906 842 2968 firmitatis
863 2923 939 2968 suae
960 2908 1057 2983 capit,
1079 2908 1105 2967 si

127 2989 165 3048 ad
184 2987 297 3048 blanda
319 2995 348 3047 et
368 2987 398 3049 in
414 2990 564 3049 luxuriam
581 2991 729 3052 babentia
744 3007 801 3052 nec
821 2992 843 3052 it
862 3006 920 3051 neo
934 2992 1103 3052 abducitur.

98 3073 193 3132 illoc
208 3073 302 3133 multo
318 3074 426 3135 lortius
441 3082 498 3146 est,
514 3073 600 3135 ebrio
622 3091 660 3134 ao
677 3075 841 3137 vomitante
855 3077 971 3151 populo
988 3076 1104 3137 siccum

128 3166 165 3216 ac
179 3156 316 3217 sobrium
331 3174 411 3219 esse.
433 3159 508 3219 illud
523 3160 729 3234 temperatius
746 3177 806 3221 non
819 3174 987 3235 excerpere
1000 3175 1036 3221 se
1048 3175 1105 3220 nco

128 3240 265 3316 insigniri
281 3258 338 3302 nec
353 3243 474 3304 misceri
490 3241 631 3303 omnibus
645 3251 675 3304 et
689 3245 812 3318 eadem,
838 3245 895 3305 sed
916 3260 979 3305 non
994 3245 1101 3305 eodem

128 3325 220 3385 modo
236 3328 353 3388 lacere:
378 3326 448 3388 licet
466 3327 545 3387 enim
561 3327 628 3387 sine
645 3329 765 3388 luxuria
779 3345 872 3405 agere
886 3330 996 3389 lestum
1013 3329 1102 3390 diem.

99 3417 115 3469 5
128 3409 266 3471 Ceterum
288 3412 366 3472 adeo
391 3412 461 3471 mibi
483 3412 584 3486 placet
594 3419 744 3488 temptare
759 3414 850 3473 animi
865 3414 907 3473 tui
922 3413 1100 3484 firmitatem,

117 3499 152 3551 ut
164 3509 208 3552 ex
223 3503 400 3574 praecepto
418 3512 598 3574 magnorum
616 3495 754 3559 virorum
770 3497 827 3556 tibi
846 3513 971 3573 quoque
987 3497 1101 3573 praeci·
