2422 3862
225 214 395 277 EPISTUL.
410 215 503 276 Mola.
518 217 591 276 LlB.
605 216 669 276 XII.
690 218 747 277 EP.
764 225 791 281 3.
806 227 879 295 (85.)
982 219 1045 286 227

145 371 192 428 vel
207 385 291 428 mare
300 386 359 444 per
368 369 500 430 mediam
512 372 607 444 fluctu
622 386 767 448 suspensa
781 377 903 435 tumenti

144 453 246 526 ferret
258 456 315 514 iter
327 455 438 514 celeres
451 470 507 514 nec
520 457 645 529 angeret
658 472 786 530 aequore
799 462 931 533 plantas.

57 538 137 598 haec
159 543 207 596 est
228 536 394 611 pernicitas
415 553 471 611 per
486 554 521 598 se
537 539 710 612 aestimata,
733 556 795 600 non
811 557 891 616 quae
905 542 1044 603 tardissi-

58 638 179 682 morum
195 620 367 683 conlatione
379 621 529 682 laudatur.
559 620 652 697 Quid,
668 625 695 684 si
711 640 843 684 sanum
857 641 953 686 voces
968 626 1043 687 levi·

57 716 104 769 ter
130 705 373 766 febricitantem?
406 720 466 766 non
498 712 546 766 est
577 705 658 768 bona
681 706 817 770 valitudo
848 710 1043 771 mediocritas

57 789 167 851 morbi
206 788 300 862 ‚,Sic,
325 789 437 863 inquit,
459 789 585 864 sapiens
605 791 902 867 inperturbatus
925 794 1071 867 dicituns

58 873 218 951 quomodo
234 873 403 950 apyrina
418 874 574 948 dicuntur,
590 891 651 935 non
669 875 780 951 quibus
796 878 878 937 nulla
893 878 974 939 inest
988 879 1043 939 du·

56 960 126 1020 ritia
151 973 330 1033 granorum,
356 957 412 1018 sed
436 958 547 1033 quibus
568 959 697 1020 minor.“
734 959 857 1022 Falsum
884 968 939 1034 est.
981 979 1043 1023 non

57 1042 139 1103 enim
163 1040 390 1103 diminutionem
414 1044 562 1102 malorum
582 1043 709 1104 inbono
725 1045 791 1106 viro
807 1047 964 1121 intellego,
986 1048 1043 1107 sed

13 1138 17 1154 ’
57 1127 264 1189 vacationem:
291 1128 373 1186 nulla
393 1125 507 1186 debent
527 1142 612 1200 esse,
637 1144 698 1188 non
717 1144 822 1203 parva.
854 1147 923 1190 narn
939 1129 966 1190 si
981 1131 1043 1191 ulla

57 1218 144 1284 sunt,
177 1219 318 1273 crescent
342 1216 373 1269 et
397 1209 514 1270 interim
539 1211 704 1286 inpedient
747 1213 906 1287 Quomodo
934 1214 1042 1276 oculos

57 1297 156 1357 maior
177 1304 207 1356 et
226 1296 363 1370 perfecta
384 1293 513 1356 suffusio
534 1303 694 1370 excaecat,
721 1297 766 1356 sic
790 1298 911 1358 modica
931 1296 1041 1359 turbat.

57 1381 90 1442 Si
106 1382 162 1440 das
182 1380 302 1456 aliquos
318 1379 458 1440 adfectus
481 1379 626 1455 sapienti,
649 1381 737 1456 inpar
757 1380 817 1442 illis
838 1383 895 1443 erit
913 1382 991 1443 ratio
1014 1389 1070 1448 et6

57 1466 141 1526 velut
155 1471 290 1525 torrente
305 1464 439 1540 quodam
454 1465 621 1538 auferetur,
644 1465 823 1540 praesertim
840 1482 907 1526 cum
924 1464 1042 1526 illinon
1097 1485 1098 1489 ¹

57 1567 153 1610 unum
169 1550 337 1622 adfectum,
360 1548 416 1608 sed
431 1547 608 1611 universum
626 1549 801 1609 adfectuum
818 1556 936 1609 coetum
951 1550 1041 1608 relin-

59 1633 145 1710 quis,
173 1650 240 1693 cum
269 1649 331 1708 quo
357 1633 556 1694 conlaetetur.
596 1634 671 1706 [sed
697 1633 814 1705 omnis]
845 1634 914 1708 plus
941 1639 1044 1708 potest

58 1719 200 1795 quamvis
216 1717 415 1777 mediocrium
425 1718 514 1778 turba
529 1735 620 1793 quam
635 1724 742 1792 posset
755 1717 846 1788 unius
862 1717 962 1792 magni
976 1717 1042 1779 vio-

57 1803 159 1863 lentia.
191 1803 291 1862 Habet
313 1802 462 1877 pecuniae
485 1802 697 1878 cupiditatem,
719 1801 776 1861 sed
798 1800 958 1863 modicam.
988 1801 1069 1874 har

57 1888 110 1947 bet
129 1885 337 1960 ambitionem,
360 1887 417 1947 sed
438 1902 499 1945 non
519 1885 708 1947 concitatam.
736 1885 829 1946 habet
843 1885 1041 1960 iracundiam,

57 1972 116 2032 sed
131 1971 320 2046 placabilem.
348 1971 442 2032 habet
456 1969 707 2044 inconstantiam,
731 1969 789 2031 sed
810 1968 910 2030 minus
933 1985 1041 2044 vagam

58 2072 95 2117 ac
110 2056 262 2116 mobilem.
293 2055 385 2116 habet
398 2055 568 2126 libidinem,
586 2056 660 2133 [sed]
674 2071 737 2115 non
751 2055 905 2114 insanam:
933 2054 1041 2114 meiius

58 2157 129 2201 cum
157 2140 209 2202 illo
232 2147 387 2214 ageretur,
419 2140 470 2215 qui
491 2156 584 2200 unum
606 2138 709 2199 vitium
736 2139 885 2214 integrum
906 2138 1041 2211 haberet,

58 2241 152 2301 quam
174 2241 243 2284 cum
264 2240 318 2298 eo,
341 2227 392 2297 qui
409 2223 527 2285 leviora
548 2224 687 2298 quidem,
707 2224 763 2284 sed
785 2224 895 2283 omnia.
924 2222 1070 2283 Deinde&

58 2309 134 2370 nihil
148 2311 283 2380 interest,
300 2325 391 2383 quam
407 2324 536 2382 magnus
551 2309 592 2368 sit
603 2308 760 2369 adfectus=
777 2317 1042 2383 quantuscumque

58 2401 115 2465 est,
126 2408 241 2469 parere
256 2393 361 2465 nescit,
379 2393 537 2453 consilium
552 2408 613 2452 non
630 2393 749 2467 accipit.
780 2392 1041 2466 Quemadmodum

57 2477 170 2538 rationi
186 2476 299 2536 nullum
321 2477 430 2537 animal
453 2478 656 2552 obtemperat,
683 2494 745 2537 non
761 2477 874 2548 ferum,
901 2493 962 2535 non
986 2474 1040 2534 do-

57 2562 219 2624 mesticum
234 2567 264 2621 et
278 2559 357 2621 mite.
380 2568 487 2621 natura
501 2562 579 2620 enim
591 2561 709 2620 illorum
721 2568 769 2620 est
779 2561 874 2620 surda
886 2557 1041 2620 suadenti=

59 2648 105 2708 sic
121 2662 182 2706 non
199 2653 377 2721 sequuntur,
392 2661 452 2705 non
468 2644 596 2705 audiunt
607 2644 755 2716 adfectae,
772 2643 1042 2719 quantulicumque

60 2738 140 2791 sunt.
170 2731 275 2805 Tigres
290 2730 461 2804 leonesque
481 2745 646 2804 numquam
668 2727 815 2788 feritatem
837 2733 967 2801 exuunt,
989 2726 1042 2786 ali·

61 2815 185 2889 quando
208 2814 399 2888 submittunt,
427 2821 545 2874 etcum
567 2812 688 2872 minime
717 2812 962 2887 exspectaveris,
989 2827 1042 2870 ex·

60 2907 222 2973 asperatur
246 2899 371 2960 torvitas
398 2897 540 2974 mitigata.
582 2898 753 2971 Numquam
776 2896 858 2956 bona
883 2896 945 2956 fide
970 2895 1043 2956 vitia

59 2991 290 3044 mansuescunt.
319 2981 451 3057 Deinde,
467 2982 493 3043 si
509 2982 585 3042 ratio
603 2980 738 3058 proficit,
761 2997 799 3042 ne
814 2979 961 3055 incipient
975 2979 1072 3055 qui-9

60 3068 129 3127 dem
145 3069 299 3129 adfectus:
329 3065 356 3127 si
376 3067 469 3128 invita
485 3067 603 3128 ratione
621 3065 794 3141 coeperint,
821 3065 916 3138 invita
936 3079 1041 3140 perse-

59 3152 218 3212 verabunt.
248 3151 366 3211 facilius
383 3159 431 3212 est
445 3151 523 3210 enim
539 3151 622 3212 initia
636 3151 756 3211 iliorum
772 3149 936 3225 prohibere
952 3163 1044 3225 quam

58 3237 196 3311 inpetum
211 3251 329 3309 regere.
358 3235 437 3295 falsa
450 3243 498 3296 est
511 3236 613 3312 itaque
628 3236 687 3297 ista
701 3233 895 3294 mediocritas
911 3241 941 3294 et
955 3230 1044 3292 inuti·

57 3322 107 3394 lie,
124 3320 233 3380 eodem
247 3320 317 3380 loco
333 3319 484 3391 habenda,
501 3337 562 3395 quo
576 3321 602 3381 si
617 3319 686 3394 quis
702 3319 817 3378 diceret
827 3317 948 3378 modice
963 3317 1044 3376 insa·

57 3404 222 3478 niendum,
246 3404 367 3464 modice
387 3405 617 3478 aegrotandum.
654 3401 728 3462 Sola
747 3400 1101 3468 virtnsbabet,nsnxs

57 3488 212 3562 recipiunt
234 3487 324 3548 animi
343 3489 424 3550 mala
439 3495 740 3568 temperamentum
761 3474 1083 3628 indifiuegusubeu'xs
1175 3573 1188 3586 ἱ
