2422 3862
208 237 378 299 EPlSTUL.
393 235 487 298 molt.
505 237 577 296 LIB.
587 236 672 297 -xsst
693 236 750 298 ΕΡ.
767 248 792 301 1.
804 247 830 300 2
843 245 900 312 (86.
912 245 970 313 87.)
1018 240 1083 307 tall

95 393 229 470 stupetis
250 392 290 452 ad
311 407 520 467 supervacua,
541 388 692 450 neminem
713 391 880 452 aestimatis
901 397 969 454 suo.
1013 408 1082 454 cum

94 479 137 539 ad
159 476 375 553 patrimonium
391 481 513 535 ventum
533 483 594 549 est,
617 473 840 550 diligentissimi
861 483 1081 552 conputatores

94 563 140 622 sic
163 560 315 620 rationem
337 558 451 634 ponitis
476 559 678 633 singulorum,
705 558 821 634 quibus
842 565 895 620 aut
922 561 1082 635 pecuniam

73 667 75 672 ·
94 645 241 706 credituri
256 644 331 705 estis
347 649 398 702 aut
413 642 571 702 beneficia.
610 659 680 702 nam
700 641 777 702 haec
799 659 925 719 quoque
945 645 1005 705 iam
1028 660 1081 704 ex-

93 745 196 805 pensa
211 728 311 788 fertis:
328 728 389 788 late
404 725 554 802 possidet,
570 727 627 786 scd
642 727 765 786 multum
783 727 883 788 debet.
921 727 1013 788 babet
1027 729 1110 791 do-6

94 829 177 873 mum
197 814 379 883 formosam,
402 811 460 870 sed
481 810 588 870 alienis
604 811 734 870 nummis
750 818 897 886 paratam.
938 813 1081 872 familiam

94 912 186 956 nemo
202 895 262 956 cito
279 893 501 970 speciosiorem
517 895 680 968 producet,
696 896 751 955 sod
768 895 941 957 nominibus
956 912 1018 957 non
1033 913 1080 957 ro·
1100 900 1118 972 ἶ

94 980 238 1054 spondet.
290 981 316 1039 si
343 978 545 1038 creditoribus
573 978 713 1051 solverit,
746 978 821 1038 nihil
852 979 894 1038 illi
920 981 1080 1056 supererit.

93 1064 179 1122 Idem
193 1064 223 1123 in
237 1060 364 1160 reliquis
382 1078 507 1137 quoque
523 1063 626 1122 lacere
641 1061 806 1134 debebitis,
825 1071 969 1124 excutere
985 1081 1082 1140 quan-

94 1154 158 1207 tum
173 1147 291 1224 proprii
306 1146 439 1222 quisque
456 1145 596 1206 habealfl
633 1145 763 1207 Divitem
783 1147 866 1207 illum
889 1156 994 1223 putas,
1011 1149 1109 1225 quial

94 1247 190 1291 aurea
214 1233 357 1328 supellex
377 1230 468 1289 ctiam
488 1231 519 1289 in
536 1229 585 1289 via
602 1231 756 1305 sequitur,
782 1230 855 1307 quia
882 1233 913 1291 in
940 1233 1081 1294 omnibus

94 1314 262 1412 provinciis
288 1323 368 1389 arat,
396 1314 468 1389 quia
493 1329 621 1411 magaus
645 1315 815 1375 kalendarii
840 1314 916 1375 liber
941 1315 1081 1391 volvitur,
1104 1302 1122 1372 ἶ

94 1400 168 1474 quia
186 1406 303 1460 tantum
324 1399 492 1459 suburbani
508 1399 572 1474 agri
589 1399 742 1473 possidet,
766 1407 912 1474 quantum
928 1401 1081 1460 invidiose

93 1485 125 1544 in
141 1484 272 1545 desertis
287 1483 419 1558 Apuliae
434 1481 624 1558 possiderem
645 1498 715 1543 cum
736 1484 837 1543 omnia
858 1483 988 1556 dixeris,
1005 1500 1080 1557 pau·

94 1574 221 1644 perest.
256 1574 373 1644 quare?
406 1567 592 1642 quiadebet
634 1566 976 1642 „Quantumt“inquis.
1011 1564 1080 1626 Orn-

94 1653 155 1711 nia.
188 1652 247 1712 nisi
261 1653 340 1713 forte
354 1651 473 1712 iudicas
487 1653 647 1723 interesse,
662 1658 762 1711 utrum
777 1649 889 1725 aliquis
905 1650 944 1710 ab
959 1650 1081 1710 bomine

94 1753 133 1795 au
149 1753 167 1796 a
182 1737 303 1796 fortuna
318 1744 456 1797 mutuum
476 1735 650 1810 sumpserit.
687 1734 764 1808 Quid
785 1735 824 1795 ad
845 1749 909 1794 rem
931 1735 1110 1811 pertinentss

94 1821 196 1879 mulae
211 1820 368 1896 saginatae
383 1819 473 1881 unius
490 1835 597 1880 omnes
613 1819 747 1879 coloris?
779 1818 853 1894 quid
868 1819 927 1880 ista
941 1819 1081 1879 vehicula

97 1904 236 1964 caelata?

180 1987 325 2049 Instratos
338 1994 416 2048 ostro
431 1988 564 2062 clmedes
573 1988 718 2062 pactaque
733 1989 849 2063 tapetes,

181 2088 276 2133 careo
287 2073 454 2148 pectoribus
467 2073 594 2132 damasc
607 2074 728 2132 monilia
740 2072 879 2146 pendeat,

181 2160 249 2218 lectt
262 2173 337 2217 curo
348 2157 466 2229 salvum
479 2156 625 2217 mandant
635 2156 690 2216 sab
704 2157 839 2216 dentibus
853 2170 970 2216 aarum,

96 2243 155 2302 ista
175 2257 232 2301 nec
252 2241 406 2301 dominum
428 2241 584 2300 meliorem
603 2247 737 2314 possunt
757 2241 860 2300 facere
880 2254 937 2299 nec
958 2236 1080 2298 mulam.

95 2326 135 2386 Μ.
153 2325 225 2385 Cato
243 2324 416 2397 Censorius,
434 2341 525 2399 quem
541 2331 600 2384 tam
615 2324 805 2399 erepublica
819 2324 875 2384 fuit
889 2320 1109 2397 nasciquam9

97 2409 288 2485 Scipionem,
309 2411 384 2469 alter
399 2409 479 2469 enim
494 2424 562 2469 cum
577 2408 718 2469 hostibus
733 2408 847 2469 nostrIs
862 2408 990 2476 bellum,
1006 2406 1082 2466 alter

97 2510 167 2554 cum
194 2492 329 2554 moribus
355 2494 467 2568 gessit,
495 2492 630 2553 canterio
653 2492 822 2553 vehebatur
847 2499 877 2552 et
898 2490 1080 2565 hippoperis

97 2578 221 2653 quidem
236 2575 386 2651 inpositis,
402 2584 435 2637 ut
449 2593 555 2636 secum
570 2576 653 2636 utilia
669 2582 812 2652 portaret.
843 2573 866 2635 0
882 2591 973 2649 quam
988 2588 1080 2648 cupe-

95 2678 161 2721 rem
181 2660 224 2720 illi
240 2678 320 2722 nunc
339 2676 502 2722 occurrere
522 2660 654 2735 aliquem
681 2675 721 2718 ex
742 2659 790 2718 his
820 2656 961 2719 trossulis
981 2657 1010 2716 in
1032 2657 1082 2717 via
1102 2663 1114 2723 l

98 2745 267 2842 [divitibus]
280 2761 425 2806 cursores
442 2752 471 2804 et
487 2743 633 2805 Numidas
648 2752 678 2804 ct
692 2745 817 2805 multum
833 2749 901 2803 ante
884 2757 958 2803 ese
975 2743 1081 2816 pulve·
1108 2741 1114 2752 '

96 2831 139 2889 ris
160 2837 314 2904 agentem!
359 2829 407 2890 hic
426 2829 493 2889 sine
514 2829 606 2890 dubio
622 2828 730 2888 cultior
743 2828 975 2901 comitatiorque
990 2842 1081 2900 quarn

96 2913 137 2971 llll.
154 2913 225 2974 Cato
241 2914 409 2988 videretur,
424 2914 488 2985 hic,
506 2913 558 2989 qui
573 2911 735 2974 interillos
750 2913 918 2989 adparatus
933 2911 1080 2971 delicatos

98 2998 299 3058 cummaxime
320 2998 449 3071 dubitat,
475 3005 575 3057 ulrum
595 3013 631 3057 so
652 2996 692 3056 ad
712 2997 846 3071 gladium
871 2997 951 3055 locet
976 3010 1015 3053 an
1041 2972 1154 3053 ad

98 3082 236 3141 cultrum
278 3081 463 3157 Oquantum
478 3088 544 3141 erat
558 3081 653 3141 seculi
669 3081 780 3152 decue,
800 3080 1014 3154 imperatorem
1031 3077 1082 3137 tri·
1089 3084 1124 3137 10

96 3165 287 3240 umphalem,
317 3166 504 3240 censorium,
531 3164 579 3242 [et]
601 3165 685 3239 quod
705 3179 801 3238 super
819 3163 921 3223 omnia
934 3160 1011 3221 haec
1025 3168 1082 3236 est,

98 3249 243 3310 Catonem
258 3267 320 3312 uno
337 3250 455 3310 caballo
473 3264 545 3310 esse
562 3255 736 3309 contentum
757 3253 787 3306 et
806 3262 845 3306 ne
863 3252 927 3307 toto
943 3245 1081 3319 quideml

97 3341 217 3408 partem
232 3335 311 3394 enim
327 3334 466 3394 sarcinae
483 3333 521 3393 ab
535 3340 666 3408 utroque
687 3333 781 3391 latere
801 3329 1013 3405 dependentes
1030 3344 1082 3391 oc·

98 3417 268 3494 cupabant
283 3419 324 3478 ila
335 3434 395 3478 non
412 3415 553 3478 omnibus
568 3416 672 3476 obesis
687 3412 808 3475 mannis
823 3420 853 3473 et
867 3411 1081 3473 asturconibus
1101 3391 1123 3468 l

97 3511 128 3564 et
143 3500 292 3564 tolutariis
307 3504 481 3615 praeferres
498 3500 619 3561 unicum
639 3500 722 3561 illum
738 3512 852 3572 equum
875 3495 942 3556 ab
933 3509 1004 3569 rpso
1026 3493 1127 3554 (la-
