2422 3862
153 298 190 335 xx
551 281 783 335 PRAEFATIO.

152 425 292 491 depravata
305 430 394 483 eraut,
419 421 588 488 corrigerem,
609 435 686 484 quam
700 421 740 472 «ad
757 436 811 471 rem
831 428 933 487 praeter
950 421 1102 473 lirmdeusis
1119 423 1176 475 libri

151 489 306 560 scripturam
326 493 364 543 ab
390 490 491 542 Omuuo
513 491 607 542 editam
622 490 731 541 adhibui
746 501 805 541 tres
825 490 902 542 eudd.
923 490 1139 543 Vratialavieuses
1161 511 1177 544 e

152 564 214 615 bibl.
231 563 389 628 academica,
404 575 512 624 quorum
527 574 594 611 uuna
612 568 651 611 est
661 561 806 615 <meusium
823 561 937 626 scriptus
955 577 979 611 a.
992 561 1070 614 1375.
1089 564 1178 630 signa·

152 645 194 684 tus
208 634 251 684 lv.
274 632 318 689 iol.
334 631 379 684 di).
397 633 453 681 eius
473 629 535 680 iulia
550 631 610 692 duo,
626 631 660 681 77
673 639 703 680 et
721 629 769 691 78,
787 631 882 680 amissa
896 639 969 692 sunt,
986 632 1078 696 quilius
1096 636 1178 684 couti-

152 704 260 754 uebatur
267 703 332 752 'linis
349 701 459 753 libri-da
475 701 589 751 mumius
608 706 633 751 at
644 701 750 750 initium
769 701 826 750 libri
843 699 875 750 de
893 715 956 750 rum.
975 701 1053 761 iont.;
1073 710 1117 752 est
1133 719 1177 754 au-

151 784 203 824 tem
226 774 249 822 is
270 773 343 838 ipse,
358 786 415 838 3quo
435 769 571 821 ¹Fialrertus
590 771 621 819 in
634 770 701 820 aliie
713 768 830 820 ¹lienseona
848 770 998 821 libritmeus
1018 781 1069 821 eet.
1102 772 1178 823 ⁴aliter

145 842 234 894 codeu
252 853 291 893 est
307 841 424 894 elautae.
444 854 501 890 aec.
521 839 578 890 XV.
591 841 716 907 signatus
738 840 782 890 Ν.
799 840 838 900 10.
858 839 901 894 66.
923 841 951 890 in
965 857 1015 904 quo
1028 841 1176 893 edditioucs

151 913 278 978 leguntur.
311 911 476 963 Tertiusest
494 911 554 960 item
572 908 681 959 chamae.
697 925 753 960 aec.
772 908 830 965 XV.
846 911 962 977 signatus
980 912 1000 961 1.
1018 911 1049 971 Q.
1069 913 1132 963 atla.
1150 914 1176 963 in

143 998 202 1045 -quc
218 980 396 1046 colloquentes
415 977 588 1032 sautsenmc
605 989 630 1029 et
649 980 725 1033 Nero.
759 980 1062 1047 Hobuipraeteneuedd.
1079 992 1177 1034 πωπω

151 1052 320 1111 Tarvisium,
333 1051 462 1101 ¹Vanataar
476 1063 501 1103 a.
515 1047 592 1101 1492
608 1049 776 1116 :Lipsiauaeuu
793 1049 879 1112 illam,
894 1051 932 1101 :de
941 1066 1000 1116 =qua
1017 1066 1097 1118 supra
1113 1053 1176 1115 dlxi,

144 1121 251 1173 ,Erasini
262 1121 386 1187 :primam
406 1119 479 1180 alias,
497 1119 697 1185 queedeiueeps
713 1127 817 1170 secutus
836 1128 908 1181 sunt3
920 1122 1108 1187 quibuscopiis
1118 1137 1177 1189 per·-

152 1191 210 1255 leci,
229 1199 257 1242 ut
271 1191 402 1254 aliquantu
421 1189 644 1240 iamemcudctior
659 1188 703 1240 luia
721 1188 786 1240 liber
806 1190 928 1256 prudent,
953 1205 1107 1256 quamquam
1126 1208 1176 1243 uon

143 1262 223 1327 :potui
241 1276 329 1312 omncs
339 1275 407 1325 uuas
424 1260 544 1327 diuturno
556 1259 876 1311 aimssnoutraxittuacules
892 1259 994 1322 oluere3
1008 1276 1092 1325 neque
1107 1263 1176 1313 euim

151 1330 216 1381 tales
234 1331 337 1381 inerunt
361 1330 463 1381 cedices
487 1330 552 1390 mei,
577 1343 686 1392 quorum
701 1329 793 1380 nullus
809 1331 959 1397 integritate
985 1331 1097 1383 excellit.
1139 1333 1176 1382 De

152 1400 396 1451 nuainiouioue
413 1415 472 1450 uero
489 1413 541 1449 ucu
559 1399 697 1450 &modum
708 1399 839 1460 laborari,
856 1415 966 1464 quarum
984 1402 1029 1464 qui
1045 1402 1110 1452 uiihi
1128 1403 1176 1453 noli

145 1471 234 1521 -lontaa
257 1479 330 1523 eraut
346 1485 413 1520 unare
433 1469 515 1520 codex
534 1484 585 1519 uua.
603 1477 630 1518 et
647 1471 690 1520 ed.
713 1471 801 1534 Lipa,
824 1469 975 1536 plerumque
992 1472 1058 1521 inter
1074 1487 1102 1523 se
1119 1487 1178 1522 cou-

146 1541 276 1591 seutiuut:
304 1540 368 1591 illud
392 1550 476 1590 tumen
495 1554 548 1590 uon
568 1540 642 1605 perri
659 1539 699 1589 ad
718 1548 798 1589 totam
815 1556 870 1592 rem
885 1542 1010 1590 momenti
1029 1550 1081 1602 est,
1103 1542 1175 1604 :quod

152 1625 241 1660 versus
261 1609 316 1660 ille:
336 1612 406 1663 coelo
423 1610 524 1675 tepitrtr,
544 1611 587 1675 qur·
602 1624 651 1660 non
662 1609 739 1661 itabat
750 1624 848 1676 amam,
865 1611 909 1674 qui
927 1608 1006 1677 vulgo
1017 1612 1083 1676 ipsis
1099 1609 1165 1662 Seue

152 1695 196 1730 cae
212 1680 297 1730 verbis
314 1679 478 1745 interpositus
503 1695 525 1729 e.
543 1681 578 1742 i,
602 1681 619 1728 i
642 1687 702 1730 ente
722 1695 802 1730 voces
822 1681 886 1746 quaid
903 1681 1013 1732 intereat
1033 1680 1175 1747 legebatur,

151 1749 208 1801 laco
228 1750 272 1800 illo
297 1750 412 1801 deiectus
435 1759 460 1799 et
481 1748 508 1798 in
526 1748 677 1799 Additicuas
695 1750 833 1801 translatus
858 1758 911 1809 ent3
932 1764 983 1800 non
1006 1750 1101 1801 habcm
1118 1767 1176 1802 eurn

151 1835 234 1883 neque
257 1820 331 1871 codd.
358 1834 420 1869 mss.
443 1833 525 1882 neque
545 1818 604 1870 edd.
629 1828 726 1869 veterae
749 1835 813 1881 qnae
831 1820 903 1880 uixi3
927 1821 1025 1871 scilieet
1044 1835 1060 1870 a
1078 1819 1176 1871 Seneca

150 1891 207 1954 ipso
223 1891 267 1939 vix
284 1890 373 1940 medas
389 1904 450 1940 eum
466 1888 672 1955 pouipotuisse,
691 1903 750 1938 cum
767 1891 801 1939 sit
819 1891 918 1941 Lucani
935 1889 1025 1941 Phara.
1037 1889 1093 1949 Vll,
1111 1890 1172 1942 819.

150 1960 237 2021 ireque
257 1958 395 2009 verisimile
418 1967 456 2010 aet
480 1974 514 2009 ex
534 1958 673 2010 auditione
693 1973 752 2008 enm
772 1969 901 2025 ameptum
926 1975 997 2026 esse,
1021 1974 1174 2024 quamquam

151 2029 236 2093 putuit
253 2026 356 2079 librario
375 2028 452 2078 alicui
471 2030 546 2078 etiam
567 2028 634 2079 ultro
649 2043 797 2080 succurrere
816 2031 856 2081 vel
876 2045 908 2080 ex
926 2030 1007 2096 ipsius
1023 2028 1124 2080 hacani
1140 2031 1175 2080 le-

151 2097 235 2146 ctione
253 2097 293 2147 vel
309 2112 342 2149 ex
356 2097 428 2156 aliis,
450 2098 493 2161 qui
508 2113 538 2146 eo
554 2098 596 2146 usi
611 2107 684 2160 sunt,
703 2096 776 2149 velut
800 2115 833 2149 ex
853 2099 1047 2150 Bartholomeeo
1060 2101 1174 2167 -Anglico

152 2167 184 2217 de
198 2167 398 2232 proprietatibus
415 2181 499 2217 rernm
517 2166 562 2219 lib.
582 2164 653 2233 xlx,
671 2183 694 2216 c.
715 2167 775 2220 129.

223 2236 313 2286 Adieei
336 2236 429 2287 deiude
458 2237 625 2301 Excerpta
654 2236 691 2286 dc
715 2247 913 2302 paupertate
940 2254 972 2288 ax
999 2240 1175 2304 superioribus

151 2306 210 2356 edd.
230 2307 364 2371 expressa}
388 2321 471 2370 neque
492 2307 560 2356 euim
581 2320 668 2357 eurum
688 2306 769 2357 ullum
786 2309 842 2359 cod.
860 2323 910 2358 rus.
924 2308 1017 2370 habui3
1039 2309 1130 2360 addidi
1149 2312 1173 2360 in

150 2376 267 2442 margine
285 2391 403 2426 uumerus
423 2374 603 2441 epistularum,
624 2375 689 2426 uude
707 2378 787 2442 petita
802 2386 874 2437 sunt,
893 2393 921 2428 ιιι
939 2379 1099 2430 commodius
1115 2395 1174 2446 pos·

128 2484 131 2489 .
150 2445 184 2494 sit
201 2447 343 2511 scripturae
361 2447 534 2510 discrepantia
550 2446 669 2510 reperiri,
683 2461 758 2509 quarn
776 2447 908 2498 Fickertus
926 2463 984 2500 raro
998 2451 1105 2500 notavit

220 2512 339 2580 Sequitur
355 2516 392 2566 de
409 2515 554 2565 Moribus
576 2515 675 2574 liber,
694 2517 825 2583 llxcerptis
843 2517 907 2574 illis,
926 2528 954 2568 ut
971 2519 1089 2578 videtur,
1105 2519 1175 2569 haud

149 2584 227 2648 paula
248 2586 387 2646 vetustum
410 2586 505 2635 citatur
526 2586 594 2635 enim
611 2583 722 2637 Senecae
746 2589 849 2638 nornine
872 2603 906 2637 ex
929 2603 959 2637 eo
983 2591 1112 2639 sententia
1131 2588 1172 2641 36.

150 2656 201 2702 iam
215 2669 281 2704 anuo
298 2654 358 2706 507.
373 2656 399 2704 in
414 2653 513 2705 'concil
533 2655 628 2705 Turou.
650 2655 680 2704 ll.
706 2672 762 2707 cun.
782 2658 824 2708 14.
845 2659 870 2707 iu
894 2658 936 2710 ad.
955 2657 1052 2709 Lubbei
1071 2659 1122 2710 vol.
1142 2659 1174 2715 V,

149 2736 209 2788 pag.
228 2722 289 2775 850.
308 2724 349 2774 val
367 2725 394 2773 iu
412 2724 452 2778 cd.
470 2724 552 2774 llarrsi
569 2725 621 2776 rol.
641 2725 685 2785 lx,
703 2741 766 2793 pag.
783 2726 842 2779 795.
864 2727 973 2777 eundem
993 2728 1084 2778 librum
1104 2729 1174 2780 novit

149 2791 300 2844 Vincentius
321 2793 508 2845 Bellovaccneia
532 2801 556 2844 at
576 2795 636 2860 alii3
666 2810 696 2847 aa
722 2796 814 2847 vellem
841 2796 875 2847 erl
898 2812 956 2847 curn
986 2797 1173 2849 emendandum

148 2860 223 2925 plura
244 2862 343 2912 unxilia
366 2873 468 2929 praesto
493 2864 617 2925 fluissent3
644 2880 714 2916 nunc
737 2867 802 2917 nihil
825 2867 901 2917 habui
918 2868 970 2916 uisi
990 2868 1051 2922 edd.
1068 2878 1130 2922 vett.
1149 2876 1175 2916 et

149 2944 225 2992 quern
244 2932 298 2983 dixi
320 2948 398 2999 supra
420 2934 534 2986 codicem
552 2935 657 2985 Vratlel.
681 2937 725 2998 qui
750 2937 836 2987 delicit
860 2938 884 2985 in
907 2939 1031 2987 sententia
1048 2935 1092 2988 49.
1112 2952 1173 2988 voca

148 3001 1099 3137 litfttlttt'tllttllltd·§titalillssnlltll‘
1111 3021 1173 3143 3:¹3⁰

148 3137 200 3189 269
216 3156 273 3204 sqq.
304 3142 400 3194 Verum
419 3154 472 3206 est,
489 3143 559 3209 quod
577 3145 601 3194 ln
622 3145 678 3199 eod.
698 3145 804 3199 Vretisl.
823 3145 961 3212 adscripsit
980 3161 1071 3196 manus
1087 3161 1172 3197 receu-

147 3207 209 3258 tior:
229 3210 285 3261 Non
310 3221 350 3264 cat
369 3214 410 3265 hic
428 3215 549 3267 dicandus
566 3213 646 3264 liber.-
671 3217 821 3267 recollectae
835 3217 898 3266 enim
916 3224 974 3266 emt
996 3218 1120 3282 quaedam
1141 3215 1172 3265 ab

147 3278 231 3343 aliquo
251 3292 388 3348 excerptae
413 3301 448 3336 ecc
466 3285 540 3335 libris
557 3283 684 3344 Senecae,
708 3286 759 3334 nisi
774 3286 844 3350 qnod
862 3300 912 3334 nou
932 3302 963 3336 ex
981 3286 1045 3335 solis
1062 3284 1172 3337 Senecae

146 3343 218 3399 libris
237 3352 356 3405 collectae
373 3357 515 3406 sententiae
536 3361 610 3412 euut;
631 3362 708 3416 atque
726 3369 758 3404 cx
777 3357 809 3405 iis
827 3353 944 3419 quidam,
964 3357 1008 3419 qui
1028 3366 1172 3421 supersunt,

147 3419 193 3466 etsi
211 3423 307 3474 similia
320 3425 433 3490 proferri
450 3424 532 3475 multa
548 3430 670 3488 possunt,
688 3423 752 3487 ipsis
770 3433 856 3474 tamen
870 3427 956 3477 verbis
975 3440 1040 3488 quae
1056 3435 1172 3475 accurate

131 3491 299 3552 conveniant,
323 3508 377 3543 nou
398 3495 542 3546 admodum
563 3489 645 3543 multa
668 3506 725 3543 casa
750 3495 842 3556 credo,
866 3493 946 3544 veluti
964 3495 1083 3554 dubites,
1108 3496 1173 3543 sitne

115 3555 331 3619 ⁸⁶⁰‘143P6t1'ta
352 3580 387 3615 ex
403 3582 447 3632 ep.
469 3565 495 3626 3,
518 3567 544 3619 2.
564 3565 629 3615 itern
648 3563 685 3616 ad
700 3572 770 3616 sent.
783 3566 829 3617 tn.
848 3563 882 3614 cl.
901 3563 1000 3628 epil,
1012 3563 1058 3613 li.
1070 3564 1135 3623 liin,
1147 3562 1178 3612 i.
