2422 3862
473 243 707 302 FRAGMENTA.
1010 241 1073 306 431

95 403 190 469 petum
212 403 238 452 et
257 399 330 452 male
351 399 510 453 mulctatum
526 397 733 468 fugientemque
749 397 798 452 diu
813 403 978 469 persecutae
998 404 1072 477 eunt.

96 479 224 548 Quodam
244 486 337 536 autem
359 487 484 553 tempore
508 497 593 551 quum
607 480 712 536 infinita
733 481 860 537 convicia
878 497 914 536 ex
934 482 1073 552 superiori

94 581 157 620 ‚oco
173 564 310 636 ingerenti
325 563 503 636 Xanthippae
521 564 681 634 restitisset,
696 580 770 635 aqua
784 566 914 637 pertusus
929 564 1073 620 immunda

95 647 162 702 nihil
184 648 303 719 amplius
325 648 471 720 respondit
492 663 575 717 quam
595 649 686 719 capite
710 648 836 704 deterso:
858 649 1017 718 „sciebam,
1031 648 1073 702 in·

95 733 168 803 quit,
181 733 317 801 suturam,
332 737 361 785 ut
371 733 424 786 ista
438 732 559 786 tonitrua
574 730 663 787 imber
677 732 872 802 sequeretur.“

157 815 187 868 L.
203 812 314 883 Sullae,
337 815 439 884 felicis,
460 816 484 870 si
499 831 554 870 non
569 814 715 871 habuisset
727 831 859 886 uxorem,
879 815 991 871 Metella
1006 832 1072 871 con·
1085 824 1120 880 63

93 899 143 953 iux
156 900 250 970 palam
266 903 325 953 erat
338 898 488 970 impudica,
506 905 541 967 et,
557 899 622 968 quia
632 900 778 956 novissimi
792 901 865 954 mala
881 905 976 955 nostra
988 899 1072 955 disci·
1102 943 1105 950 .

95 998 169 1052 mus,
181 982 210 1037 id
224 981 343 1039 Athenis
356 984 518 1038 cantabatur
529 987 556 1037 et
567 979 645 1038 Sulla
659 983 819 1055 ignorabat,
840 989 1005 1054 secretaque
1021 984 1071 1039 do-

94 1082 156 1120 mus
172 1082 241 1121 suae
253 1066 373 1137 primum
388 1065 509 1121 hostiurn
521 1065 648 1122 convicio
663 1067 768 1122 didicit·
799 1065 849 1122 Cn.
864 1067 998 1138 Pompeio
1012 1066 1073 1121 Mu·
1085 1063 1120 1118 64

95 1150 167 1204 ciam
180 1166 297 1205 uxorem
311 1149 498 1221 impudicam,
519 1165 603 1220 quam
617 1151 719 1205 Pontici
735 1150 876 1222 spadones
892 1156 919 1205 et
929 1150 1073 1206 Mithrida-

96 1234 165 1287 ticae
181 1234 339 1288 ambiebant
354 1239 500 1303 catervae,
516 1249 601 1303 quum
615 1250 679 1288 eum
694 1239 824 1305 putarent
838 1234 923 1289 ceteri
939 1235 1073 1290 scientem

93 1317 163 1388 pati,
184 1316 317 1373 indicavit
332 1317 359 1371 in
376 1317 555 1389 expeditione
571 1318 719 1372 commilito
736 1323 763 1373 et
776 1318 912 1374 victorem
928 1318 1011 1372 totius
1027 1334 1073 1373 or-

94 1401 137 1454 bis
149 1400 218 1454 tristi
235 1400 335 1455 nuncio
359 1400 557 1456 consternavit.
586 1399 624 1454 Μ.
642 1398 708 1456 Cato
728 1400 879 1458 Censorius
895 1400 991 1469 habuit
1006 1417 1075 1456 uxo·
1087 1401 1121 1456 65

95 1499 155 1538 rem
174 1483 316 1539 Actoriarn
328 1484 443 1540 Paulam
458 1483 555 1539 humili
574 1485 637 1538 loco
653 1489 762 1554 natam,
783 1485 968 1553 vinolentam,
985 1485 1074 1555 impo-

95 1571 199 1622 tentem
215 1573 257 1632 et,
275 1567 351 1638 quod
365 1584 449 1624 nemo
463 1573 561 1640 posset
576 1567 709 1636 credere,
732 1566 829 1623 Catoni
844 1569 1005 1639 superbam.
1020 1566 1075 1621 hoc

95 1650 160 1706 ideo
173 1649 251 1720 dico,
266 1668 303 1706 ne
316 1652 376 1722 quis
392 1658 485 1723 putet,
501 1653 524 1707 si
538 1668 694 1724 pauperem
706 1651 824 1720 duxerit,
836 1651 902 1706 satis
914 1667 945 1706 se
958 1667 1074 1707 concor-

98 1735 161 1790 diae
179 1735 350 1806 providisse.
862 1731 868 1739 '
896 1781 897 1784 ,

160 1816 231 1872 ibid.
242 1835 272 1890 p.
285 1820 346 1874 191.
376 1817 450 1885 Quid
465 1820 585 1875 reseram
595 1819 770 1892 Pasiphaen,
785 1817 1035 1889 Clytaemnestram
1048 1822 1075 1872 et
1087 1814 1122 1872 66

93 1900 275 1972 Eriphylam,
303 1917 420 1972 quarum
445 1903 535 1974 prima
561 1903 668 1959 deliciis
695 1902 842 1971 diffluens,
868 1902 972 1973 quippe
996 1900 1073 1972 regis

96 2001 179 2050 uxor,
199 1985 271 2039 tauri
293 1985 391 2041 dicitur
406 1987 547 2058 expetisse
567 1988 748 2057 concubitus,
769 1988 856 2042 altera
877 1985 1016 2041 occidisse
1030 1984 1073 2040 vi-

93 2084 154 2122 rum
171 2070 205 2123 ob
223 2084 347 2125 amorem
362 2069 495 2141 adulteri,
510 2072 590 2127 tertia
605 2071 767 2144 prodidisse
777 2068 980 2142 Amphiaraum
991 2073 1017 2124 et
1029 2082 1073 2122 sa-

94 2153 142 2206 luti
157 2152 210 2209 viri
233 2154 336 2209 monile
351 2168 468 2209 aureum
485 2156 662 2226 praetulisse.
696 2153 839 2225 Quidquid
853 2153 1018 2226 tragoediae
1032 2158 1073 2206 tu·
1085 2154 1119 2212 67

94 2241 169 2290 ment
188 2241 215 2291 et
234 2237 349 2305 domos,
370 2238 455 2292 urbes
470 2253 614 2310 regnaque
627 2240 776 2308 subvertit,
797 2254 913 2293 uxorum
928 2237 1072 2309 pellicum-

95 2335 150 2387 que
168 2320 307 2374 contentio
325 2324 376 2378 est.
398 2327 540 2376 armantur
559 2329 707 2394 parentum
721 2323 749 2378 in
769 2322 872 2377 liberos
890 2337 1003 2389 manus,
1025 2335 1074 2374 ne-

94 2400 197 2455 landae
210 2407 387 2472 apponuntur
399 2403 499 2473 epulae
512 2409 538 2460 et
551 2411 667 2478 propter
678 2407 761 2461 unius
773 2406 953 2461 mulierculae
966 2407 1074 2473 raptum

93 2485 208 2554 Europa
230 2490 312 2555 atque
328 2484 398 2539 Asia
421 2485 568 2541 decennali
583 2489 657 2543 bello
673 2487 835 2558 confligunt.
869 2485 1012 2554 Quasdam
1029 2500 1072 2539 re·
1087 2496 1123 2550 68

93 2567 223 2640 pudiatas
239 2569 325 2623 altero
341 2567 499 2639 nuptiarum
521 2568 568 2625 die
583 2571 672 2626 statim
688 2571 820 2641 nupsisse
840 2568 973 2640 legimus:
999 2573 1074 2621 uter-

94 2668 149 2721 que
164 2650 417 2722 reprehendendus
432 2652 562 2722 maritus,
584 2659 611 2708 et
626 2655 671 2708 cui
685 2657 741 2708 tarn
758 2653 811 2707 cito
826 2651 966 2723 displicuit
982 2655 1009 2705 et
1030 2650 1075 2704 cui

93 2744 150 2790 tarn
165 2736 218 2790 cito
234 2737 347 2807 placuit.
1128 2734 1129 2738 ’

156 2818 227 2879 ibid.
241 2837 272 2892 p.
290 2823 351 2878 188.
382 2817 428 2876 Ad
448 2817 591 2874 Romanas
614 2819 732 2875 seminas
756 2823 896 2875 transeam
914 2822 941 2872 et
955 2817 1074 2888 primam
1084 2833 1119 2888 59

93 2920 196 2975 ponam
211 2904 381 2973 Lucretiam,
397 2919 469 2974 quae
481 2903 603 2960 violatae
614 2903 765 2976 pudicitiae
778 2904 876 2958 nolens
888 2900 1073 2972 supervivere

93 2989 230 3042 maculam
253 2988 379 3059 corporis
401 3003 502 3042 eruore
523 2987 635 3045 delevit
660 2983 716 3061 [G.]
739 2987 881 3054 Duellius,
905 2985 951 3055 qui
965 2985 1119 3056 primasio

92 3070 200 3127 Romae
222 3072 315 3128 navali
337 3071 487 3127 certamine
506 3070 702 3143 triumphavit,
723 3071 822 3126 Bitiam
843 3069 981 3141 virginem
996 3068 1074 3123 duxit

92 3172 225 3225 uxorem,
243 3161 336 3211 tantae
352 3156 519 3227 pudicitiae,
533 3162 563 3211 ut
578 3157 624 3211 illo
640 3171 751 3226 quoque
767 3156 863 3211 seculo
877 3169 929 3225 pro
943 3153 1072 3224 exemplo

93 3240 189 3308 luerit,
208 3257 263 3311 quo
278 3239 449 3312 impudicitia
468 3245 621 3296 monstrum
635 3244 707 3305 erat,
725 3255 781 3295 non
794 3238 901 3296 vitium.
918 3237 942 3292 is
956 3236 1013 3291 iam
1027 3252 1072 3290 se·

93 3337 149 3376 nex
170 3328 197 3376 et
216 3326 344 3380 trementi
362 3339 481 3396 corpore
497 3324 525 3379 in
543 3324 665 3396 quodam
681 3324 771 3396 iurgio
789 3322 895 3398 audivit
909 3320 1073 3393 exprobrari

93 3402 145 3459 sibi
160 3422 192 3461 os
210 3407 359 3479 foetidum,
380 3413 406 3463 et
422 3409 505 3465 tristis
518 3426 549 3465 se
561 3409 675 3466 domum
690 3407 820 3477 contulit,
833 3421 983 3476 quumque
993 3402 1089 3453 mix

93 3495 208 3560 questus
224 3498 312 3563 osset,
329 3507 416 3564 quare
427 3509 572 3569 nunquam
585 3513 619 3554 se
633 3494 817 3558 monuisset,
827 3481 1034 3544 utnmedmo
1041 3489 1110 3524 aas·
