2422 3862
387 575 637 647 illlis!
672 574 894 644 illicit

465 709 525 770 AD
549 709 818 774 GALLIONEM

286 848 337 908 OE
359 846 551 907 annuens
570 846 858 907 confusionum
875 847 1009 906 LIBER.

190 1176 338 1233 ammana.
351 1179 426 1245 Apol.
442 1195 463 1230 e.
478 1179 511 1232 50
522 1186 591 1231 extr.
603 1193 634 1243 p.
652 1178 703 1231 164
717 1181 759 1231 ed.
775 1180 886 1234 Haoere.
912 1178 985 1229 Multi
998 1180 1067 1244 apud
1083 1193 1132 1228 ros

223 1249 255 1298 ad
270 1248 427 1299 tolerantiam
440 1248 535 1299 doloris
548 1255 573 1298 et
588 1250 676 1299 mortis
690 1248 834 1308 narentur,
853 1255 881 1298 ut
894 1247 981 1298 Cicero
994 1249 1021 1298 in
1033 1248 1130 1298 Tuscu-

223 1315 334 1377 cnlanis,
348 1324 376 1367 nt
389 1317 508 1368 Seneca
521 1318 550 1367 in
571 1317 740 1380 fortuitis,
763 1325 791 1368 ut
803 1317 945 1384 Diogenes,
963 1325 991 1366 ut
1003 1317 1129 1384 pyrrhon,

220 1394 249 1436 ut
262 1384 408 1437 Callinicus.
633 1448 636 1454 ι

184 1455 223 1506 lle
243 1456 394 1507 Hildeberto
412 1456 589 1509 &nomenensi
609 1455 661 1506 vid.
682 1455 765 1506 Devit.
786 1455 819 1506 ad
843 1456 966 1505 Varronis
989 1455 1130 1504 sententias

192 1521 337 1643 Viliaessfftim
354 1593 541 1644 Bellonacensis
561 1594 586 1641 in
602 1607 670 1658 spec.
684 1594 743 1644 hist.
758 1593 801 1646 lib.
819 1592 878 1652 Vll„
892 1607 914 1641 c.
931 1590 988 1643 116.
1019 1590 1128 1654 Scripsit

222 1676 320 1723 quoque
335 1658 459 1726 (Seneca)
472 1661 561 1711 librum
576 1663 731 1712 demonibus
744 1668 768 1711 et
782 1661 813 1711 de
827 1661 946 1710 remediis
955 1659 1124 1712 fortuitorum.

219 1729 288 1784 lose.
300 1729 385 1810 03123
400 1738 538 1794 sequuntur
550 1730 650 1781 llcsculi
665 1747 696 1780 ex
708 1730 771 1780 libro
788 1730 819 1779 de
833 1729 952 1780 remediis
965 1727 1127 1779 fortuitorum

185 1807 402 1931 Iaceexbcueipllapni
417 1869 442 1916 ia
458 1867 602 1934 Zcpiilopio
622 1869 718 1934 passim
739 1864 859 1918 Senecam
878 1867 942 1917 libro
958 1866 988 1916 de
1006 1865 1128 1914 remediis

219 1935 378 1986 fortuitorum
400 1936 472 1995 citat,
491 1934 570 1986 veluti
588 1936 632 1989 lib.
650 1937 670 1990 1.
694 1943 766 1989 tract.
785 1937 818 1989 11.
837 1953 860 1985 o.
882 1934 924 1990 16.
945 1934 999 1988 init.
1022 1933 1068 1984 lib.
1081 1933 1127 1997 Ill,

183 2005 498 2123 Petilliorteltlavdecrgmediis
514 2074 643 2137 utriusque
657 2073 791 2137 sarcinae,
816 2074 874 2139 ipse
890 2072 937 2122 hae
959 2072 1128 2136 inscriptione

218 2140 339 2190 Senecam
358 2141 514 2201 aemulatus,
533 2149 638 2191 testatur
651 2155 714 2206 pap.
729 2140 755 2192 9.
780 2141 892 2192 libellum
912 2141 967 2190 eius
984 2141 1081 2205 passim
1099 2140 1126 2188 in

219 2210 336 2258 matribus
351 2209 422 2274 vulgi
439 2223 505 2260 esse.

122 2323 135 2374 l
210 2316 231 2370 Ι.
253 2316 340 2386 [Licet
352 2322 512 2371 cunctorum
523 2319 670 2387 poetarum
681 2317 802 2373 carmina
814 2316 951 2389 gremium
961 2320 1038 2371 tuum
1052 2331 1126 2370 sem-

147 2417 199 2472 per
211 2400 362 2470 illustrent,
380 2399 528 2471 aliquando
542 2400 700 2456 deliberans
711 2400 766 2456 hoc
776 2401 824 2456 tibi
837 2402 1002 2472 opusculum
1012 2416 1065 2471 pro
1077 2416 1126 2455 ec-

148 2484 303 2541 ridentibus
316 2483 427 2538 casibus
440 2482 562 2555 dirigere
574 2484 685 2555 curavi,
697 2485 772 2556 quod
786 2501 842 2540 non
853 2484 1058 2556 praecedentes
1073 2482 1124 2538 sed

148 2569 253 2640 posteri
265 2569 436 2636 narrabunt]

118 2659 135 2710 2
209 2648 400 2707 ***Unde
419 2666 487 2722 ergo
508 2650 629 2722 primum
644 2651 812 2722 incipimus?
843 2651 868 2707 si
887 2651 935 2708 tibi
958 2650 1085 2719 videtur,
1108 2665 1126 2705 a

148 2741 269 2791 morte.
292 2735 359 2803 „Ab
371 2734 513 2789 ultimoi“
530 2734 637 2806 inquis:
652 2735 736 2790 immo
748 2751 765 2790 a
775 2736 906 2792 maximo.
918 2733 963 2789 Ad
975 2732 1030 2789 hoc
1040 2749 1125 2804 prae·

149 2820 230 2890 cipue
245 2834 316 2889 gens
327 2817 448 2874 humana
464 2818 625 2889 contremit,
647 2834 699 2874 nec
716 2819 852 2874 immerito
866 2817 989 2894 [videtur
1005 2817 1058 2872 sibi
1069 2816 1125 2871 hoc

148 2903 270 2969 facere]:
293 2901 377 2956 ceteri
396 2902 469 2956 enim
488 2902 601 2958 timores
617 2901 722 2958 habent
742 2903 863 2975 aliquem
881 2907 946 2972 post
969 2918 1001 2956 se
1016 2902 1124 2955 locumz

153 3004 227 3043 mors
250 2987 344 3041 omnia
367 2985 520 3051 abscindit3
543 2983 598 3038 alia
619 2997 673 3036 nos
694 2985 836 3050 torquent:
858 2995 934 3034 mors
957 2978 1053 3034 omnia
1077 2976 1128 3033 de·

152 3076 240 3128 voret.
284 3070 429 3142 Omnium,
457 3084 528 3140 quae
550 3064 713 3132 horremus,
737 3062 868 3124 adhunc
891 3063 981 3118 exitus
1005 3066 1127 3133 spectat,

153 3157 271 3212 eliorum
294 3147 390 3232 [reeta
404 3152 606 3216 invadentium,
630 3148 764 3215 oliorum]
786 3163 837 3218 per
853 3147 1008 3203 circuitum.
1042 3147 1129 3201 etiam

154 3240 200 3314 qui
223 3239 300 3297 eliud
329 3254 360 3293 se
384 3253 439 3292 non
462 3237 559 3291 timere
586 3233 726 3299 iudicant,
756 3231 810 3287 hoe
832 3231 939 3290 timent.
985 3228 1130 3300 Quicquid

151 3328 226 3386 aliud
245 3323 465 3394 extimescimus,
487 3320 571 3377 habet
592 3323 639 3376 ant
659 3315 815 3375 remedium
836 3319 883 3370 eut
903 3311 1046 3368 solatium:
1068 3307 1133 3384 [hcc

138 3432 227 3473 unum
238 3415 301 3472 stite
310 3407 433 3470 remedio
445 3410 495 3468 esi.
518 3403 570 3464 hcc
579 3420 665 3463 uuum
677 3408 702 3460 et
713 3401 819 3475 respuit
828 3391 974 3470 solatiam]
999 3392 1048 3451 Sic
1061 3409 1131 3467 ergo

121 3026 140 3082 3
