2422 3862
185 235 353 296 uPlSTUL.
369 233 462 295 molt.
479 236 551 295 LlB.
570 236 633 295 XX.
656 235 710 294 ul.
723 245 749 300 6.
761 245 787 301 l.
805 243 880 309 (12³.
893 244 966 310 124.)
1009 239 1073 305 41³

93 407 204 452 vanum
221 397 250 449 et
265 388 396 450 volubile
413 388 557 463 quiddam
576 395 623 448 est
643 404 780 464 auraque
799 389 951 451 mobilius.
979 407 1071 466 pau-

93 481 226 550 pertas
249 474 320 533 nulli
342 473 453 532 malum
474 479 521 531 est
535 470 594 531 nisi
608 472 799 547 repugnanti.
842 472 944 534 Mors
960 476 1071 536 malum

92 564 230 618 nonest:
254 556 328 632 quid
345 556 386 615 sit
400 555 543 630 quaerist
568 557 635 615 sola
656 557 703 615 ius
726 571 857 631 aequum
879 559 1000 631 generis
1016 558 1070 618 hu-

93 642 183 701 mani.
217 640 449 716 superstitio
472 654 556 699 error
578 639 703 712 infantis
723 646 784 700 est:
810 640 958 701 amandos
979 642 1069 715 timet,

93 741 173 801 quos
196 725 268 784 colit
289 724 390 784 violat.
421 723 495 798 quid
516 723 600 783 enim'
611 723 751 796 interest,
772 729 869 783 utrum
885 725 961 797 deos
974 740 1070 799 neges

92 826 131 868 an
147 809 322 868 iniamest“
353 807 437 866 Haeo
452 806 607 878 discenda,
625 805 715 866 immo
731 806 895 867 ediscenda
910 813 995 868 suntz
1010 826 1071 870 non
1082 829 1111 885 ιγ

92 892 184 952 debet
205 889 421 952 exeusationes
443 890 515 950 vitio
538 888 734 965 philosophia
753 905 930 965 suggerere.
959 894 1072 953 nullam

92 976 183 1035 habet
199 990 287 1050 spem
303 975 409 1035 salutis
426 988 526 1048 aeger,
543 989 634 1048 quem
649 973 689 1032 ad
704 973 965 1049 intemperantiam
977 976 1071 1036 medi-

92 1075 147 1121 eus
162 1060 310 1119 hortatur.
353 1059 440 1120 Vale.

375 1192 593 1250 EPISTULA
614 1195 674 1250 Vll.
697 1199 786 1266 (lul.)

343 1288 453 1341 Sennea
472 1292 583 1341 Luornro
604 1303 655 1342 suo
673 1304 813 1345 susurru.

193 1395 315 1454 Possum
328 1398 421 1454 mullo
435 1396 488 1455 tibi
499 1401 628 1455 velerum
639 1403 802 1472 praecepta
815 1397 943 1470 referre,
1081 1399 1099 1455 1'

197 1481 230 1537 oi
242 1477 358 1552 refugis
372 1481 523 1553 meisque
530 1482 616 1554 piget
629 1495 804 1553 cognoscere
818 1496 917 1540 ouras.

92 1579 153 1624 non
175 1561 290 1636 refugis
311 1568 411 1621 autem
433 1577 490 1621 neo
511 1563 572 1622 ulla
591 1571 620 1623 te
639 1561 788 1623 subtilitas
809 1563 911 1637 abigit.
940 1577 1001 1622 non
1024 1568 1071 1620 est

92 1645 262 1720 elegantiae
277 1653 347 1706 tuae
362 1652 473 1706 lantum
490 1662 598 1721 magna
621 1647 747 1719 sectari,
769 1644 849 1706 siout
871 1645 945 1705 illud
961 1644 1069 1719 probo,

93 1731 178 1806 quod
193 1730 294 1788 omnia
309 1729 350 1789 ad
365 1728 496 1804 aliquem
512 1731 681 1806 proiectum
695 1730 810 1805 redigis
825 1737 854 1790 el
869 1735 941 1790 tune
956 1735 1069 1807 tantum

92 1813 275 1885 offenderis,
301 1812 351 1872 ubi
368 1829 486 1874 summa
508 1814 671 1875 subtilitate
692 1812 763 1872 nihil
786 1814 899 1888 agitur,
922 1812 1006 1889 quod
1031 1828 1070 1871 ne

92 1912 172 1957 nune
186 1897 308 1970 quidem
320 1897 385 1956 lieri
397 1897 558 1959 laborabo:
577 1897 793 1973 quaeritur,
811 1905 934 1957 utrum
951 1911 1070 1957 seusu

91 1981 389 2054 conprendatur
410 1980 681 2042 unintelleetu
698 1981 857 2042 bonum?
877 1979 1068 2040 huieadiun·

91 2062 172 2126 etum
194 2071 242 2123 est
263 2064 300 2122 in
321 2065 434 2124 mutis
456 2064 689 2126 animalibus
705 2074 741 2124 el
761 2064 979 2125 infantibus
996 2079 1068 2122 non

92 2163 191 2208 esse.
236 2147 424 2223 Quicumque
437 2151 621 2224 voluptatem
643 2149 674 2208 in
689 2165 808 2209 summo
825 2155 955 2224 ponunt,
982 2153 1098 2207 sen-u

92 2232 210 2291 sibile
225 2230 362 2292 iudicant
375 2231 503 2293 bonum=
518 2248 577 2295 nos
594 2241 700 2294 eontra
716 2233 1000 2307 intellegibile,
1017 2230 1070 2304 qui

91 2315 166 2374 illud
183 2313 282 2374 animo
298 2315 416 2378 damus.
440 2317 467 2375 si
482 2317 615 2378 debono
629 2332 741 2377 sensus
757 2317 939 2387 iudicarent,
956 2315 1068 2375 nullam

92 2398 278 2470 voluptatem
293 2397 487 2458 reiceremus.
509 2402 590 2459 nulla
604 2401 683 2460 enim
698 2417 759 2461 non
776 2401 894 2473 invitat,
910 2401 993 2458 nulla
1008 2413 1068 2457 nou

94 2480 233 2541 delectat.
264 2487 324 2540 ete
340 2482 492 2541 contrario
507 2483 623 2542 nullum
639 2484 776 2544 dolorem
792 2483 932 2543 volentes
950 2480 1067 2541 subire·

93 2577 170 2624 urus.
203 2565 303 2622 nullus
324 2563 404 2622 enim
425 2580 485 2624 non
509 2564 636 2626 offendit
656 2581 791 2627 sensum.
826 2567 986 2625 Praeterea
1006 2575 1096 2628 nona

92 2654 198 2708 essent
213 2646 296 2721 digni
311 2647 561 2722 reprehensione,
579 2649 690 2724 quibus
705 2646 827 2708 nimium
848 2649 989 2721 voluptas
1004 2647 1067 2720 pla-

92 2739 140 2791 cet
157 2731 331 2806 quibusque
345 2745 482 2793 summus
498 2739 546 2794 est
561 2731 677 2793 doloris
692 2730 796 2794 timor:
826 2728 911 2807 etqui
926 2728 1068 2805 inproba-

92 2900 166 2959 nihil
188 2900 311 2959 viriliter
332 2901 437 2961 ausuri
458 2909 528 2962 sunt
544 2901 660 2962 doloris
677 2907 768 2962 metu.
792 2899 866 2976 quid
880 2901 981 2958 autem
998 2912 1069 2974 pee-

92 2990 176 3054 oant,
202 2984 227 3043 si
244 2984 403 3059 sensibus,
424 2985 455 3045 id
471 2992 520 3047 est
532 2985 685 3046 iudicibus
699 2984 772 3045 boni
786 3000 823 3044 ae
837 2983 923 3055 nauli,
941 2990 1069 3057 parent?

91 3067 139 3126 his
162 3069 242 3126 enim
265 3067 431 3129 tradidistis
452 3069 647 3146 adpetitionis
663 3077 693 3131 et
707 3070 798 3145 fugae
813 3067 977 3128 arbitrium.
1007 3065 1099 3132 sedo

92 3151 236 3211 videlieet
252 3151 328 3212 ratio
344 3151 393 3212 isti
408 3153 451 3212 rei
467 3154 645 3230 praeposita
659 3162 721 3214 est:
743 3155 795 3213 illo
812 3151 1068 3228 quemadmodum

93 3232 228 3305 [debeat]
245 3236 284 3294 de
298 3235 375 3309 vita,
391 3237 649 3310 quemadmodum
667 3237 706 3298 de
722 3238 845 3310 virtute,
867 3236 906 3297 de
927 3233 1068 3307 honesto,

93 3317 138 3375 sie
162 3323 193 3376 et
208 3314 342 3379 debono
365 3320 508 3395 maloque
523 3319 687 3382 constituit.
709 3337 778 3381 nam
795 3321 877 3396 apud
892 3319 970 3379 istos
986 3317 1067 3378 vilis·

92 3400 189 3459 simae
205 3403 281 3474 parti
297 3402 386 3465 datur
401 3403 441 3463 de
455 3403 580 3464 meliore
595 3405 760 3477 sententia,
781 3411 815 3464 ut
836 3404 875 3464 de
894 3402 976 3462 bono
998 3417 1068 3476 pro·

92 3483 208 3545 nuntiet
224 3501 351 3560 sensus,
373 3487 506 3549 obtunsa
524 3504 575 3549 res
593 3496 624 3550 et
636 3487 732 3548 hebes
747 3495 778 3548 et
792 3485 824 3546 iu
839 3486 962 3547 homine
977 3499 1069 3560 quam
