2422 3862
162 224 227 289 832
454 223 486 282 L.
507 223 655 284 ANNAEI
676 221 852 287 SENECAE

128 359 287 450 siturum,
307 373 336 435 sl
350 375 502 448 licuisset,
518 373 661 436 alterins=
687 373 813 434 iuvabat
826 374 866 434 de
882 373 1060 434 aeternitate
1077 373 1144 436 ani-

160 468 277 520 marum
298 472 463 533 quaerere,
484 458 575 520 immo
594 458 785 519 mehercules
806 457 943 518 credere.
977 458 1145 520 credebam

159 544 241 604 enim
263 557 313 602 me
333 543 422 602 iacile
439 541 636 617 opinionibus
651 555 831 615 magnorum
845 542 978 600 virorum
992 556 1058 600 rem
1073 559 1141 617 gra-

159 627 308 688 tissimam
330 626 566 701 promittentium
581 625 678 700 magis
692 640 784 698 quam
798 624 1003 700 probantium.
1028 624 1144 686 dabam

159 726 209 770 mc
223 708 292 785 spei
305 716 418 770 motae.
438 708 498 769 iam
515 725 600 769 eram
613 708 736 768 lastidio
751 708 838 781 milri,
854 709 914 767 iam
931 708 1080 782 reliquias
1091 724 1143 768 ae·

157 794 228 854 tatis
242 794 390 853 infractae
405 794 636 853 contemnebam
650 790 681 852 in
697 793 867 852 inmensum
881 791 957 852 illud
970 798 1093 866 tempus
1113 797 1145 852 et

158 877 189 936 in
203 876 437 953 possessionem
456 877 555 936 omnis
576 875 647 936 aevi
666 875 862 936 transiturus:
885 890 954 935 eum
968 874 1069 936 subito
1088 891 1142 935 ex·

158 960 354 1035 pergeiactus
375 975 443 1020 sum
458 960 592 1035 epistula
605 968 658 1020 tua
672 967 800 1034 accepta
813 967 844 1018 ot
855 965 918 1018 tam
931 959 1045 1019 bellurn
1059 974 1142 1018 som-

158 1042 241 1102 nium
256 1042 387 1117 perdidi.
412 1043 498 1117 quod
511 1050 666 1117 repetam,
681 1043 708 1103 si
719 1049 749 1102 te
760 1042 921 1116 dimisero,
937 1049 967 1101 et
982 1040 1141 1102 redimam.

126 1125 283 1200 arrogas
307 1141 362 1184 me
381 1127 515 1201 epistula
534 1127 699 1202 pr[ox]ima
720 1133 839 1186 totam
866 1126 1143 1200 quaestionem

158 1209 421 1284 explicuisse,
444 1212 479 1269 in
506 1226 580 1284 qua
605 1210 773 1285 probare
798 1209 970 1269 conabar
997 1208 1028 1268 id
1054 1209 1138 1284 qnod

158 1292 401 1367 nostrisplaeet,
416 1294 762 1368 claritatem,quae
777 1300 1036 1368 postmortem
1051 1307 1122 1352 con

158 1376 291 1452 tingit,
312 1374 451 1437 bonum
471 1388 572 1437 esse.
600 1377 633 1437 id
646 1378 728 1437 enim
743 1393 868 1437 menon
886 1374 1036 1448 solvisse,
1054 1376 1141 1450 quod

159 1461 324 1537 obponitur
345 1458 451 1521 nobis:
479 1462 636 1535 „nullurn,
658 1458 812 1536 inquiunt,
835 1461 950 1521 bonnm
967 1475 1008 1519 ex
1025 1458 1139 1520 distan-

125 1545 248 1608 ttibus.
276 1544 336 1605 hoc
359 1552 460 1605 antem
474 1560 513 1604 ex
529 1544 715 1606 distantibus
730 1549 881 1604 constat.“
908 1542 997 1617 Quod
1011 1541 1138 1604 interro

157 1645 229 1704 gas,
250 1628 290 1688 mi
304 1628 415 1702 Lucili,
435 1629 573 1690 eiusdem
591 1628 781 1703 quaestionis
796 1635 859 1700 est,
873 1628 934 1688 loci
947 1624 1088 1701 alterins,
1109 1634 1142 1687 et

158 1713 228 1772 ideo
241 1728 304 1772 non
319 1712 379 1772 hoc
393 1720 524 1787 tantum,
546 1712 677 1773 sedulia
692 1727 818 1788 quoque
832 1712 942 1771 eodem
958 1709 1141 1784 pertinentia

158 1793 343 1855 distuleram.
370 1796 522 1871 quaedam
538 1796 633 1869 enim,
650 1803 684 1856 ut
697 1794 776 1869 sois,
798 1795 964 1855 moralibus
978 1792 1142 1854 rationalia

157 1878 283 1940 inmixta
294 1886 374 1940 sunt.
396 1879 500 1955 itaque
509 1879 591 1939 illam
602 1887 718 1954 partem
730 1887 844 1944 rectam
855 1887 886 1940 et
899 1878 940 1939 ad
953 1891 1056 1937 mores
1070 1893 1141 1952 per·

157 1963 302 2023 tinentem
321 1964 464 2023 tractavi:
492 1964 640 2038 numquid
657 1966 780 2024 stultum
802 1964 846 2023 sit
862 1979 899 2022 ac
913 1977 1140 2037 supervacuum

157 2049 237 2106 ultra
252 2054 421 2108 extremum
436 2047 516 2108 diem
531 2062 621 2106 curas
636 2048 854 2118 transmittere,
877 2062 916 2106 an
931 2046 1043 2106 cadant
1056 2044 1141 2105 bona

158 2135 265 2189 nostra
284 2129 446 2189 nobiscum
467 2129 603 2205 nihilque
624 2131 663 2191 sit
677 2132 761 2203 eius,
778 2132 830 2205 qui
844 2130 947 2190 nullus
961 2135 1025 2200 est,
1046 2145 1085 2187 an
1100 2143 1140 2187 ex

159 2226 212 2284 eo,
235 2212 334 2286 quod,
356 2227 424 2272 eum
440 2212 510 2284 erit,
534 2215 655 2273 sensuri
676 2230 737 2275 non
759 2229 881 2288 sumus,
904 2219 1070 2288 antequam
1092 2212 1140 2283 sit,

125 2294 270 2369 anitquis
293 2295 410 2355 tructus
432 2296 621 2371 percipiant
643 2297 704 2372 peti
728 2298 836 2373 possit.
868 2297 953 2356 Haec
972 2294 1076 2357 omnia
1100 2295 1140 2354 ad

158 2393 261 2439 mores
276 2385 432 2453 spectant=
451 2379 555 2453 itaque
569 2396 627 2442 suo
642 2382 713 2441 loco
729 2382 831 2456 posita
847 2389 934 2441 sunt=
961 2388 1106 2454 atquae
1122 2394 1140 2437 a

159 2460 385 2523 dialecticis
412 2464 668 2525 contrahere
697 2462 919 2540 opinionem
947 2464 1139 2534 dicuntur,

158 2547 403 2622 segreganda
425 2547 580 2608 luerunt
601 2556 632 2609 et
655 2548 726 2614 ideo
752 2548 890 2624 seposita
914 2554 995 2608 sunt.
1027 2547 1138 2617 Nune,

159 2629 548 2706 qniaomniaexigis,
564 2631 706 2706 omnia,
728 2647 825 2706 quae
841 2630 1139 2705 dicunt,perse·

125 2719 270 2789 tiquar,
286 2714 398 2774 deinde
408 2713 536 2789 singulis
549 2730 717 2776 occurram.
740 2716 804 2775 Nisi
817 2715 931 2790 aliquid
948 2713 1139 2789 praedixero,

157 2796 290 2871 intellegi
305 2813 367 2855 non
391 2805 546 2871 poterunt,
569 2813 649 2873 quae
669 2800 854 2860 refellentur.
882 2798 1034 2874 quidest,
1057 2796 1140 2870 quod

159 2879 336 2953 praedicere
348 2880 459 2938 velim?
481 2881 669 2954 quaedam
684 2883 866 2942 continua
882 2896 953 2941 esse
965 2894 1140 2954 corpora,

157 2969 191 3021 ut
214 2960 376 3020 hominem.
411 2964 599 3037 quaedam
622 2980 695 3025 esse
720 2966 943 3039 conposita,
967 2971 999 3022 ut
1020 2977 1139 3034 navem,

158 3044 298 3117 domum,
326 3046 427 3105 omnia
452 3046 600 3120 denique,
629 3052 760 3123 quorum
786 3048 927 3109 diversae
949 3054 1053 3122 partes
1074 3045 1139 3105 iun·

158 3134 244 3187 atara
265 3127 294 3186 in
317 3145 409 3189 unum
425 3138 551 3190 coactae
572 3139 653 3192 sunt.
681 3130 867 3206 quaedam
890 3147 934 3190 ex
955 3128 1139 3189 distanti·

157 3211 245 3285 bus,
267 3227 395 3286 quorum
417 3214 519 3274 adhuc
545 3216 680 3277 membra
708 3223 851 3290 separata
875 3223 960 3287 sunt,
985 3222 1139 3289 tamquam

157 3295 326 3371 exercitus,
341 3299 488 3372 populus,
504 3305 642 3358 senatus.
665 3297 707 3357 illi
722 3299 818 3372 enirn,
837 3316 892 3374 per
906 3313 986 3373 qnos
999 3298 1059 3356 ista
1073 3306 1139 3354 cor·

157 3392 236 3454 pora
254 3380 441 3454 alliciuntur,
465 3381 530 3441 iure
551 3389 603 3442 aut
628 3382 731 3442 cilicio
757 3383 937 3452 cohaerent,
965 3387 1073 3440 natura
1096 3376 1140 3437 di·

125 3460 240 3526 'iducti
254 3470 284 3523 et
300 3463 411 3539 singuli
426 3471 506 3525 sunt.
537 3463 616 3538 Quid
636 3470 697 3538 est,
720 3468 806 3541 quod
824 3466 997 3527 etiamnunc
1018 3459 1140 3540 praedi·
