2422 3862
293 241 463 304 EPISTUL.
479 243 574 304 Mon.
597 245 667 304 LlB.
681 246 717 304 ll.
740 245 797 305 ΕΡ.
808 254 835 308 4.
858 253 929 322 (16.)
1039 250 1081 313 35

101 394 132 454 ab
150 394 210 454 hae
226 395 469 469 petendum-est.
499 396 588 455 Ilicet
602 395 730 471 aliquis=
754 397 851 471 „Quid
868 399 939 459 mihi
955 402 1115 475 prodestt

53 483 56 488 '
100 477 308 555 philosophia,
334 478 361 539 si
385 477 476 540 latum
495 486 563 539 estt
591 481 666 555 quid
681 482 824 556 prodest,
848 484 873 543 si
890 484 966 545 deus
982 495 1082 547 rector

100 569 160 623 estt
182 562 261 638 quid
278 564 421 637 prodest,
438 566 464 622 si
479 579 571 623 casus
583 565 735 639 imperate
756 582 825 625 nam
837 576 867 628 et
878 570 986 641 mutari
998 580 1081 631 certa

100 663 153 706 non
176 653 315 722 possunt
335 654 364 706 et
384 647 457 707 nihil
476 650 653 723 praeparari
669 657 772 724 potest
787 651 939 714 adversus
954 653 1079 727 incerta,

100 733 148 791 sed
165 739 219 792 aut
235 732 399 792 consilium
415 747 516 793 meum
531 733 694 808 occupavit
704 734 782 794 deus
795 736 994 813 decrevitque
1007 740 1080 814 quid

100 817 236 890 lacerem,
252 822 306 875 aut
320 815 449 876 consilio
464 833 533 877 meo
546 818 586 876 nil
602 818 724 877 fortuna
737 820 972 894 permittitturtr‘
991 823 1108 896 Quia-5

100 901 166 976 quid
183 907 234 960 est
251 915 292 960 ex
307 899 371 975 his,
392 901 502 976 Lucili,
523 904 572 962 vel
587 902 613 961 si
629 903 729 962 omnia
743 902 820 964 haec
835 913 921 978 sunt,
942 906 1079 983 philoso-

98 984 252 1060 phandum
265 991 328 1044 est:
352 983 491 1046 sirenes
507 986 688 1046 inexorabili
704 987 771 1062 lege
785 989 847 1050 lata
858 993 1078 1067 constringunt,

97 1071 158 1130 sive
173 1069 291 1129 arbiter
305 1069 383 1129 deus
397 1069 534 1131 universi
548 1075 657 1132 cuncta
671 1071 821 1146 disponit,
841 1074 907 1135 sive
923 1091 1016 1139 casus
1028 1093 1079 1139 res

97 1155 245 1215 humanas
267 1154 335 1214 sine
356 1155 464 1215 ordine
484 1156 602 1230 inpellit
622 1154 780 1231 allactet,
803 1156 1000 1234 philosophia
1020 1177 1078 1222 nos

96 1240 170 1300 tueri
190 1237 296 1299 debet.
336 1238 413 1299 haec
435 1238 658 1313 adhortabitur,
684 1246 718 1299 ut
739 1241 797 1302 deo
820 1242 949 1303 libenter
970 1261 1077 1320 parea·

98 1341 180 1398 mus,
209 1325 351 1383 fortunae
371 1325 598 1384 contumaciter.
620 1324 698 1384 haec
714 1325 852 1399 docebit,
873 1337 906 1389 ut
920 1329 1011 1390 deum
1029 1346 1077 1390 se-

96 1409 215 1485 quaris,
239 1409 322 1468 ieras
338 1422 455 1470 casum.
491 1407 554 1468 Sed
568 1417 692 1471 nonest
707 1425 786 1470 nuno
802 1410 832 1468 in
847 1410 926 1471 hane
942 1413 1107 1489 disputa-d

95 1495 207 1556 tionem
220 1493 458 1567 banseundum,
481 1493 556 1568 quid
571 1495 610 1553 sit
623 1494 697 1554 iuris
713 1495 824 1567 nostri,
843 1495 869 1553 si
886 1498 1079 1571 providentia

95 1579 124 1638 in
144 1576 276 1653 imperio
292 1585 355 1651 est,
378 1586 429 1638 aut
445 1578 471 1638 si
486 1579 616 1639 latorum
630 1579 728 1638 series
744 1579 886 1652 inligatos
900 1580 1004 1654 trahit,
1027 1590 1078 1642 aut

96 1663 120 1722 si
136 1662 300 1738 repentina
316 1677 353 1721 ao
367 1663 468 1724 subita
484 1663 692 1723 dominantur:
715 1663 766 1722 illo
782 1676 862 1722 nunc
876 1671 1023 1737 revertor,
1046 1673 1078 1726 ut

96 1755 123 1808 te
139 1761 283 1808 moneam
297 1752 329 1805 et
345 1746 497 1820 exhorter,
517 1764 556 1807 ne
571 1745 697 1822 patiaris
712 1747 846 1821 inpetum
861 1748 952 1806 animi
966 1750 1009 1808 tui
1025 1749 1076 1808 de-

95 1832 152 1892 labi
168 1838 200 1891 et
213 1831 425 1905 refrigescere.
448 1833 569 1893 contine
584 1832 666 1890 illurn
680 1837 710 1890 et
724 1831 889 1905 constitue,
909 1839 942 1891 ut
956 1832 1077 1893 habitus

96 1917 185 1977 animi
199 1915 268 1989 fiat,
293 1915 376 1990 quod
392 1922 441 1975 est
455 1915 586 1991 inpetus.

155 2001 220 2060 lam
241 2000 280 2059 ab
302 1997 402 2073 initio,
424 1999 451 2060 si
469 2007 499 2060 te
519 2000 597 2058 bene
619 1996 706 2071 novi,
735 1997 979 2075 circumspicies,
1003 2003 1104 2077 quidl

95 2086 170 2145 haec
192 2084 328 2159 epistula
347 2085 518 2145 munusculi
539 2084 694 2144 adtulerit:
724 2089 833 2142 excute
852 2083 933 2143 illam
949 2092 979 2145 et
992 2085 1075 2146 inve-

94 2171 169 2231 nies.
205 2169 274 2229 Non
298 2176 360 2242 est,
385 2168 469 2244 quod
488 2168 607 2228 mireris
631 2168 763 2227 animum
784 2183 899 2228 meum:
921 2169 1022 2231 adhue
1037 2172 1075 2231 de

94 2256 193 2315 alieno
209 2253 345 2313 liberalis
359 2269 437 2313 sum.
460 2268 555 2328 quare
568 2260 667 2313 autern
680 2253 811 2313 alienum
823 2253 906 2312 dixit
928 2256 1075 2329 quicquid

93 2341 171 2400 bene
187 2339 303 2399 dietum
318 2345 366 2398 est
377 2337 415 2397 ab
430 2337 501 2411 ullo,
516 2353 616 2397 meum
629 2344 685 2398 est.
707 2337 786 2397 sicut
799 2338 885 2412 quod
896 2337 1074 2414 abEpicuro

94 2425 282 2485 dictumest:
305 2420 365 2496 „Si
386 2422 425 2482 ad
444 2428 614 2483 naturam
632 2421 756 2496 vives,
779 2438 979 2496 numquam
995 2424 1073 2481 eris

94 2523 257 2584 pauper:
277 2505 371 2567 siad
387 2507 603 2581 opiniones,
619 2522 819 2582 numquam
835 2508 913 2565 eris
929 2506 1073 2564 dives.“

92 2594 244 2669 Exiguum
259 2598 369 2651 natura
384 2590 554 2664 desiderat,
572 2591 676 2666 opinio
691 2592 872 2651 inmensum.
895 2597 1105 2664 cooperatura

93 2680 122 2738 in
143 2686 173 2739 te
195 2675 346 2753 quioquid
366 2676 448 2735 multi
476 2677 644 2750 locupletes
671 2676 884 2751 possederant.
918 2675 994 2733 oltra
1014 2676 1074 2749 pri-

94 2770 194 2824 vatum
216 2760 368 2838 pecuniae
383 2760 508 2820 modum
532 2761 651 2820 fortuna
665 2766 693 2819 te
709 2759 871 2835 provehat,
891 2773 966 2819 auro
985 2765 1074 2834 tegat,

95 2861 232 2924 purpura
251 2846 378 2917 vestiat,
406 2859 444 2905 eo
467 2844 643 2905 deliciarum
669 2858 825 2919 opumque
851 2844 1012 2917 perducat,
1044 2852 1077 2904 ut

97 2941 205 2993 terram
226 2929 430 2991 marmoribus
450 2930 635 2990 abscondas.
670 2946 730 2990 non
751 2934 865 2989 tanturn
886 2927 999 2987 habere
1023 2927 1075 2988 tibi

97 3018 198 3092 liceat,
221 3016 279 3076 sed
300 3016 420 3075 calcare
440 3013 571 3075 divitias.
599 3015 748 3074 accedant
762 3019 880 3073 statuae
895 3020 924 3072 et
938 3012 1076 3087 picturae

96 3110 123 3162 et
143 3099 293 3177 quicquid
315 3112 366 3159 ars
386 3100 447 3162 ulla
468 3099 604 3160 luxuriae
626 3098 807 3158 elaboravit:
831 3097 946 3157 maiora
962 3111 1076 3171 cupere

94 3187 130 3246 ab
150 3185 200 3248 his
223 3185 337 3245 dboes.
372 3183 527 3244 Naturalia
547 3182 701 3243 desideria
721 3182 805 3244 linita
827 3187 913 3241 sunt:
939 3195 976 3240 ex
999 3180 1105 3243 lalsa9

98 3271 242 3346 opinione
258 3270 417 3330 nascentia
427 3270 479 3330 abi
491 3268 646 3338 desinant,
663 3283 723 3327 non
738 3265 860 3326 habent.
880 3267 982 3326 nullus
996 3265 1076 3323 enim

97 3355 242 3416 terminus
264 3354 343 3414 lalso
358 3360 414 3415 est.
440 3353 519 3413 viam
535 3353 615 3412 eunti
630 3351 745 3427 aliquid
761 3357 928 3410 extremum
944 3354 1005 3409 est:
1028 3363 1074 3406 er-

98 3454 146 3500 ror
159 3440 323 3501 inmensus
338 3448 395 3500 est.
429 3437 563 3499 Retrahe
578 3442 675 3512 [ergo]
692 3444 721 3497 te
736 3452 754 3496 a
768 3435 876 3510 vanis,
894 3443 928 3496 et
939 3447 1080 3494 cumau-

98 3525 140 3584 les
151 3526 245 3596 seire,
264 3524 349 3595 quod
358 3529 456 3599 petes,
475 3531 574 3585 utrum
590 3526 768 3588 naturalem
780 3522 904 3586 habeat
916 3528 1107 3644 {noceam

391 3617 395 3623 '
891 3619 915 3675 b
