2422 3862
216 236 653 300 EPISTUL.MOR.L1B.VI.
675 238 771 301 EM.
795 247 808 309 t
844 245 866 310 .)
969 237 1031 302 117

52 391 115 466 pius
132 384 301 463 vestigium
316 375 452 464 ponitur:
475 391 535 451 huc
555 406 665 466 nempe
682 400 822 453 versatur
839 401 931 467 atque
950 393 1030 464 illuc,

53 490 190 536 somnum
206 473 287 532 inter
302 472 507 553 aegritudines
524 477 622 535 levem
642 483 780 551 captans.
805 492 885 552 quae
901 493 961 537 non
977 491 1032 535 au·
1168 510 1187 543 0

53 559 103 630 dit,
121 557 253 619 audisse
269 571 305 617 se
320 559 464 632 queritur.
494 558 571 632 Quid
587 560 616 618 in
633 575 728 620 causa
743 567 833 636 putas
855 567 948 620 esset
969 561 1060 623 ani-8

53 659 114 703 mus
129 641 174 701 illi
191 641 352 716 obstrepit.
381 641 431 702 hic
445 643 615 717 placandus
630 651 691 716 est,
707 643 798 705 huius
814 645 1033 720 conpescenda

53 726 160 787 seditio
176 734 241 795 cst,
269 740 359 800 quem
382 734 513 787 nonest
536 729 619 802 quod
636 725 792 789 existimes
814 728 983 804 placidum,
1005 726 1032 786 si

53 812 129 870 iuret
144 820 275 884 eorpus.
297 809 447 870 interdum
466 811 553 884 quies
569 811 707 887 inquieta
722 819 778 872 est.
801 820 832 873 et
844 812 915 872 ideo
930 812 970 872 ad
984 826 1033 870 re·

57 910 115 960 tum
133 900 225 954 actus
241 893 396 954 excitandi
410 910 447 953 ac
462 896 640 956 tractatione
653 895 802 955 bonarum
818 897 924 956 artium
942 911 1032 955 occu-

54 978 142 1054 pandi
161 994 285 1051 sumus,
308 977 451 1052 quotiens
473 995 530 1039 nos
552 981 630 1038 male
649 978 740 1040 habet
759 980 866 1041 inertia
884 982 929 1040 sui
946 981 1029 1054 inpa-

52 1063 137 1123 tiens.
153 1061 259 1136 Magni
269 1061 480 1136 imperatores
494 1078 562 1122 eum
573 1063 652 1123 male
665 1079 773 1138 parere
786 1064 908 1124 militem
920 1065 1060 1135 vidente

56 1146 156 1222 aliquo
165 1145 276 1205 labore
286 1154 516 1221 conpescuntet
526 1146 774 1221 expeditionibus
784 1147 1032 1208 detinent=num·

56 1246 144 1306 quam
163 1235 257 1289 vacat
277 1230 419 1289 lascivire
447 1231 591 1290 districtis
612 1231 747 1306 nihilque
768 1238 828 1291 tam
848 1239 963 1292 certum
985 1237 1034 1291 est

56 1313 215 1395 quamotii
231 1311 303 1373 vitia
317 1315 440 1389 negotio
455 1314 576 1377 discuti.
598 1313 699 1390 Saepe
714 1316 852 1376 videmur
866 1314 968 1377 taedio
984 1330 1030 1375 re-

55 1414 117 1459 rum
132 1397 269 1458 civilium
284 1403 314 1456 ct
326 1397 456 1458 intelicis
469 1406 561 1475 atquc
574 1400 710 1473 ingratae
723 1398 861 1460 stationis
874 1399 1032 1475 poeniten-

56 1483 92 1542 tia
111 1481 304 1543 secessisse=
324 1488 424 1541 tamen
445 1484 475 1542 in
490 1483 542 1541 illa
556 1482 687 1557 latebra,
708 1482 738 1542 in
762 1500 853 1557 quam
871 1499 928 1543 nos
944 1484 1035 1542 timor

10 1637 19 1645 .
58 1582 89 1627 ae
104 1565 258 1627 lassitudo
278 1564 423 1641 coniecit,
447 1567 597 1627 interdum
611 1566 801 1627 recrudescit
815 1565 948 1627 ambitio.
971 1581 1033 1624 non

57 1650 133 1711 enim
152 1650 264 1710 excisa
283 1650 389 1722 desiit,
411 1652 468 1711 sed
489 1649 613 1726 fatigata
635 1658 688 1711 aut
701 1646 798 1710 eliam.
808 1651 925 1710 obirata
939 1649 1033 1708 rebus

58 1751 160 1810 parum
176 1733 238 1794 sibi
254 1732 443 1794 cedentibus.
465 1735 548 1794 Idem
565 1736 604 1794 de
619 1733 739 1795 luxuria
754 1735 839 1807 dico,
856 1750 935 1808 quae
950 1732 1076 1791 uide-10

59 1827 101 1878 tur
112 1817 284 1894 aliquando
297 1818 447 1892 cessisse,
463 1819 573 1878 deinde
585 1819 785 1892 frugalitatem
798 1819 959 1893 protessus
973 1816 1034 1875 sol-

58 1903 145 1964 licitat
164 1908 261 1976 atque
279 1900 308 1961 in
324 1900 425 1962 media
440 1901 628 1978 parsimonia
642 1903 815 1976 voluptates
832 1918 892 1961 non
910 1902 1034 1960 damna-

34 2006 37 2013 ·
58 1994 116 2061 tas,
137 1985 199 2046 sed
217 1985 339 2045 relictas
361 1986 449 2060 petit,
471 1996 501 2046 ct
523 1985 647 2061 quidem
667 2001 704 2046 eo
725 1985 949 2056 vehementius,
973 1998 1033 2058 quo

59 2070 216 2132 occultius.
240 2069 341 2131 omnia
355 2070 435 2130 enim
451 2070 522 2130 vitia
535 2070 566 2128 in
582 2076 689 2144 aperto
705 2068 821 2130 leviora
837 2078 922 2129 sunt:
937 2067 1035 2128 morbi

59 2170 184 2232 quoque
198 2160 271 2214 tunc
287 2153 325 2213 ad
338 2155 497 2214 sanitatem
511 2153 672 2226 inclinant,
689 2169 758 2213 curn
770 2168 809 2214 cx
821 2153 923 2214 abdito
936 2168 1034 2212 erum·

58 2246 130 2313 punt
144 2254 184 2299 ac
199 2238 262 2297 vim
278 2254 365 2298 suam
382 2239 547 2313 proterunt.
575 2237 783 2299 mevaniam
804 2238 906 2313 itaque
927 2245 957 2298 et
972 2253 1034 2296 am·

57 2323 202 2384 bitionem
218 2330 248 2383 et
262 2329 364 2381 cetera
379 2322 458 2381 mala
470 2320 580 2382 mentis
591 2321 743 2381 humanae
754 2330 825 2382 tunc
838 2321 1033 2398 perniciosis·

58 2407 133 2467 sima
148 2407 232 2467 selas
247 2420 334 2479 esse,
354 2421 423 2466 cum
438 2406 578 2467 simulata
599 2405 727 2466 sanitate
742 2405 916 2466 subsidunt.
939 2403 1076 2465 Otiositt

59 2490 198 2551 videmur
218 2497 249 2550 et
272 2506 333 2551 non
355 2506 471 2551 sumus.
504 2506 574 2550 nam
590 2489 617 2551 si
630 2490 713 2551 bona
727 2491 788 2550 fide
804 2505 925 2559 sumus,
948 2488 1035 2547 sire

59 2576 158 2650 ceptui
171 2573 354 2646 cecinimus,
372 2575 397 2634 si
410 2576 555 2650 speciosa
567 2575 803 2647 contemnimus,
818 2581 851 2633 ut
862 2573 954 2647 paulo
967 2577 1036 2630 ante

58 2658 213 2732 dicebam,
230 2657 313 2718 nulla
326 2674 377 2719 res
393 2676 450 2720 nos
465 2659 621 2732 avocabit,
636 2659 737 2718 nullus
752 2657 909 2718 hominum
920 2655 1035 2715 avium-

59 2758 118 2818 que
130 2750 302 2803 eumenius
316 2743 516 2818 interrumpet
529 2741 730 2817 cogitationcs
744 2741 843 2802 bonas
857 2739 1036 2814 solidasque

58 2827 117 2886 iarn
132 2834 163 2888 et
178 2833 288 2887 certas.
313 2826 395 2886 Leve
417 2828 490 2888 illud
512 2825 665 2900 ingenium
687 2833 734 2886 est
752 2823 1079 2888 necseadhucre·1t

59 2910 145 2971 duxit
165 2912 332 2983 introrsus,
360 2910 444 2986 quod
464 2911 504 2971 ud
525 2925 633 2970 vocem
656 2917 686 2970 et
710 2908 879 2970 accidentia
902 2909 1035 2983 erigitur.

58 2993 157 3056 Habet
171 2995 254 3056 intus
269 2995 382 3068 aliquid
400 2995 611 3056 sollicitudinis
624 3002 653 3054 et
667 2993 758 3054 habet
770 2992 884 3068 aliquid
896 2992 1037 3067 concepti

59 3078 195 3151 pavoris,
210 3079 293 3152 quod
305 3077 386 3138 illum
400 3079 554 3138 curiosum
567 3078 646 3150 lacit,
655 3085 691 3138 ut
702 3077 904 3152 aitVergilius
916 3083 1036 3137 noster:

120 3170 151 3224 ct
161 3179 223 3235 me,
238 3178 324 3237 quem
338 3164 451 3223 cladum
464 3179 523 3223 aon
539 3165 601 3222 ulla
618 3165 726 3222 iniecta
741 3163 893 3222 movebant

120 3250 183 3307 tela
197 3263 293 3321 aeque
305 3248 431 3307 adverso
442 3249 600 3321 ptomerati
611 3263 651 3306 ec
662 3249 780 3319 nomine
796 3246 888 3317 Graii,
957 3264 960 3271 ·

122 3346 206 3392 nuuc
218 3345 318 3391 omnes
331 3337 442 3392 terrent
455 3347 565 3404 curce,
579 3346 668 3391 sonas
682 3332 794 3390 excitat
806 3331 899 3389 omnis

120 3430 298 3491 auepmsum
310 3420 340 3474 et
346 3418 467 3490 pariter
480 3416 633 3488 comitique
649 3416 789 3488 onerique
805 3415 960 3472 timentem.

57 3494 147 3560 Prior
160 3497 213 3559 illo
225 3496 350 3570 sapiens
361 3506 421 3573 est,
440 3513 532 3575 quem
548 3513 611 3561 non
627 3498 690 3562 tela
704 3497 878 3573 uibrantia,
890 3511 961 3558 non
974 3492 1104 3553 uite-ts
