2422 3862
455 248 688 306 FRAGMENTA.
994 243 1069 310 427¹

78 410 106 458 ut
121 401 330 460 meminerimus
351 401 454 456 cultum
469 402 530 456 eius
549 401 639 473 magis
660 400 696 457 ad
718 417 825 457 morem
840 417 925 473 quam
945 401 1056 458 adrem

76 486 247 560 pertinere.“

139 569 198 626 Nec
220 569 299 640 leges
326 584 395 643 ergo
410 568 474 624 illae
488 584 541 624 nec
556 585 617 623 mos
634 568 662 622 in
683 568 757 624 civili
771 567 913 640 theologia
935 566 964 623 id
981 568 1057 622 insti·
1068 575 1106 627 40

76 659 202 722 luerunt,
227 650 304 723 quod
328 651 381 706 diis
404 659 515 724 gratum
538 653 675 708 essetvel
689 651 726 706 ad
740 668 800 706 rem
815 653 981 723 pertineret,
1005 651 1059 706 sed

77 740 145 807 iste,
166 752 250 807 quem
264 733 445 807 philosophia
463 736 544 808 quasi
559 736 677 792 liberum
693 736 812 804 iecerat,
834 742 926 790 tamen
940 735 1006 805 quia
1024 735 1056 788 il·

78 821 171 876 lustris
186 821 284 892 populi
297 817 417 874 Romani
432 825 544 875 senator
563 823 638 889 erat,
654 819 764 875 colebat
776 820 851 890 quod
866 817 1057 890 reprehende·

76 908 138 973 bat,
154 905 257 976 agebat
273 903 349 974 quod
365 905 515 974 arguebat,
534 902 610 973 quod
625 903 756 973 culpabat
769 903 919 958 adorabatr
936 902 1001 973 quia
1014 902 1057 957 vi-

77 988 180 1043 delicet
197 1003 332 1058 magnum
346 986 452 1057 aliquid
467 1002 531 1042 eum
545 984 726 1057 philosophia
741 985 890 1055 docuerat,
906 1002 941 1041 ne
957 1001 1056 1056 super-

77 1072 200 1127 stitiosus
216 1077 292 1125 esset
307 1071 335 1124 in
353 1070 474 1139 mundo,
491 1068 543 1124 scd
559 1076 674 1142 propter
692 1071 771 1141 leges
786 1071 888 1127 civium
906 1085 1056 1139 moresque

76 1154 220 1210 hominum
243 1170 300 1209 non
315 1154 429 1224 quidem
451 1158 548 1225 ageret
566 1152 719 1225 lingentem
734 1154 876 1209 scenicum
891 1154 920 1207 in
938 1153 1056 1223 theatro,

77 1238 129 1292 sed
155 1238 308 1292 imitaretur
331 1238 359 1291 in
385 1238 505 1308 templo,
531 1253 566 1291 eo
591 1237 793 1306 damnabilius,
821 1253 875 1307 quo
896 1237 957 1307 illa,
983 1252 1056 1307 quae

77 1321 249 1376 mendaciter
276 1322 395 1393 agebat,
421 1322 462 1375 sic
491 1325 606 1392 ageret,
634 1327 663 1374 ut
683 1337 747 1375 cum
773 1323 895 1392 populus
919 1321 1057 1377 veraciter

78 1420 165 1474 agere
187 1405 372 1472 existimaret,
397 1404 525 1459 scenicus
545 1408 637 1459 autem
658 1404 781 1459 ludendo
797 1405 889 1476 potius
907 1403 1059 1460 delectaret

80 1503 164 1557 quam
180 1488 301 1543 iallendo
314 1488 467 1559 deciperet.

140 1569 211 1626 leia.
224 1587 249 1630 c.
267 1578 308 1628 ll.
340 1571 391 1626 Hic
404 1569 542 1641 (Seneca)
558 1571 628 1624 inter
642 1570 711 1625 alias
729 1569 818 1626 civilis
833 1569 993 1641 theologiae
1009 1585 1055 1623 su·
1067 1576 1102 1630 41

77 1655 255 1726 perstitiones
277 1654 460 1726 reprehendit
480 1655 564 1710 etiam
579 1659 755 1709 sacramenta
769 1653 939 1709 Iudaeorum
954 1657 981 1707 et
997 1668 1055 1707 ma·

76 1740 151 1793 xime
175 1741 306 1809 sabbata,
333 1737 462 1794 inutiliter
482 1738 511 1793 id
532 1754 582 1792 eos
602 1739 695 1793 lacere
717 1735 885 1807 adfirmans,
911 1735 987 1809 quod
1004 1752 1056 1808 per

78 1822 140 1876 illos
163 1822 290 1893 singulos
313 1827 421 1894 septem
437 1822 616 1893 interpositos
632 1820 693 1876 dies
709 1822 856 1892 septimam
870 1823 928 1876 lere
947 1826 1056 1891 partem

77 1905 175 1959 aetatis
188 1921 258 1960 suae
271 1905 392 1976 perdant
403 1904 534 1962 vacando
547 1910 574 1960 et
585 1906 670 1960 multa
680 1905 708 1958 in
721 1905 848 1975 tempore
860 1904 987 1976 urgentia
998 1919 1055 1957 non

78 1987 190 2058 agendo
205 1988 361 2044 laedantur.
389 1989 559 2047 Christianos
571 1994 678 2059 tamen,
694 1989 749 2044 iam
761 1993 826 2043 tunc
840 1987 951 2043 ludaeis
967 1986 1055 2041 inimi-

77 2072 222 2143 cissimos,
236 2073 266 2128 in
283 2079 410 2129 neutram
424 2080 532 2145 partem
545 2088 766 2128 commemorare
780 2088 865 2127 ausus
883 2077 939 2141 est,
959 2086 994 2125 ne
1010 2070 1057 2128 vel

76 2155 205 2211 laudaret
226 2163 322 2213 contra
339 2174 408 2213 suae
422 2159 531 2229 patriae
545 2162 671 2215 veterem
691 2155 922 2212 consuetudinem
941 2155 989 2212 vel
1010 2170 1055 2209 re-

76 2238 267 2310 prehenderet
278 2247 374 2297 contra
385 2243 526 2313 propriam
539 2242 654 2296 forsitan
665 2243 844 2297 voluntalem.
871 2239 912 2294 De
924 2239 976 2293 illis
988 2254 1056 2292 sanc
1066 2249 1101 2302 42

77 2321 191 2376 ludaeis
207 2339 270 2378 cum
285 2327 463 2396 loqueretur,
478 2326 530 2381 ait:

142 2403 229 2472 „Cum
250 2407 359 2462 interim
374 2423 463 2479 usque
479 2424 513 2463 eo
529 2409 762 2464 sceleratissimae
778 2408 869 2479 gentis
881 2403 1055 2461 consuetudo

78 2489 233 2557 convaluit,
248 2495 278 2542 ut
290 2507 343 2561 per
355 2505 452 2545 omnes
465 2491 520 2545 iam
531 2496 620 2545 terras
633 2494 747 2561 recepta
761 2492 808 2544 sit:
823 2489 890 2544 victi
904 2486 1055 2544 victoribus

77 2572 157 2642 leges
176 2569 345 2626 dederunt.“
773 2597 776 2601 ·

140 2654 292 2710 Mirabatur
302 2654 375 2710 haec
386 2655 483 2710 dicens
494 2661 521 2710 et
533 2655 600 2724 quid
612 2654 743 2710 divinitus
756 2659 900 2726 ageretur,
913 2654 1055 2724 ignorans.
1065 2664 1099 2718 43

77 2739 194 2794 subiecit
208 2740 293 2810 plane
309 2739 490 2807 sententiam,
514 2754 569 2808 qua
591 2737 776 2808 significaret,
798 2736 865 2808 quid
890 2736 926 2792 de
946 2736 1056 2791 illorum

70 2829 317 2886 ,sacramentorum
332 2823 439 2878 ratione
454 2822 577 2877 sentiret.
599 2822 636 2877 ait
651 2822 739 2877 enim:

141 2906 200 2974 „Illi
221 2913 315 2963 tamen
338 2922 439 2964 causas
453 2907 520 2961 ritus
541 2905 585 2960 sui
603 2911 750 2961 noverunt.
774 2904 864 2960 maior
878 2919 945 2976 pars
959 2903 1057 2975 populi

78 2990 157 3062 laeli,
173 2990 250 3060 quod
266 3008 315 3046 cur
330 2992 426 3060 iaciat,
442 2991 583 3062 ignorat.“

138 3073 284 3131 Diomedes
294 3076 338 3137 lib.
348 3074 374 3134 Ι.
383 3091 450 3148 pap.
458 3076 521 3132 375.
532 3071 696 3130 edPutsclr.
719 3072 825 3127 Horum
835 3073 986 3128 verborum
999 3084 1056 3122 non
1066 3066 1098 3119 lt

78 3156 159 3211 facile
174 3160 331 3230 reperimus
342 3167 452 3231 tempus
463 3159 633 3229 perlectum,
650 3160 782 3212 ettamen
794 3154 869 3227 quod
882 3159 926 3210 est
937 3169 1056 3221 verro,

78 3241 106 3292 in
120 3243 236 3311 passiva
258 3243 444 3299 declinatione
466 3243 621 3314 perlectum
643 3240 812 3311 reperimus,
833 3238 914 3310 quasi
933 3251 1055 3304 verro,

78 3320 1055 3399 versus,utapudSeneeamindialogodesuperstitione:

442 3426 546 3481 „versa
560 3410 693 3482 templa.“
975 3411 979 3418 “
