2422 3862
138 225 200 289 ido
395 225 427 283 L.
446 224 593 283 ANNAEI
613 224 787 284 SENECAE

97 381 185 441 ledei
202 380 286 442 verti.
316 379 424 454 Itaque
437 384 471 438 ut
485 377 573 450 Cato,
591 393 659 438 cum
675 392 782 438 aevum
798 377 898 437 animo
915 379 1108 453 percurrerit,

137 464 232 524 dicet:
248 478 358 536 „omne
371 462 536 524 humanum
547 476 654 536 genus,
667 461 813 537 quodque
829 468 876 522 est
888 461 1107 537 quodqueerit,

137 555 234 608 morte
255 547 426 607 damnatum
448 553 509 606 est:
531 561 651 620 omnes,
676 560 756 620 quae
778 561 910 621 usquam
930 561 1031 604 rerum
1053 563 1104 621 po·

136 631 249 692 tiuutur
263 631 356 691 urbes
372 645 513 705 quaeque
526 629 691 691 alienorum
705 629 899 704 imperiorum
914 641 1109 704 magnasunt

137 715 266 787 decora,
286 714 339 775 ubi
359 714 482 785 luerint,
505 713 668 789 aliquando
690 720 853 789 quaeretur
873 720 903 773 et
922 714 1007 774 vario
1024 716 1105 775 exitii

136 808 248 874 genere
261 798 417 858 tollentur:
433 797 508 856 alias
524 797 680 858 destruent
693 798 785 871 bella,
809 798 883 857 alias
899 796 1019 858 desidia
1033 816 1107 874 pax-

137 897 198 957 que
218 881 258 954 ad
280 880 416 941 inertiam
437 896 528 940 versa
547 888 708 942 consumet
728 888 758 940 et
777 879 895 956 magnis
917 882 1027 957 opibus
1043 883 1106 942 exi·

135 966 216 1026 tiosa
232 980 298 1039 res,
321 965 421 1025 luxus.
461 980 570 1025 omnes
590 965 649 1024 hos
672 964 785 1024 lertiles
807 980 934 1040 campos
949 967 1107 1041 repentina

137 1049 229 1110 maris
244 1047 400 1110 inundatio
416 1048 586 1110 abscondet
598 1056 650 1108 aut
663 1049 693 1107 in
709 1048 838 1109 subitam
854 1064 1015 1109 cavernam
1031 1066 1104 1111 con-

137 1133 264 1193 sidentis
280 1131 339 1192 soli
357 1134 464 1207 lapsus
487 1131 628 1191 abducet.
665 1131 743 1205 Quid
760 1139 808 1193 est
821 1148 904 1207 erge,
921 1149 1013 1208 quare
1027 1133 1105 1193 indi-

102 1227 106 1244 '
136 1232 213 1291 guer
228 1214 426 1288 autdoleam,
448 1216 474 1274 si
496 1217 608 1289 exiguo
631 1222 783 1277 momento
803 1217 926 1291 publica
941 1219 1001 1277 lata
1018 1232 1104 1291 prae·

96 1301 254 1367 locedot“
299 1298 427 1374 Magnus
458 1299 576 1360 animus
604 1299 663 1360 deo
694 1307 798 1374 pareat
825 1308 855 1360 et
883 1300 1027 1376 quicquid
1056 1302 1106 1359 lex

136 1382 271 1444 universi
283 1383 380 1456 iubet,
396 1383 463 1443 sine
478 1383 669 1445 cunctatione
683 1385 827 1458 patiatura
842 1390 893 1444 aut
908 1384 938 1443 in
952 1384 1107 1444 meliorem

137 1467 278 1529 emittitur
292 1468 384 1527 vitam
399 1466 529 1527 lucidius
550 1465 803 1543 tranquilliusque
817 1469 894 1529 inter
907 1468 1009 1527 divina
1022 1484 1106 1528 man·

137 1568 229 1613 surus
248 1559 300 1612 aut
320 1558 402 1610 certe
423 1548 490 1611 sine
504 1551 566 1611 ullo
588 1551 705 1610 iuturus
721 1551 914 1612 incommodo
930 1566 1005 1617 suae
1020 1561 1106 1612 natu·

135 1651 190 1695 rae
208 1634 419 1695 remiscebitur
441 1639 470 1692 et
487 1641 655 1695 revertetur
675 1634 704 1692 iu
727 1640 831 1696 totum.
876 1634 943 1695 Non
965 1643 1012 1696 est
1031 1651 1105 1710 ergo

136 1717 176 1778 M.
195 1719 316 1779 Catonis
336 1718 434 1778 maius
451 1717 564 1778 bouum
581 1716 710 1778 honesta
727 1718 789 1779 vita
809 1734 900 1794 quam
913 1734 996 1780 mors
1011 1719 1106 1779 irone·

138 1811 199 1877 sta,
222 1802 366 1878 quoniam
385 1817 447 1862 uon
470 1800 633 1863 intenditur
652 1802 757 1862 virtus.
790 1802 874 1862 ldem
894 1817 965 1863 esse
986 1803 1107 1862 dicebat

138 1886 282 1948 Socrates
305 1885 460 1946 veritatem
481 1891 512 1945 et
524 1883 675 1946 virtutem.
712 1887 866 1962 quomodo
886 1886 937 1945 illa
958 1902 1019 1947 non
1041 1903 1105 1948 cre-

138 1970 210 2044 scit,
232 1971 277 2031 sic
297 1985 336 2030 ne
356 1967 452 2029 virtus
475 1967 613 2044 quidem:
633 1968 725 2029 habet
745 1986 888 2030 nunreros
904 1986 995 2045 suos,
1016 1973 1107 2046 plena

97 2061 194 2121 17cst.
227 2054 295 2115 Nou
315 2060 362 2113 est
381 2053 485 2129 itaque
507 2052 590 2126 quod
615 2053 733 2113 mireris
754 2055 839 2129 paria
863 2068 934 2113 csse
953 2055 1056 2130 bona,
1077 2064 1106 2114 et

136 2153 220 2212 ,quae
235 2152 274 2196 ex
295 2136 454 2212 proposito
478 2137 627 2197 sumenda
642 2145 713 2198 sunt
737 2143 767 2198 et
787 2153 867 2214 quae
880 2137 980 2199 subita
995 2154 1046 2198 res
1061 2146 1105 2198 tu-

126 2222 180 2280 lit.
208 2237 277 2280 nam
290 2219 320 2280 si
333 2219 412 2280 hauc
426 2220 669 2294 inaequalitatem
685 2223 853 2297 receperis,
868 2228 902 2282 ut
919 2222 1035 2282 fortiter
1046 2230 1105 2283 tor·

139 2305 224 2379 queri
247 2301 459 2364 inmiuoribus
478 2302 569 2363 bonis
590 2320 746 2378 numeres,
769 2305 943 2368 numerabis
964 2306 1053 2367 etiam
1075 2308 1104 2366 iu

137 2386 225 2448 malis
248 2394 279 2448 et
298 2386 448 2448 inlelicem
468 2386 624 2448 Socratem
645 2387 730 2450 dices
752 2389 934 2465 incarcere,
956 2389 1106 2450 infelicem

138 2471 282 2532 Catonern
295 2473 422 2533 volnera
438 2487 494 2535 sua
508 2472 676 2535 animosius
694 2489 785 2548 quam
800 2475 927 2548 lecerat,
942 2482 1105 2535 retractan-

136 2562 211 2630 tem,
238 2553 534 2617 calamitosissimum
563 2557 696 2618 omnium
716 2558 865 2632 Regulum
892 2557 966 2618 fidei
988 2572 1105 2632 poenas

136 2639 227 2700 etiarn
241 2640 380 2701 hostibus
395 2646 535 2702 servatae
556 2640 752 2715 pendentem:
773 2643 856 2718 atqui
876 2657 966 2703 nemo
987 2641 1047 2702 hoc
1061 2641 1105 2700 di·

137 2738 222 2797 cere,
236 2741 276 2784 ne
295 2740 334 2785 ex
349 2722 535 2784 mollissimis
544 2724 682 2799 quidem,
696 2741 791 2787 ausus
806 2733 862 2786 est.
891 2734 1009 2801 negant
1025 2725 1104 2784 euim

96 2807 220 2868 utillum
243 2823 315 2868 esse
331 2806 468 2878 beatum,
490 2805 546 2866 sed
568 2815 667 2869 tamen
683 2810 962 2885 negantmiserum.
987 2809 1104 2868 Acade-

135 2891 206 2951 mici
233 2897 353 2951 veteres
377 2889 498 2950 beatum
520 2892 642 2965 quidem
662 2909 734 2954 esse
752 2895 841 2955 etiam
862 2893 939 2956 inter
960 2893 1017 2954 hos
1040 2909 1105 2954 cru·

136 2975 233 3036 ciatus
258 2974 402 3044 latentur,
428 2974 565 3035 sednon
588 2976 627 3036 ad
648 2978 816 3052 perlectum
836 2993 893 3039 nec
912 2978 949 3038 ad
975 2978 1105 3052 plenum,

136 3057 220 3132 quod
232 3057 314 3116 nullo
326 3056 416 3117 modo
429 3065 531 3132 potest
544 3059 655 3134 recipi:
671 3061 730 3121 nisi
743 3062 851 3124 beatus
866 3071 927 3137 est,
943 3063 972 3121 in
984 3076 1105 3128 ¹summo

134 3141 218 3201 bono
234 3154 295 3198 non
310 3148 366 3202 est,
403 3140 485 3216 quod
502 3158 651 3204 summum
665 3145 780 3207 bouum
795 3152 857 3220 est,
878 3162 973 3222 supra
987 3162 1022 3206 se
1038 3161 1106 3222 gra·

136 3223 209 3285 dum
226 3238 286 3284 uon
301 3222 405 3297 habet,
422 3224 551 3286 simodo
566 3226 607 3286 illi
621 3228 717 3289 virtus
728 3228 823 3304 inest,
839 3231 866 3290 si
880 3231 961 3290 illam
976 3230 1107 3291 adversa

136 3307 366 3382 conminuunt,
387 3309 412 3368 si
435 3316 537 3370 manet
557 3312 645 3370 etiam
667 3312 851 3376 comminuto
873 3330 1005 3390 corpore
1023 3315 1105 3374 inco-

136 3392 241 3453 lumis=
263 3400 363 3452 manet
383 3398 493 3453 autem.
524 3391 663 3455 virtutem
685 3398 764 3457 euim
780 3398 921 3473 intellego
937 3400 1104 3460 animosam

81 3477 340 3547 metereelsam,
366 3492 458 3550 quam
474 3476 592 3551 incitat,
615 3478 761 3556 quicquid
775 3483 905 3543 intestat.
938 3483 1027 3542 Hunc
1042 3481 1100 3543 ani·
