2392 3870
241 182 410 244 EPISTUL.
426 181 520 242 MOR.
543 183 615 242 LlB.
631 182 699 241 XV.
721 182 778 242 ΕΡ.
793 193 820 244 2.
842 188 914 258 (94.)
979 222 983 229 ·
1008 183 1070 247 295

87 339 259 416 opiniones,
275 351 355 410 quae
369 349 427 394 nos
444 334 685 408 circumsonant,
703 336 899 410 repellantur.
920 336 998 396 Nulli
1014 343 1117 400 nosco

86 425 159 484 vitio
174 428 283 481 natura
298 417 453 479 eoncitiap
470 418 520 477 illa
534 419 670 493 integros
685 434 722 478 ac
737 417 852 479 liberos
867 421 980 493 genuit.
997 419 1071 480 nihil

86 522 148 584 quo
164 503 321 566 avaritiam
336 509 472 562 nostram
488 502 636 576 inritaret,
659 501 763 576 posuit
786 501 815 561 in
836 511 953 578 aperto.
984 504 1071 579 pedi·

87 593 144 651 bus
161 604 269 649 aurum
284 593 505 661 argentumque
527 585 659 646 subiecit
679 586 922 661 calcandumque
943 604 980 646 ac
1002 604 1071 663 pre-

86 674 229 735 mendum
251 670 349 742 dedit,
372 670 518 745 quicquid
533 676 595 743 est,
618 676 743 744 propter
764 671 850 745 quod
868 671 1021 732 calcamur
1034 686 1070 730 ac

86 757 259 833 premimur.
302 753 354 814 illa
377 755 476 814 voltus
497 760 621 814 nostros
637 752 734 813 erexit
751 754 792 813 ad
806 755 926 815 coelum
941 761 971 814 et
986 754 1070 830 quic·

87 842 163 916 quid
177 837 373 914 magnificum
387 838 558 912 mirumque
574 838 701 909 fecerat,
726 837 822 897 videri
843 839 1070 913 asuspicienti·

86 926 145 985 bus
168 923 277 984 voluit:
303 921 390 983 ortus
411 936 606 995 occasusque
628 927 659 980 et
680 922 874 995 properantis
890 922 996 983 mundi
1015 938 1069 982 vo·

85 1008 209 1068 labilem
223 1022 362 1079 cursum,
383 1005 515 1064 interdiu
531 1012 652 1064 terrena
667 1005 864 1080 aperientem,
894 1012 984 1066 nocte
1000 1022 1070 1067 coe-

85 1093 182 1165 lestia,
197 1091 303 1151 tardos
320 1090 452 1150 siderum
468 1089 620 1160 incessus,
639 1087 666 1148 si
682 1104 835 1164 conpares
852 1091 914 1162 toti,
931 1089 1071 1150 citatissi-

86 1192 153 1235 mos
168 1182 280 1248 autem,
296 1175 323 1235 si
338 1174 465 1249 cogites,
482 1180 595 1247 quanta
609 1172 708 1246 spatia
723 1190 888 1248 numquam
897 1172 1072 1234 intermissa

84 1258 248 1319 velocitate
268 1259 471 1329 circumeant,
502 1257 642 1317 defectus
666 1257 743 1316 solis
769 1253 806 1317 ac
829 1258 920 1318 lunae
941 1257 1071 1318 invicem

85 1342 280 1415 obstantium,
296 1342 357 1401 alia
371 1341 519 1416 deinceps
536 1339 630 1416 digna
645 1341 762 1414 miratu,
779 1343 845 1402 sive
859 1358 916 1418 per
933 1343 1071 1403 ordinem

85 1425 233 1498 subeunt,
256 1426 322 1485 sine
338 1425 447 1486 subitis
463 1425 566 1486 causis
585 1433 666 1486 mota
682 1427 856 1499 prosiliunt,
880 1433 911 1485 ut
932 1427 1071 1488 nocturni

85 1508 200 1584 ignium
215 1517 328 1570 tractus
345 1517 375 1570 et
389 1510 457 1569 sine
477 1510 539 1571 ulfo
561 1510 623 1569 ictu
646 1509 810 1583 sonituque
834 1510 969 1583 fulgores
992 1508 1071 1569 coeli

85 1595 273 1669 patescentis
289 1596 510 1669 columnaeque
522 1610 558 1654 ac
570 1592 672 1653 trabes
684 1591 1071 1653 etvariasimulacrallam-

84 1694 216 1738 marum:
237 1678 314 1738 haec
332 1694 428 1752 supra
448 1693 506 1738 nos
527 1679 605 1737 itura
627 1676 797 1752 disposuit,
820 1692 928 1737 aurum
948 1678 1070 1753 quidem
1079 1687 1128 1743 57.

85 1770 116 1821 et
138 1768 296 1836 argentum
320 1769 351 1822 et
371 1768 496 1837 propter
516 1760 576 1821 ista
597 1778 761 1835 numquam
778 1776 886 1837 pacem
900 1777 996 1836 agens
1012 1762 1071 1821 fer-

85 1862 166 1917 rum,
190 1845 279 1919 quasi
294 1846 371 1905 male
386 1844 476 1908 nobls
491 1845 756 1920 committerentur,
772 1845 948 1906 abscondit:
965 1861 1023 1906 nos
1041 1846 1071 1904 in

86 1930 201 1998 lucem,
229 1937 355 2004 propter
382 1946 462 2005 quae
481 1945 711 2005 pugnaremus,
734 1930 907 1991 extulimus.
952 1946 1010 1990 nos
1042 1937 1073 1990 et

85 2028 198 2072 causas
226 2013 429 2086 periculorum
455 2021 627 2076 nostrorum
653 2021 683 2074 et
710 2013 911 2076 instrumenta
941 2014 1070 2075 disiecto

84 2105 233 2157 terrarum
247 2099 384 2171 pondere
400 2099 545 2159 eruimus.
572 2114 629 2160 nos
646 2099 786 2160 fortunae
799 2102 878 2159 mala
892 2106 997 2159 nostra
1012 2105 1071 2157 lra-

84 2180 218 2241 didimus
234 2197 291 2241 nec
309 2182 520 2244 embescimus
542 2199 660 2243 summa
675 2185 759 2259 apud
776 2199 832 2243 nos
848 2182 968 2255 haberi,
992 2197 1071 2258 quae

85 2265 206 2325 fuerant
220 2265 280 2325 ima
294 2274 450 2326 terrarum.
476 2266 532 2327 Vis
549 2268 637 2340 scire,
656 2285 749 2342 quam
764 2270 860 2328 falsus
877 2269 985 2329 oculos
1001 2270 1113 2328 tuos58

85 2349 242 2423 deceperit
256 2349 378 2423 fulgori
400 2349 472 2410 nihil
488 2358 535 2411 est
549 2351 632 2422 istis,
652 2353 798 2426 quamdiu
819 2368 921 2413 mersa
936 2360 966 2412 et
984 2351 1070 2410 invo-

85 2435 147 2491 luta
164 2449 261 2491 coeno
278 2448 335 2492 suo
351 2433 465 2507 iacent,
490 2432 627 2507 foedius,
646 2435 718 2494 nihil
742 2436 915 2496 obscurius.
955 2434 1070 2510 quidni,

86 2532 167 2590 quac
182 2530 239 2590 per
255 2514 503 2589 longissimorum
522 2517 733 2578 cuniculorum
747 2520 890 2579 tenebras
908 2516 1071 2578 extrahun-

85 2596 156 2660 tur?
176 2597 249 2658 nihil
265 2606 313 2659 est
327 2599 400 2674 illis,
426 2599 499 2658 dum
512 2599 589 2661 fiunt
607 2608 671 2660 eta
693 2602 779 2661 faece
801 2618 859 2660 sua
879 2606 1069 2676 separantur,

84 2683 256 2743 informius.
300 2683 433 2758 denique
454 2684 542 2758 ipsos
564 2683 692 2759 opifices
714 2685 850 2757 intuere,
871 2700 926 2760 per
942 2700 1071 2759 quorum

85 2784 193 2828 manus
215 2768 318 2828 sterile
339 2775 438 2828 terrae
453 2783 552 2843 genus
574 2776 604 2829 et
622 2768 770 2828 infernum
787 2775 1005 2845 perpurgatur=
1026 2767 1070 2827 vi·

85 2851 172 2912 debis
190 2859 304 2927 quanta
325 2851 449 2928 iuligine
472 2853 659 2914 oblinantur:
677 2853 761 2929 atqui
779 2851 838 2914 ista
858 2853 955 2928 magis
972 2852 1113 2928 inqui-59

85 2943 159 2995 nant
173 2938 290 2996 animos
305 2954 394 3011 quam
411 2954 543 3014 corpora
557 2945 587 2998 et
601 2939 631 2998 in
647 2954 834 3014 possessore
850 2954 958 2999 eorum
978 2954 1070 3014 quam

84 3018 115 3078 in
130 3021 247 3080 artifice
263 3023 332 3096 plus
348 3022 485 3084 sordium
500 3031 557 3084 est.
600 3023 809 3084 necessarium
831 3024 933 3098 itaque
957 3031 1004 3084 est
1017 3021 1070 3081 ad·

86 3106 203 3164 moneri
225 3113 255 3164 et
275 3104 388 3166 habere
406 3108 540 3182 aliquem
555 3107 738 3169 advocatum
753 3108 854 3168 bonae
869 3109 979 3167 mentis
995 3112 1025 3166 et
1039 3108 1070 3166 tn

85 3195 167 3248 tanto
197 3189 317 3249 fremitu
344 3191 534 3267 tumultuque
561 3192 710 3252 falsorum
737 3207 827 3252 unam
857 3192 990 3267 denique
1017 3207 1070 3250 au·

85 3270 151 3332 dire
168 3288 284 3333 vocem.
315 3273 400 3348 Quae
415 3277 471 3336 erit
485 3276 536 3334 illa
551 3282 634 3334 vox?
648 3291 686 3335 ea
700 3275 825 3348 scilicet,
843 3291 922 3350 quae
938 3275 990 3335 tibi
1004 3281 1069 3333 tan-

86 3355 123 3416 tis
145 3357 331 3418 clamoribus
353 3358 527 3420 ambitionis
549 3359 716 3420 exsurdato
745 3357 879 3421 salubria
900 3359 1070 3419 insusurret

84 3439 195 3516 verba,
223 3458 302 3517 quae
317 3441 413 3502 dicat:
453 3443 520 3502 Non
542 3448 603 3515 est,
627 3443 710 3517 quod
726 3442 865 3503 invideas
881 3441 963 3515 istis,
990 3448 1112 3514 quosoo
