2422 3862
269 233 315 289 DE
330 230 497 288 REMEDIIS
511 230 768 289 FORTUITORUM
781 231 895 286 LIBER.
1009 227 1073 290 455

97 400 183 459 quam
200 384 247 439 tui.
271 381 356 454 Apud
373 388 400 437 te
416 383 544 454 precario
561 383 753 438 morabantur=
776 380 939 438 educandos
950 382 998 439 tibi
1010 383 1072 439 illos

98 472 209 526 fortuna
220 466 416 522 mandaverat=
432 466 538 536 recepit
550 465 628 535 illos,
640 481 697 519 non
708 464 827 522 abstulit.

183 547 337 605 ADDITIO.
361 548 474 618 „Amisi
489 547 605 603 filium.“
627 548 727 604 Melius
740 547 799 604 dic:
817 548 949 619 praemisi
963 555 1105 608 secum-4

141 650 188 689 rus
201 629 247 707 [ct]
261 633 314 688 cito
327 632 455 702 quidem,
475 631 601 687 fortassis
612 630 713 702 hodie,
736 636 763 687 et
777 631 844 702 quid
858 631 961 688 scimus
973 649 1009 687 an
1019 631 1073 688 hac

141 718 202 788 ipsa
214 715 295 771 hora.
322 715 403 770 Nulla
415 716 490 770 vitae
501 713 573 771 fides
586 720 636 773 est.

183 798 297 870 „Amisi
314 797 431 856 filium.“
459 796 583 852 Amisisti
606 798 687 852 simul
708 802 734 852 et
751 802 841 854 metus
863 799 964 852 multos
982 799 1103 860 inlini-5

140 888 252 952 tamque
267 881 412 937 materiam
424 896 552 935 curarum
564 886 592 935 et
603 879 827 951 sollicitudinum,
842 881 942 952 quibus
954 888 983 936 ut
995 899 1072 938 carc·

140 982 201 1035 res,
216 965 263 1021 vel
274 965 323 1020 tibi
334 964 381 1020 vel
393 962 450 1018 filio
461 963 637 1019 moriendum
648 964 707 1018 fuit.
733 979 863 1019 securum
876 968 984 1035 patrem
997 982 1073 1022 mors

139 1050 201 1104 sola
214 1049 288 1103 facit.
646 1053 648 1058 ’

182 1131 306 1200 „Filium
317 1130 427 1186 amisi.“
449 1127 479 1186 Si
490 1129 582 1200 pium,
597 1127 664 1183 nihil
677 1133 720 1184 est
730 1130 799 1200 iam,
815 1131 891 1201 quod
902 1132 939 1187 illi
950 1137 1072 1188 metuas:
1084 1136 1101 1191 6

139 1215 237 1269 intuto
253 1219 304 1269 est.
326 1215 350 1269 si
360 1213 489 1285 impium,
506 1218 616 1267 tuorum
629 1218 833 1269 numeratorem
844 1230 993 1286 annorum,
1008 1221 1073 1289 tuae

139 1298 279 1353 stimulum
292 1298 442 1353 senectutis
454 1296 584 1352 extulisti.
608 1295 755 1368 perdidisti
768 1298 897 1368 forsitan,
912 1299 958 1370 qui
969 1304 997 1354 te
1007 1316 1073 1371 per-

140 1381 228 1436 ditum
243 1383 365 1453 optabat.
774 1388 777 1394 '

182 1464 306 1534 „fillum
315 1462 457 1537 perdidi.“
478 1461 507 1519 Si
519 1463 619 1520 virtute
629 1461 795 1533 praeditum,
808 1464 917 1534 gaude,
933 1463 1009 1535 quod
1021 1463 1072 1520 ha·
1085 1469 1101 1525 7

138 1546 241 1605 bueris.
267 1555 294 1603 at
312 1548 335 1602 si
349 1548 416 1604 vitio
431 1546 587 1620 perditum,
605 1545 698 1617 gaude
710 1546 824 1616 saltem,
841 1547 917 1618 quod
929 1547 1070 1602 amiseriss

138 1630 285 1701 utrobique
297 1636 413 1686 naturae
424 1629 592 1686 beneficium
604 1645 737 1701 agnosce,
749 1629 824 1699 quod
836 1632 920 1686 talem
931 1630 1009 1686 dedit
1020 1647 1072 1687 seu

138 1713 258 1774 abstulit.

148 1826 150 1830 =
181 1798 316 1866 „Acerba
330 1803 419 1853 morte
432 1797 480 1853 filii
493 1798 619 1854 deiectus
633 1795 728 1852 sunn‘*
745 1795 791 1851 An
803 1812 859 1851 non
871 1796 1099 1868 Anaxagoram

138 1879 292 1935 audieras?
307 1895 343 1935 an
356 1880 455 1936 oblitus
469 1896 532 1937 eras
544 1886 572 1936 te
584 1880 716 1952 genuisse
730 1881 898 1937 mortalem?
923 1879 985 1935 Non
999 1879 1069 1935 afili-

124 1963 212 2035 gitur
224 1964 336 2035 sapicns
349 1960 409 2038 [de]
423 1966 574 2021 liberorum
584 1963 750 2033 amissione,
765 1978 821 2019 non
834 1963 1001 2033 amicorum:
1021 1981 1069 2019 eo·

138 2047 305 2103 demanimo
317 2048 489 2105 factitiorum
499 2052 631 2119 mortem,
648 2063 704 2118 quo
721 2063 801 2104 suam
816 2053 969 2120 exspectat.

179 2131 375 2201 „Exstinctum
385 2130 441 2189 ilco
452 2131 539 2188 filium
549 2131 690 2187 unicum.“
707 2129 737 2187 Si
748 2130 864 2188 fleturus
875 2148 938 2187 eras
950 2133 1071 2189 morien·
1082 2130 1100 2185 9

137 2219 207 2283 tem,
224 2220 251 2270 et
262 2223 424 2272 nascentem
435 2215 551 2272 flasses=
571 2230 645 2270 nunc
655 2215 727 2271 mori
742 2215 838 2287 desiit,
850 2222 916 2271 tunc
928 2221 1070 2290 coeperat.

86 2345 89 2350 .
136 2297 177 2350 lili
188 2297 315 2352 vixeram
329 2299 396 2354 vive
408 2299 463 2353 iam
474 2299 531 2354 tibi.

180 2378 316 2447 „Infantis
329 2378 377 2434 filii
398 2397 494 2436 casum
513 2381 699 2438 miserabilem
711 2379 797 2438 ileo.“
829 2381 987 2438 Humanum
1004 2380 1072 2436 nihil
1082 2383 1117 2435 10

136 2459 271 2515 flendum.
289 2463 493 2533 praemeditata
505 2479 569 2518 esse
581 2462 693 2532 debent,
705 2464 729 2519 si
741 2479 798 2518 non
810 2471 882 2521 sunt.
899 2464 962 2520 Non
974 2479 1071 2520 casum

136 2543 194 2613 filii,
205 2544 341 2599 inscitiam
351 2549 426 2599 tuam
438 2543 513 2600 defle
525 2551 552 2599 et
563 2545 728 2601 conditionis
741 2547 918 2604 oblivionem.

177 2625 252 2682 XIV.
273 2626 531 2699 „Naufragium
546 2628 645 2682 fcci.“
672 2627 769 2700 Cogita
783 2645 840 2683 non
855 2629 922 2699 quid
936 2626 1096 2701 perdide-l

94 2712 132 2768 ris
145 2710 196 2766 scd
209 2710 284 2782 quod
297 2711 432 2772 cvascris.

155 2792 277 2865 „Nudus
294 2793 377 2850 exii.“
398 2792 457 2851 Sed
470 2793 559 2848 existi.

154 2877 279 2946 „Omnia
294 2877 436 2950 perdidi,“
459 2875 515 2934 Sed
529 2892 592 2932 cum
605 2875 733 2932 omnibus
743 2870 836 2949 perire
848 2877 970 2949 potuisti.

158 2957 219 3030 „lri
239 2963 405 3017 latrones
429 2961 502 3017 inci
512 2960 577 3017 di.“
603 2958 662 3018 Sed
676 2959 746 3016 alius
758 2960 787 3016 in
798 2966 985 3029 accusatores,
998 2958 1097 3018 alius2

93 3045 120 3099 in
133 3046 223 3113 fures,
236 3047 306 3100 alius
319 3045 347 3100 in
359 3046 550 3102 fraudatorem
562 3045 647 3117 plena
658 3044 766 3101 insidiis
776 3044 823 3102 via
835 3050 886 3100 cst.
907 3045 970 3101 Noli
981 3046 1069 3118 quari,

93 3127 168 3199 quod
180 3128 326 3183 inciderim
342 3129 451 3200 gaude,
464 3127 540 3199 quod
555 3127 691 3187 evaseris.

175 3211 237 3265 XV.
259 3211 454 3281 „inimicos
478 3228 610 3284 graves
632 3208 782 3267 habeo.“
803 3209 949 3278 Quomodo
964 3209 1093 3268 adver-1

93 3309 141 3347 sus
153 3295 227 3348 feras
240 3295 409 3350 munimenta
422 3295 618 3366 conquireres,
636 3289 777 3367 quomodo
794 3294 932 3353 adversus
952 3311 1068 3369 serpen-

92 3381 148 3441 tes,
162 3377 203 3431 sic
215 3377 353 3434 adversus
365 3379 492 3434 inimicos
504 3379 607 3434 auxilia
618 3379 816 3451 circumspice,
839 3379 1019 3449 quihusilloa
1026 3383 1083 3428 auu

93 3475 190 3514 arceas
203 3466 249 3514 aut
261 3476 425 3533 compescas
439 3468 499 3535 aut,
520 3462 599 3536 quod
609 3464 751 3539 optimum
760 3463 939 3533 camplaccs.
