2422 3862
229 218 398 282 EPtSTUL.
413 219 509 282 MOR.
527 221 600 282 LIB.
616 221 794 282 nullane.
811 233 838 285 ὁ.
854 228 942 298 (108.)
1010 220 1073 288 357

95 389 175 449 quae
201 369 392 432 consuetudo
419 363 513 430 seculi
538 369 678 444 mutavit,
706 378 858 446 tamquam
883 369 927 431 ait
951 371 1073 433 Cicerae

94 458 250 532 ‚paeoniam
265 471 365 515 sumas
376 455 415 514 al>
428 457 495 528 ipsa
505 458 589 516 calce
598 458 661 515 eius
672 457 906 530 interpellatione
915 460 1073 518 revocati.“
1182 520 1186 529 ,

93 541 173 600 hanc
195 555 286 614 quam
308 553 389 597 nunc
409 539 437 596 in
464 537 545 598 circo
571 545 714 599 cretam
741 554 902 613 vocamus,
928 541 1071 601 calcem

94 622 209 699 antiqui
231 622 381 682 dicebant.
424 622 542 682 Deinde
562 621 719 684 Ennianos
741 623 855 696 colligit
875 638 983 684 versus
1000 632 1030 684 et
1044 625 1115 685 inae

93 708 200 783 primis
216 707 284 767 illos
303 705 341 765 de
354 705 501 767 Africano
517 705 666 780 scriptos:

371 793 421 850 eal
432 807 516 851 nemo
530 793 601 851 eina
614 807 708 866 neque
721 793 810 853 hostis
923 798 926 804 '

246 877 337 949 quivit
345 890 403 950 pro
414 874 508 946 sactis
520 876 649 935 reddere
663 891 772 950 operae
780 879 922 952 pretiumss

93 975 132 1018 ex
151 973 187 1018 eo
204 973 238 1016 se
253 958 294 1017 ait
310 959 495 1031 intellegere,
510 957 591 1032 apud
607 959 749 1032 antiquos
766 976 826 1020 non
842 967 957 1020 tantum
972 960 1059 1020 anxi

93 1043 185 1102 tium
202 1041 394 1118 significasse
410 1043 466 1101 sed
481 1048 585 1117 [opera
598 1043 767 1116 etlemodii]
784 1058 917 1119 operam.
940 1044 982 1103 ait
993 1044 1072 1103 enim

92 1126 212 1186 Ennius
234 1127 383 1184 ueminem
406 1125 546 1200 potuisse
567 1123 703 1200 Scipioni
725 1142 826 1202 neque
849 1128 945 1186 civem
972 1143 1072 1202 neque

92 1210 241 1271 hostem
262 1209 392 1268 reddere
419 1225 564 1283 operae
589 1208 764 1284 pretium.
807 1211 939 1271 Felicem
961 1211 1115 1272 deindcdt

94 1311 129 1354 se
147 1299 241 1368 putat,
258 1293 339 1368 quod
351 1293 519 1366 invenerit,
536 1292 618 1354 unde
636 1294 734 1354 visum
750 1295 788 1354 sit
803 1295 938 1370 Vergilio
954 1295 1072 1355 dicere:

426 1382 732 1454 quemeupermpem
1103 1400 1106 1409 ’

295 1470 386 1538 porra
399 1469 482 1523 tonat
494 1465 575 1524 coeli.

94 1543 222 1604 Ennium
245 1545 304 1606 hoc
324 1548 364 1607 ait
382 1547 515 1607 Homero
544 1544 752 1620 subripuisse,
776 1545 873 1605 Ennio
895 1545 1072 1618 Vergilium.

94 1644 166 1687 esse
186 1628 264 1687 enim
287 1630 370 1705 apud
386 1630 562 1691 Ciceronem
582 1630 613 1688 in
635 1630 682 1690 his
703 1629 780 1704 ipsis
802 1630 847 1689 de
867 1629 1074 1703 republica

94 1713 199 1785 [libris]
215 1712 275 1774 hoc
292 1715 478 1789 epigramma
492 1715 597 1775 Ennii:

137 1795 172 1854 Si
181 1797 235 1869 sas
249 1800 325 1859 endo
334 1803 448 1874 plapar
461 1802 615 1860 coelestum
628 1797 789 1858 ascendere
802 1799 938 1872 cuiquam
953 1801 1003 1870 est,

220 1884 262 1940 mi
273 1886 330 1943 soll
341 1887 438 1944 coeli
453 1885 585 1943 maxima
597 1887 811 1956 percuperet.

96 1961 158 2021 Sed
175 1979 213 2023 ne
229 1972 259 2025 et
273 1966 356 2040 ipse,
381 1969 452 2027 dum
469 1965 551 2027 aliud
566 1981 640 2039 ago,
655 1966 684 2024 in
703 1965 889 2040 philologum
908 1971 960 2023 aut
970 1978 1072 2038 ¹gram-
1080 1976 1115 2032 35

94 2045 1071 2125 maticumdelabar,illudadmoneo‚auditionemphi-

93 2132 1072 2210 losophorumlectionemqueadpropositumbea·

93 2222 153 2275 tae
173 2216 275 2278 vitae
296 2219 534 2292 trahendam,
556 2235 617 2280 non
640 2226 671 2280 ut
691 2219 786 2278 verba
806 2217 909 2294 prisca
930 2225 982 2278 aut
1002 2215 1074 2276 fleta

94 2307 251 2373 captemus
277 2311 307 2362 et
330 2304 545 2365 translationes
566 2304 713 2380 inprobas
740 2303 917 2378 figurasque
933 2300 1073 2372 dicendi,

94 2383 151 2441 sed
165 2393 198 2443 nt
213 2386 370 2458 protutura
387 2394 550 2462 praecepta
566 2396 597 2448 et
611 2387 788 2462 magnificas
804 2403 898 2447 voces
913 2390 943 2446 'et
958 2385 1073 2445 animo-

94 2481 162 2536 sas,
186 2483 266 2540 quae
282 2482 353 2528 mox
369 2467 398 2526 in
414 2485 477 2529 rem
493 2473 727 2532 transferantur:
751 2472 795 2531 sie
810 2471 868 2531 ista
889 2468 1073 2540 ediscendus,

95 2555 142 2619 ut,
167 2565 247 2622 quae
265 2551 376 2611 luerint
393 2553 501 2626 verba,
523 2555 583 2613 sint
597 2570 702 2628 opera.
746 2553 852 2613 Nullos
871 2557 971 2612 antem
987 2549 1115 2624 peiussc

94 2633 204 2692 mereri
219 2633 258 2693 de
275 2634 415 2695 omnibus
430 2637 608 2696 mortalibus
623 2635 741 2708 iudico,
764 2641 855 2709 quam
872 2635 922 2707 qui
938 2633 1073 2708 philoso-

94 2715 197 2791 phiam
214 2719 296 2778 velut
313 2719 436 2794 aliquod
454 2719 612 2780 artificium
629 2717 737 2778 venale
753 2718 937 2792 didicerunt,
954 2717 1006 2790 qui
1021 2717 1073 2777 ali·-

93 2806 139 2859 ter
150 2801 256 2861 vivunt
268 2818 358 2877 quam
371 2803 533 2864 vivendum
544 2819 616 2864 esse
631 2803 828 2879 praecipiunt.
843 2803 983 2877 exempla
994 2803 1074 2862 enim

95 2901 130 2944 se
152 2886 239 2960 ipsos
261 2886 375 2949 inutilis
393 2886 574 2963 discipliuae
595 2887 810 2948 circumierunt
825 2885 896 2945 nulli
912 2902 973 2947 non
989 2886 1073 2959 vitio,
1098 2934 1104 2943 .

96 2970 178 3043 quod
193 2971 405 3047 insequuntur,
422 2971 557 3033 obnoxii.
591 2972 657 3031 Non
673 2971 771 3045 magis
786 2969 858 3030 mihi
872 2977 977 3045 potest
990 2969 1114 3046 quis-37

95 3069 186 3128 quam
201 3055 269 3115 talis
287 3057 440 3130 prodesse
455 3063 639 3132 praeceptor
654 3071 744 3131 quarn
759 3056 945 3132 gubernator
958 3055 988 3113 in
1000 3062 1069 3115 tem·

94 3145 212 3212 pestate
233 3140 480 3201 nausiabundus=
509 3140 673 3200 tenendum
694 3147 741 3201 est
756 3139 895 3213 rapiente
909 3138 1004 3200 fluctu
1020 3152 1073 3213 gu·

95 3220 308 3298 bernacnlum,
331 3225 505 3284 luctandum
527 3240 596 3286 cum
615 3224 685 3300 ipso
709 3222 799 3297 mari,
827 3222 1076 3298 eripiendarum

94 3312 185 3366 vento
202 3308 283 3367 vela:
305 3307 378 3383 qnid
395 3324 444 3368 me
464 3315 567 3384 potest
583 3309 728 3369 adiuvare
741 3314 843 3368 rector
859 3304 971 3382 nauigii
987 3305 1072 3366 adto-

94 3386 175 3448 nitus
194 3397 224 3449 et
237 3391 410 3454 vomitanst
431 3400 545 3468 quanto
562 3393 677 3454 maiore
689 3400 778 3468 putas
791 3392 881 3451 vitam
893 3396 1074 3464 tempestate

93 3469 201 3532 iactari
219 3485 309 3550 quam
331 3477 422 3537 ullam
440 3483 557 3538 ratem?
585 3493 646 3538 non
668 3482 717 3538 est
730 3476 932 3552 loquendum,
948 3473 1004 3533 sed
1019 3487 1072 3546 gu·
