2422 3862
263 211 541 276 aelswardus.
564 215 699 274 tlalv.
722 215 778 274 ΕΡ.
791 223 852 290 4.(
887 220 910 288 .)
1036 215 1077 280 75

99 366 184 427 turba
205 373 257 426 est
276 364 394 442 passim
415 364 594 429 iacentium:
624 369 773 429 sumenda
793 376 895 443 erunt,
918 386 979 430 non
996 371 1078 431 colli·

45 450 48 487 ²
99 450 209 525 genda.
233 465 297 510 non
313 450 393 510 enim
408 450 568 524 excidunt,
591 451 648 513 sed
663 450 771 513 fluunt.
792 459 942 528 perpetua
957 462 987 514 et
1001 455 1078 515 inter

45 556 47 611 j
101 550 132 594 se
146 542 295 595 contexta
310 541 391 596 sunt.
406 549 463 595 nec
480 535 600 611 dubito,
624 535 696 610 quin
713 537 838 597 multum
855 538 1013 600 conserant
1027 556 1077 598 ru-

99 618 189 679 dibus
211 617 314 679 adhuc
328 626 361 678 et
376 619 569 681 extrinsecus
583 621 833 681 auscultantibus.
863 620 982 681 facilius
997 622 1077 682 enim

100 704 220 779 singula
239 701 377 764 insidunt
393 702 624 780 circumscripta
638 712 669 764 el
684 706 825 765 carminis
842 706 933 766 modo
949 705 1077 767 inclusa.

98 788 169 847 ldeo
193 789 300 863 pueris
322 794 353 849 et
372 790 540 850 sententias
560 789 744 849 ediscendas
759 790 867 850 damus
883 797 914 850 et
928 790 983 851 has
1000 804 1105 866 quasr

100 870 209 931 Graeci
231 870 363 932 chrias
383 880 508 945 vocant,
532 873 605 948 quia
618 874 770 949 conplecti
789 873 858 934 illas
874 873 999 950 puerilis
1013 876 1076 935 ani-

98 972 164 1016 mus
186 961 306 1032 potest,
334 957 406 1033 quia
426 959 498 1032 plus
518 957 619 1018 adhuc
640 975 701 1018 non
720 959 889 1033 capiteerti
905 960 1076 1034 proiectus:

96 1039 163 1100 viro
180 1047 306 1116 captare
320 1039 471 1102 flosculos
486 1049 574 1117 turpe
588 1048 636 1101 est
650 1049 680 1102 et
694 1042 799 1102 fulcire
815 1058 849 1101 se
861 1043 1029 1104 notissimis
1041 1059 1077 1104 ac

95 1124 295 1200 paucissimis
309 1125 440 1186 vocibus
454 1133 485 1186 et
501 1126 647 1186 memoria
662 1134 759 1187 stare:
779 1124 838 1186 sibi
852 1127 911 1186 iam
926 1129 1076 1188 innitatur.

96 1207 179 1268 dicat
200 1209 274 1281 ista,
304 1225 366 1270 non
387 1217 498 1270 teneat.
531 1217 622 1285 turpe
642 1217 689 1270 est
710 1210 790 1270 enirn
806 1210 878 1271 seni·
889 1219 941 1272 aut
955 1213 1077 1291 prospi-

95 1292 189 1352 cienti
210 1292 401 1354 senectutem
421 1310 460 1354 ex
475 1295 693 1355 commentario
709 1310 829 1370 sapere.
871 1296 958 1368 „Hoc
972 1297 1077 1356 Zenon

97 1377 209 1437 uixic‘z
238 1383 272 1437 tu
287 1378 385 1452 quidt
415 1379 495 1452 „hoc
512 1377 710 1439 Cleanthes‘⁴=
738 1386 771 1440 tu
787 1379 882 1454 quidi
913 1396 1076 1456 quousque

95 1460 155 1521 sub
169 1461 232 1522 alio
246 1462 402 1522 moveris?
423 1468 475 1535 [et]
491 1462 648 1538 imperact
660 1463 724 1537 dic,
748 1462 832 1538 quod
844 1465 1006 1523 memoriae
1016 1472 1076 1524 tra·

95 1545 196 1605 datur.
220 1544 338 1620 aliquid
348 1554 380 1607 et
389 1546 429 1605 de
439 1553 492 1608 tuo
506 1548 617 1622 proior.
651 1546 763 1606 Omnes
776 1548 880 1621 itaque
891 1546 978 1619 istos,
992 1563 1106 1618 num-3

96 1642 190 1704 qum
211 1638 370 1702 suctores,
393 1646 517 1707 semper
530 1630 711 1706 interpretes
727 1630 786 1691 sub
800 1629 900 1689 aliena
914 1630 1020 1689 umbra
1035 1633 1077 1689 la·

93 1720 212 1788 tentes,
233 1713 307 1774 nihil
330 1714 470 1776 existimo
488 1715 603 1776 habere
619 1715 778 1789 generosi,
798 1729 964 1788 numquam
981 1730 1076 1774 ausos

94 1797 266 1874 aliquando
291 1799 409 1871 lacere,
440 1799 525 1874 quod
548 1799 602 1859 diu
628 1798 807 1859 didicerant.
845 1798 1021 1858 memoriam
1046 1798 1076 1856 in

92 1882 204 1943 alienis
226 1890 438 1944 exercuerunt.
474 1883 557 1943 aliud
581 1890 682 1942 autern
706 1889 755 1942 est
775 1880 965 1953 meminisse,
993 1881 1076 1942 aliud

94 1965 192 2028 scire:
219 1967 397 2028 meminisse
417 1975 466 2030 est
486 1983 551 2028 rem
572 1964 769 2026 commissam
788 1966 953 2026 memoriae
973 1973 1076 2027 custo·

95 2052 172 2111 dire
204 2058 235 2112 at
257 2058 364 2112 contra
388 2050 468 2112 scire
489 2060 537 2112 est
557 2058 587 2111 et
607 2065 664 2111 sua
685 2050 787 2110 iacere
803 2064 943 2126 quaeque
964 2065 1021 2111 nec
1036 2050 1076 2110 ad

94 2137 255 2211 exemplar
280 2135 417 2212 pendere
442 2145 473 2198 et
499 2135 610 2196 totiens
638 2134 796 2210 respicere
823 2135 863 2195 ad
890 2136 1076 2209 magistrum.

94 2221 182 2295 „Hoc
197 2219 275 2280 dixit
289 2220 408 2294 Zenon,
430 2220 490 2281 lroc
503 2220 693 2280 cleanthes.“
721 2219 836 2294 aliquid
851 2219 929 2279 intor
942 2227 972 2280 te
986 2220 1104 2291 inter-q

94 2305 135 2365 sit
154 2312 187 2365 et
204 2305 325 2367 librum.
350 2320 515 2380 quousque
535 2305 660 2365 discesr
688 2303 747 2362 iam
762 2311 791 2364 et
806 2304 960 2379 praecipe.
998 2302 1075 2377 Quid

95 2397 143 2449 est
163 2396 195 2450 et
215 2406 312 2465 quare
332 2391 468 2461 audiam,
496 2388 580 2463 quod
604 2390 706 2463 legere
730 2394 882 2462 possum?
919 2387 1075 2461 „Multum

95 2474 208 2549 inquit,
231 2474 302 2533 viva
322 2490 384 2535 vox
404 2474 504 2533 lacit.“
539 2489 600 2533 non
617 2472 740 2548 quidem
758 2471 851 2546 haec,
876 2470 1076 2547 quaealienis

95 2556 200 2629 verbis
216 2558 428 2618 commodatur
442 2565 472 2617 et
485 2557 610 2617 actuarii
624 2557 692 2614 vice
706 2556 848 2629 fungitur.
883 2555 981 2614 Adice
996 2568 1076 2613 nunc
1086 2572 1119 2624 10

95 2641 180 2717 quod
200 2642 267 2716 isli,
292 2641 344 2716 qui
366 2656 529 2717 numquam
551 2641 663 2701 tutelae
684 2655 759 2699 suae
781 2639 870 2710 liunt,
895 2639 1022 2712 primum
1046 2637 1075 2695 in

93 2740 133 2784 ea
153 2740 187 2785 re
207 2733 379 2802 sequuntur
399 2725 534 2802 priores,
557 2725 588 2784 in
611 2740 672 2799 qua
692 2740 781 2784 nemo
797 2739 858 2784 non
874 2738 892 2782 a
908 2722 1009 2796 priore
1024 2722 1076 2780 de·

96 2808 195 2870 scivit.
222 2809 335 2870 deinde
350 2811 379 2869 in
395 2825 433 2870 ea
446 2825 481 2869 re
496 2815 675 2884 sequuntur,
701 2824 780 2883 quae
794 2806 895 2867 adhuc
910 2806 1075 2881 quaeritur.

93 2910 262 2971 numquam
276 2902 377 2955 autem
392 2892 572 2967 invenietur,
592 2892 619 2953 si
631 2893 763 2954 contenti
775 2892 922 2952 fuerimus
935 2891 1075 2951 inventis.

94 2986 257 3055 praeterea
280 2978 332 3055 qui
352 2979 445 3039 alium
464 2977 617 3053 sequitur,
647 2977 719 3036 nilril
745 2975 873 3049 invenit,
901 2977 993 3036 immo
1019 2990 1076 3037 nec

95 3063 225 3139 quaerit.
261 3062 339 3138 Quid
354 3069 451 3138 ergo?
477 3078 539 3123 non
554 3060 604 3122 ibo
620 3077 677 3136 per
692 3062 826 3136 priorum
843 3059 992 3135 vestigia?
1017 3073 1075 3134 ego
1087 3077 1114 3130 ll

95 3162 169 3207 vero
189 3153 260 3208 utar
280 3147 330 3207 vla
349 3147 461 3220 veteri,
482 3147 539 3207 sed
554 3147 580 3206 si
596 3145 772 3221 propiorem
788 3145 1018 3219 planioremque
1032 3144 1076 3202 in-

95 3247 221 3306 venero,
242 3231 323 3292 hanc
336 3231 480 3293 muniam.
517 3229 573 3304 out
588 3237 658 3289 ante
672 3246 730 3290 nos
744 3230 803 3289 ista
813 3232 992 3302 moverunt,
1014 3243 1075 3287 non

94 3315 212 3377 domim
232 3316 345 3389 nostri,
375 3316 431 3377 sed
453 3315 548 3375 duces
570 3320 650 3375 sunt.
685 3320 769 3390 patet
790 3313 932 3374 omnibus
953 3311 1075 3372 veritas.

94 3401 233 3461 nondum
253 3407 303 3461 est
322 3408 482 3476 occupata.
512 3398 636 3460 multum
657 3415 697 3459 ex
718 3398 769 3458 illa
790 3396 881 3458 etiarn
902 3396 1010 3456 luturis
1028 3409 1070 3454 re·

89 3482 197 3546 lictum
213 3491 271 3546 est.
307 3485 391 3545 Vale.
