2422 3862
169 218 238 285 Μ
458 216 492 276 L.
513 215 660 276 ΑΝΝΑΕΙ
684 215 860 276 SENECAE

169 372 239 433 mali
254 371 376 443 latebat,
391 369 526 445 emergit
549 384 610 428 non
628 368 701 428 lacit
714 368 844 428 ebrietas
859 367 947 443 vitia,
962 368 1019 428 sed
1035 377 1150 443 protra-

169 457 226 516 hit:
243 464 315 517 tunc
330 452 514 514 libidinosus
528 469 568 513 ne
583 451 756 513 cubiculum
771 451 895 527 quidem
910 459 1080 527 exspectat,
1097 455 1153 513 sed

170 538 387 614 cupiditatibus
402 537 468 598 suis
485 543 632 612 quantum
646 534 813 611 petierunt,
839 533 907 595 sine
921 536 1066 597 dilatione
1085 554 1153 613 per-

167 623 263 684 mittit.
286 631 357 684 tunc
368 621 532 697 inpudicus
545 620 685 682 morbum
697 619 859 681 confitetur
870 635 907 679 ac
922 619 1066 694 publicat.
1081 629 1155 683 tune

168 708 310 782 petulans
331 721 393 766 ηοη
414 706 565 779 linguam,
589 719 651 764 non
672 720 796 766 manum
817 702 960 765 continet.
983 706 1095 764 crescit
1110 706 1154 765 in·

169 790 279 850 solenti
291 788 446 864 superbia,
462 787 627 850 crudelitas
639 802 745 863 saevo,
760 787 932 863 malignitas
942 785 1047 849 livido.
1063 805 1155 850 omne

125 874 275 935 tlvitium
297 874 417 933 laxatur
438 879 468 932 et
488 872 598 947 prodit.
627 869 727 931 Adice
748 872 829 931 illam
850 870 1074 946 ignorationem
1095 873 1152 945 sui,

168 956 263 1018 dubia
276 964 307 1017 et
321 973 427 1032 parum
443 957 606 1032 explanata
621 955 725 1028 verba,
741 953 874 1016 incertos
888 956 1009 1030 oculos,
1025 956 1154 1032 ςτηάωη

169 1047 336 1112 errantem,
352 1041 532 1115 vertiginem
543 1040 670 1115 capitis,
687 1045 769 1099 tecta
781 1039 851 1115 ip'sa
865 1039 989 1099 mobilia
1004 1041 1088 1100 velut
1100 1041 1153 1102 ali·

169 1141 231 1201 quo
253 1125 372 1185 turbine
393 1125 617 1199 circumagente
637 1130 730 1184 totam
758 1124 896 1198 domum,
922 1123 1071 1184 stomachi
1092 1132 1153 1185 tor-

169 1215 282 1281 menta,
299 1223 368 1268 cum
386 1207 560 1268 effervescit
580 1223 696 1268 merum
718 1222 755 1266 ac
769 1205 891 1267 viscera
910 1205 982 1282 ipsa
994 1206 1152 1267 distendit.

169 1298 243 1352 tunc
258 1299 358 1352 tamen
371 1299 535 1368 utcumque
551 1291 709 1353 tolerabile
724 1298 786 1365 est,
810 1291 882 1351 dum
897 1291 940 1351 illi
954 1291 1002 1351 vis
1018 1307 1075 1352 sua
1090 1299 1151 1351 est:

171 1376 259 1449 quid,
286 1391 355 1436 cum
371 1391 480 1436 somno
497 1375 617 1436 vitiatur
632 1383 662 1436 et
682 1390 762 1450 quae
777 1374 908 1435 ebrietas
924 1375 993 1450 luit,
1018 1375 1152 1436 cruditas

125 1460 250 1521 attacta
264 1466 332 1519 esti
353 1459 471 1534 Cogita,
497 1475 576 1535 quas
591 1460 697 1520 clades
718 1457 847 1518 ediderit
867 1458 990 1533 publica
1004 1457 1153 1519 ebrietas=

168 1543 245 1604 haec
275 1545 442 1603 acerrimas
468 1551 575 1617 gentes
599 1543 828 1618 bellicosasque
852 1541 992 1602 hostibus
1020 1542 1153 1603 tradidit.

167 1628 245 1687 haec
267 1628 431 1687 multorum
452 1643 601 1686 annorum
622 1626 769 1702 pertinaci
790 1625 871 1686 bello
887 1627 1017 1687 detensa
1031 1626 1154 1688 moenia

168 1711 320 1786 patefecit.
346 1711 422 1771 haec
443 1709 729 1772 contumacissimos
751 1717 781 1770 et
801 1710 904 1785 iugum
924 1717 1106 1772 recusantes
1123 1711 1153 1769 in

168 1793 300 1855 alienum
315 1795 377 1870 egit
395 1794 561 1856 arbitrium.
585 1793 663 1856 haec
682 1794 814 1855 invictos
834 1794 900 1854 acie
921 1810 1006 1854 mero
1027 1794 1153 1857 domuit.

126 1879 391 1951 abhlexandrum,
413 1878 500 1939 cuius
516 1879 608 1939 modo
625 1877 683 1939 leci
697 1878 896 1952 mentionem,
912 1884 956 1938 tot
970 1879 1092 1952 itinera,
1109 1885 1154 1939 tot

167 1963 292 2038 praelia,
308 1969 352 2024 tot
366 1962 492 2037 hiemes,
509 1978 565 2038 per
581 1979 658 2037 quas
673 1964 754 2023 victa
766 1970 937 2038 temporum
951 1963 1154 2037 locorumque

167 2046 346 2106 dillicultate
364 2047 542 2119 transierat,
561 2053 605 2107 tot
620 2045 746 2108 flumina
760 2062 800 2105 ex
814 2044 919 2120 ignoto
935 2047 1091 2118 cadentia,
1109 2052 1153 2106 tot

167 2129 262 2189 maria
275 2136 371 2189 tutum
388 2129 582 2191 dimiserunt=
596 2128 828 2205 intemperantia
838 2129 961 2190 bibendi
973 2138 1003 2191 et
1015 2131 1065 2191 ille
1076 2130 1152 2190 Her-

125 2213 314 2274 ltculaueus
329 2228 366 2272 ac
381 2214 480 2274 latalis
495 2215 635 2292 scyphus
650 2212 796 2275 condidit.
825 2213 909 2287 Quae
923 2214 1022 2291 gloria
1036 2221 1085 2274 est
1101 2228 1151 2273 ca·

168 2311 242 2371 pere
254 2297 400 2356 multumt
421 2312 489 2357 cum
502 2314 599 2374 penes
610 2307 640 2359 te
654 2300 755 2373 palma
771 2297 860 2358 luerit
875 2305 905 2357 et
918 2298 1152 2374 propinationes

168 2387 237 2440 tuas
252 2381 338 2439 strati
353 2395 462 2440 somno
478 2397 515 2441 ac
529 2382 709 2443 vomitantes
723 2381 942 2453 recusaverint,
958 2398 1028 2441 cum
1044 2397 1152 2456 super-

168 2470 232 2524 stes
248 2465 301 2525 toti
317 2464 459 2524 convivio
473 2465 575 2540 lueris,
590 2482 659 2526 cum
672 2481 779 2526 omnes
791 2466 901 2525 viceris
914 2465 1022 2525 virtute
1034 2466 1152 2540 magni·

126 2547 227 2612 aeica
248 2555 278 2607 et
298 2564 387 2609 nemo
409 2555 470 2608 tam
485 2549 547 2609 vini
564 2565 665 2625 capax
678 2549 781 2611 luerit:
802 2550 935 2609 vinceris
951 2549 1077 2611 adolio.
1109 2548 1150 2607 M.

166 2634 341 2706 Antonium,
359 2649 501 2708 magnum
513 2634 613 2693 virum
624 2640 654 2693 et
666 2632 779 2708 ingenii
792 2632 913 2706 nobilia,
930 2649 1010 2708 quae
1026 2634 1085 2693 alia
1099 2648 1151 2691 res

168 2716 300 2790 perdidit
312 2726 342 2776 et
353 2717 383 2776 iu
397 2724 541 2777 externos
553 2733 655 2778 mores
668 2734 703 2777 ac
719 2718 791 2777 vitia
806 2734 867 2778 non
881 2717 1021 2778 Romana
1035 2716 1153 2778 traiecit

169 2817 260 2875 quam
282 2799 414 2860 ebrietas
443 2816 499 2860 nec
520 2802 619 2862 minor
640 2801 711 2862 vino
733 2801 912 2877 Cleopatrae
937 2807 1043 2862 amori
1073 2800 1152 2860 haec

167 2882 251 2942 illum
265 2899 316 2942 res
331 2883 451 2944 hostem
467 2884 662 2960 reipublicae,
677 2885 754 2945 haec
769 2884 911 2946 hostibus
927 2883 993 2945 suis
1011 2884 1150 2959 inparem

166 2965 308 3026 reddidit.
331 2966 407 3027 liaeo
422 2969 577 3030 crudelem
593 2969 672 3041 lecit,
689 2985 757 3028 cum
772 2969 872 3045 capita
887 2968 1061 3043 principum
1077 2966 1151 3026 civi-

167 3049 237 3109 tatis
253 3052 392 3111 coenanti
406 3054 603 3126 reserrentur,
628 3067 696 3113 oum
714 3053 791 3113 inter
805 3050 1059 3128 adparatissimas
1075 3066 1151 3126 epu-

166 3133 214 3193 las
229 3134 384 3209 luxusque
398 3137 519 3210 regales
535 3154 590 3198 ora
610 3152 647 3196 ac
668 3153 776 3197 manus
799 3137 1043 3212 proscriptorum
1061 3149 1149 3194 reco-

167 3225 338 3292 gnosceret,
354 3235 421 3278 cum
438 3222 509 3281 vino
524 3219 628 3294 gravis
640 3220 737 3281 sitiret
747 3227 848 3281 tamen
860 3218 1050 3295 sanguinem.
1067 3220 1149 3279 Into-

167 3300 291 3360 lerabile
301 3309 372 3375 erat,
386 3303 470 3377 quod
481 3305 585 3365 ebrius
600 3304 701 3377 tiebat,
717 3320 785 3365 cum
796 3305 874 3365 haec
886 3305 1016 3365 laceret:
1032 3309 1149 3378 quanto

116 3384 393 3459 saintolerabilius,
409 3388 493 3462 quod
509 3388 585 3448 haec
600 3388 628 3447 in
644 3387 714 3463 ipsa
729 3388 873 3449 ebrietate
888 3387 1040 3449 iaciebat?
1071 3386 1150 3446 Fere

149 3464 352 3529 atholenliam
372 3472 544 3536 crudelitas
566 3472 718 3552 sequitur.
737 3473 864 3534 violatur
884 3472 965 3532 euim
978 3485 1145 3545 exaspera-
