2422 3862
210 241 390 316 ,lietswm
403 239 498 301 molt.
519 239 592 304 LlB.
610 240 689 301 XlV.
712 239 769 300 ΕΡ.
784 249 842 316 1.(
877 245 899 314 .)
990 241 1054 306 269

63 393 218 468 sanguine
232 407 340 452 manus
357 391 460 451 odium
476 406 565 450 omne
581 390 611 450 in
627 392 708 451 ieras
721 400 883 453 verterant.
905 393 957 467 illi,
974 410 1055 469 quos

63 477 193 554 aliquod
208 492 316 537 nemus
332 475 462 536 densum
484 492 503 534 a
523 477 589 535 sole
611 481 802 550 protexerat,
829 477 880 552 qui
902 477 1054 539 adversus

64 562 227 624 saevitiam
240 558 349 620 hiemis
364 566 417 620 aut
431 557 536 619 imbris
551 559 604 618 vili
617 561 813 635 receptaculo
828 561 883 620 tuti
899 561 957 621 sub
972 563 1054 622 iron-

63 647 104 706 dc
130 644 290 718 vivebant,
311 643 448 718 placidas
468 643 677 717 transigebant
698 642 765 703 sine
781 645 916 719 suspirio
931 653 1054 706 noctes:

64 729 240 792 sollicitudo
256 744 315 789 nos
329 729 358 787 in
375 733 480 788 nostra
501 743 638 802 purpura
653 734 756 788 versat
775 734 805 788 et
823 729 979 790 acerrimis
1001 746 1055 790 ex·

64 815 137 876 citat
158 813 304 875 stimulis:
330 820 361 872 al
381 828 474 886 quam
493 811 615 870 mollem
638 828 778 871 somnum
800 811 859 872 illis
873 813 951 873 dura
967 815 1055 874 tellus

64 898 172 958 dabat!
204 896 270 957 Non
285 895 494 970 inpendebant
508 896 624 955 caelata
635 897 807 970 laquearia,
829 897 885 956 sed
900 897 931 956 in
946 905 1098 973 apertotl

62 983 200 1042 iacentes
222 980 326 1040 sidera
348 979 622 1054 superlabebantur
647 986 678 1038 et
702 980 823 1054 insigne
846 983 1054 1055 spectaculum

63 1066 208 1126 noctium.
252 1064 385 1124 mundus
411 1062 442 1122 in
468 1079 620 1138 praeceps
642 1064 790 1137 agebatur
805 1064 925 1125 silentio
940 1072 1056 1126 tantum

64 1165 145 1225 opus
163 1150 291 1209 ducens.
317 1155 378 1207 tam
392 1148 524 1206 interdiu
538 1148 596 1207 illis
614 1163 704 1222 quam
717 1154 810 1208 nocte
825 1149 970 1224 patebant
984 1166 1054 1224 pro·

63 1239 192 1309 spectus
209 1232 301 1293 huius
319 1231 539 1307 pulcherrimae
554 1233 674 1291 domus.
707 1232 821 1292 libebat
841 1232 951 1293 intueri
966 1234 1056 1308 signa

63 1334 102 1377 cx
118 1318 219 1377 media
237 1317 315 1376 coeli
331 1324 417 1390 parte
431 1316 596 1390 vergentia,
609 1332 716 1376 rursus
729 1332 768 1375 cx
781 1317 901 1377 occulto
917 1317 977 1378 alia
988 1335 1055 1378 sur-

63 1401 175 1477 gentia.
214 1400 325 1474 Quidni
339 1401 458 1459 iuvaret
471 1400 575 1474 vagari
591 1399 668 1459 intor
688 1407 749 1460 tam
765 1399 824 1460 late
839 1416 951 1475 sparsa
966 1403 1097 1467 mira-4³

63 1486 156 1545 culat
183 1491 214 1545 at
234 1501 291 1544 vos
314 1485 353 1543 ad
375 1487 496 1544 omnem
510 1491 657 1544 tectorum
673 1484 792 1558 pavetis
808 1500 918 1544 sonum
934 1494 964 1546 et
977 1486 1055 1544 inter

63 1570 200 1645 picturas
217 1575 352 1642 vestras,
375 1568 401 1627 si
418 1569 490 1644 quid
506 1568 671 1642 increpuit,
687 1567 791 1642 lugitis
806 1568 942 1629 adtoniti.
986 1568 1053 1628 Non

63 1653 218 1713 habebant
241 1654 351 1713 denras
366 1651 471 1712 ‘instar
490 1651 617 1712 urbium.
662 1651 788 1727 spiritus
815 1667 852 1711 ac
877 1651 954 1711 liber
978 1651 1055 1713 inter

64 1744 169 1812 aperta
184 1736 332 1811 perflatus
348 1745 378 1796 et
390 1736 467 1796 levis
482 1735 589 1796 umbra
609 1735 696 1810 rupis
711 1743 763 1796 aut
774 1736 893 1796 arboris
908 1742 939 1795 et
952 1739 1053 1811 perlu-

63 1821 125 1881 cidi
140 1822 241 1880 lontes
256 1819 374 1894 rivique
390 1837 450 1881 non
473 1835 567 1895 opere
584 1834 640 1878 nec
661 1820 764 1879 fistula
784 1836 842 1879 nec
862 1820 924 1880 ullo
945 1827 1052 1881 coacto

64 1904 172 1964 itinere
198 1904 393 1975 obsolefacti,
425 1905 481 1965 sed
509 1911 620 1978 sponte
646 1910 802 1965 currentes
828 1912 857 1964 ct
879 1912 965 1978 prata
987 1904 1054 1964 sinc

63 1995 130 2048 arte
145 1989 296 2062 formosa,
319 1988 397 2049 inter
411 1988 488 2047 haec
508 1993 630 2062 agreste
646 1986 832 2048 domicilium
846 1987 962 2049 rustica
977 1989 1053 2064 poli·

62 2085 126 2132 tum
142 2088 249 2132 manu:
275 2073 352 2132 hacc
369 2080 434 2132 erat
449 2072 618 2132 secundum
634 2077 771 2132 naturam
790 2073 916 2145 domus,
939 2073 968 2132 in
992 2090 1055 2148 qua

62 2155 178 2217 libebat
191 2157 328 2217 habitare
344 2171 400 2215 neo
416 2156 515 2231 ipsam
528 2172 585 2216 nec
608 2173 664 2230 pro
686 2157 756 2231 ipsa
774 2157 944 2217 timentemz
971 2173 1053 2219 nunc

63 2256 175 2315 magna
201 2257 274 2315 pars
299 2241 395 2301 nostri
421 2248 519 2301 metus
545 2247 625 2300 tecta
652 2248 731 2302 sunt.
775 2240 850 2301 Sed
877 2243 1096 2317 quamvisto

63 2326 224 2399 egregia
247 2323 429 2385 illisvita
445 2325 565 2385 luerit
586 2332 623 2384 et
645 2340 780 2385 carens
805 2326 959 2400 fraude,
978 2342 1052 2386 non

63 2408 174 2468 luere
198 2410 420 2482 sapientes,
455 2408 579 2482 quando
604 2408 664 2469 lroc
683 2408 742 2468 iam
761 2408 791 2468 in
807 2424 902 2484 opere
920 2412 1052 2469 maximo

62 2507 176 2552 nomen
194 2500 251 2552 est.
290 2508 352 2552 non
372 2498 472 2552 tamen
493 2493 668 2567 negaverim
690 2493 786 2552 luisse
800 2492 852 2553 alti
868 2491 993 2566 spiritus
1009 2492 1052 2551 vi-

61 2592 117 2637 ros
132 2582 176 2650 et,
192 2584 224 2636 ut
238 2577 278 2636 ita
293 2576 407 2649 dicam,
429 2576 508 2635 adis
523 2583 672 2636 recentes.
712 2591 814 2649 neque
831 2574 911 2634 enim
927 2574 1053 2636 dubium

64 2666 118 2732 est,
136 2659 210 2734 quin
225 2660 357 2720 meliora
365 2660 497 2719 mundus
512 2659 647 2719 nondum
662 2658 772 2718 effetus
787 2658 924 2717 ediderit.
948 2675 1052 2734 quem·

63 2743 230 2804 admodum
248 2753 349 2805 autem
365 2743 506 2803 omnibus
528 2743 647 2803 indoles
669 2741 776 2802 sortior
790 2742 846 2802 luit
864 2748 894 2801 et
911 2743 951 2803 ad
968 2744 1056 2805 labo-

62 2843 113 2887 res
133 2828 284 2903 paratior,
306 2829 346 2888 ila
361 2844 421 2888 non
438 2836 523 2888 eraut
537 2828 659 2902 ingenia
676 2827 816 2887 omnibus
833 2835 1053 2888 consummata.

61 2928 123 2971 non
140 2913 221 2972 enim
236 2913 289 2972 dat
307 2918 415 2973 natura
432 2911 587 2973 virtutem=
616 2928 667 2971 ars
689 2919 737 2971 est
756 2912 870 2972 bonum
888 2911 964 2972 fieri.
1008 2912 1096 2973 illito

63 2995 186 3070 quidem
204 3014 265 3058 non
283 3013 388 3058 aurum
411 3011 469 3056 nec
490 3002 645 3070 argentum
667 3010 723 3056 neo
741 2995 916 3071 perlucidos
934 2996 1053 3073 lapides

63 3081 117 3158 [in]
134 3081 195 3140 ima
208 3088 356 3141 terrarum
381 3082 467 3140 faece
490 3079 678 3155 quaerebant
705 3081 932 3156 parcebantque
953 3080 1053 3141 adhuc

61 3164 154 3225 ctiam
169 3167 260 3226 mutis
275 3165 472 3225 animalibus:
497 3172 611 3225 tantum
627 3165 731 3224 aberat
745 3172 779 3225 ut
792 3164 884 3224 homo
899 3163 1054 3224 hominem

62 3265 124 3309 non
148 3250 259 3323 iratus,
285 3266 347 3311 non
370 3249 495 3323 timens,
526 3255 642 3309 tantum
670 3255 864 3324 spectaturus
888 3249 1062 3311 occideret.-

60 3333 204 3394 Nondum
221 3334 316 3394 vestis
331 3332 390 3394 illis
406 3340 472 3394 erat
485 3332 580 3408 picta,
593 3334 738 3415 ‚nondum
754 3333 916 3394 texebatur
930 3349 1053 3394 aurum=

62 3419 164 3478 adhuc
180 3435 237 3478 neo
250 3419 422 3479 cruebatur.
455 3418 533 3492 Quid
548 3424 644 3494 ergo?
665 3416 837 3492 ignorantia
850 3433 950 3477 rerum
965 3417 1052 3476 inno·
1062 3423 1096 3483 lo

63 3511 169 3563 centes
192 3509 288 3563 erant.
334 3495 457 3565 muitum
478 3511 578 3566 autom
594 3502 720 3563 interest
739 3506 839 3560 utrum
854 3514 985 3576 peccare
999 3499 1051 3585 ali·
