2422 3862
156 235 221 300 340
443 235 477 295 L.
497 235 645 296 ANNAEl
664 233 839 296 SENECAE

158 387 234 449 satis
257 383 367 446 virium
390 393 446 445 est
482 384 571 446 adice
590 402 685 459 nunc,
709 385 1138 461 quodquitimctur‚tin1et.

126 484 247 536 onemo
263 469 515 544 potuitterribilis
530 485 603 530 esse
617 485 736 529 secure.
765 468 1014 543 Contemptus
1030 486 1138 546 super·

125 627 128 633 ⁸
159 562 220 628 est,
245 554 333 613 cuius
352 553 476 613 modurn
493 553 524 611 in
542 569 599 613 sua
612 559 764 628 potestate
777 553 883 626 habet,
907 552 959 626 qui
979 552 1064 613 illum
1079 554 1138 616 sibi

159 637 311 710 adiunxit,
333 636 385 710 qui
402 635 619 710 contemnitur,
641 637 712 711 quia
726 637 836 710 voluit,
857 652 920 696 non
935 635 1008 711 quia
1022 637 1136 699 debuit.

158 721 249 783 huius
269 719 496 780 incommodum
511 727 541 780 et
555 728 635 781 artes
651 720 752 781 bonae
765 719 931 780 discutiunt
945 727 975 781 et
988 722 1139 784 amicitiae

158 820 277 879 eorum,
299 805 351 878 qui
373 803 456 879 apud
478 804 611 879 aliquem
632 810 786 879 potentem
806 811 947 878 potentes
966 812 1051 880 sunt,
1072 809 1138 881 qui·

157 889 217 950 bus
230 888 377 963 adplicari
390 887 548 962 expediet,
565 904 626 949 non
639 886 792 963 inplicari,
810 904 850 946 ne
860 886 958 962 pluris
969 890 1138 952 remedium

125 981 249 1048 aquam
266 972 435 1046 periculum
452 979 579 1032 constet.
602 971 702 1031 Nihil
721 978 841 1031 tamen
857 986 981 1046 aeque
995 973 1137 1048 prode·

156 1055 208 1117 rit
228 1072 336 1131 quam
359 1054 568 1130 quiescere
586 1064 622 1116 et
642 1055 833 1114 minimum
859 1070 940 1114 cum
965 1058 1056 1118 aliis
1082 1060 1137 1120 lo·

158 1140 237 1214 qui,
260 1139 420 1215 plurimum
443 1154 557 1199 secum.
582 1139 639 1199 Est
659 1139 810 1213 quaedam
830 1138 962 1200 dulcedo
977 1142 1139 1216 sermonis,

136 1285 137 1288 ,
158 1238 237 1298 quae
261 1222 372 1296 inrepit
391 1229 422 1281 et
432 1221 585 1283 blanditur
602 1231 633 1282 et
649 1239 709 1284 non
727 1223 813 1282 aliter
828 1239 918 1297 quam
937 1224 1069 1284 ebrietas
1086 1234 1139 1286 aut

157 1321 244 1366 amor
268 1311 387 1365 secreta
412 1306 562 1379 producit.
602 1321 706 1377 nemo,
736 1306 820 1380 quod
846 1305 989 1380 audierit,
1016 1309 1138 1370 tacebit.

157 1405 263 1460 nemo,
281 1395 425 1464 quantum
440 1388 581 1460 audierit,
603 1390 752 1463 loquetur.
781 1390 832 1464 qui
846 1404 909 1448 rem
925 1406 985 1450 non
1000 1395 1137 1468 tacuerit,

157 1488 218 1534 non
240 1472 350 1533 tacebit
369 1479 536 1533 auctorem.
570 1472 663 1532 habet
681 1472 896 1549 unusquisque
916 1475 1065 1550 aliquem,
1089 1479 1138 1537 cui

157 1565 272 1618 tantum
294 1557 411 1631 credat,
434 1564 578 1631 quantum
600 1555 661 1631 ipsi
682 1557 828 1617 creditum
849 1563 907 1616 est.
935 1565 968 1618 ut
981 1559 1138 1632 garrulita-

157 1649 217 1702 tem
233 1656 321 1700 suam
339 1641 491 1700 custodiat
504 1649 533 1701 et
547 1647 708 1701 contentus
723 1641 763 1701 sit
778 1640 870 1701 unius
883 1642 1021 1716 auribus,
1037 1659 1136 1718 popu·

158 1727 219 1785 lum
241 1725 345 1784 saciet:
381 1726 426 1784 sic
448 1724 643 1799 quodmodo
669 1732 820 1785 secretum
845 1730 923 1799 erat,
953 1741 1055 1786 rumor
1078 1735 1137 1787 est.

125 1808 396 1870 ⁷Securitatis
419 1823 553 1883 magna
576 1809 706 1883 portio
732 1807 912 1869 estnihil
936 1810 1057 1885 iniqui
1080 1813 1137 1872 la·

158 1908 260 1952 cere:
287 1893 447 1953 conlusam
467 1893 559 1952 vitam
574 1901 604 1953 et
621 1893 824 1967 perturbatam
842 1893 1015 1966 inpotentes
1032 1903 1136 1969 agunt.

157 1983 272 2037 tantum
292 1983 443 2049 metuunt,
466 1984 612 2052 quantum
632 1983 743 2036 nocent
762 1992 819 2036 nec
841 1977 903 2037 ullo
925 1984 1062 2052 tempore
1084 1996 1137 2039 va-

157 2069 236 2122 cant.
259 2058 411 2135 trepidant
426 2062 520 2128 enim,
538 2077 606 2121 cum
624 2061 768 2121 iecerunt.
791 2060 932 2120 haerent:
949 2062 1138 2123 conscientia

156 2144 238 2203 aliud
258 2158 350 2218 agere
371 2160 433 2204 non
454 2145 566 2220 patitur
580 2161 617 2204 ac
632 2145 762 2205 subinde
776 2145 966 2218 respondere
980 2145 1020 2204 ad
1035 2162 1071 2206 sc
1086 2163 1138 2209 co·

156 2226 206 2300 git.
231 2227 282 2286 dat
303 2243 421 2306 poenas
443 2228 584 2302 quisquis
605 2235 779 2304 exspectat:
803 2228 944 2303 quisquis
960 2235 1059 2290 autem
1075 2247 1138 2290 me-

124 2311 228 2384 8ruit,
256 2318 425 2385 exspectat.
457 2313 564 2371 Tutum
593 2312 695 2387 aliqua
720 2328 771 2372 res
797 2311 827 2370 in
848 2313 928 2379 mala
948 2313 1139 2375 conscientia

155 2401 306 2469 praestat,
330 2396 411 2454 nulla
425 2411 577 2456 securum:
606 2403 691 2470 putat
705 2397 783 2455 enim
801 2411 850 2469 se,
871 2395 1066 2458 etiamsinon
1084 2399 1136 2459 dc·

154 2480 327 2553 prenditur,
350 2494 444 2554 posse
464 2479 622 2555 deprendi.
644 2488 674 2540 et
693 2481 771 2542 inter
787 2494 912 2540 somnos
936 2489 1076 2543 movetur
1099 2490 1137 2557 et,

156 2565 299 2637 quotiens
320 2564 448 2625 alicuius
472 2566 575 2625 scelus
599 2563 749 2640 loquitur,
775 2564 814 2623 de
836 2580 893 2624 suo
912 2565 1039 2639 cogitat:
1076 2583 1137 2628 non

155 2649 230 2708 satis
243 2649 284 2708 illi
298 2647 487 2709 obliteratum
502 2648 631 2723 videtur,
646 2664 708 2708 non
723 2648 798 2708 satis
812 2654 933 2708 tectum.
949 2649 1073 2712 Nocens
1084 2651 1132 2712 ha-

153 2730 389 2807 bultaliquando
397 2732 509 2793 latendi
522 2734 688 2807 fortunam,
701 2747 865 2806 numquam
876 2732 1029 2794 fiduciam.
1046 2736 1134 2795 Vale.

443 2868 658 2926 EPISTULA
679 2871 726 2926 lll.
749 2873 837 2941 (106.)

409 2961 520 3015 Saurea
537 2967 650 3017 Lucum
671 2977 723 3017 suo
740 2979 880 3020 susurru.

120 3079 137 3134 1
215 3064 344 3125 Tardius
367 3067 503 3129 rescribo
527 3069 566 3130 ad
587 3071 734 3145 epistulas
756 3078 839 3145 tuas,
862 3087 922 3130 non
949 3070 1022 3146 quia
1037 3070 1139 3131 distri-

154 3157 222 3210 ctus
244 3151 500 3224 occupationibus
526 3169 613 3213 sum:
639 3187 677 3200 -
706 3153 785 3213 lianc
808 3153 1039 3216 excusationem
1061 3170 1137 3215 cave

152 3234 276 3294 audias:
304 3251 383 3296 vaco
398 3243 428 3296 et
442 3252 549 3297 omnes
563 3245 688 3311 vacant,
708 3238 759 3313 qui
776 3240 889 3298 volunt.
918 3238 1070 3298 neminem
1086 3253 1137 3298 res

152 3325 330 3393 sequuntur.
353 3320 413 3395 ipsi
430 3320 498 3382 illas
512 3322 725 3396 amplexantur
736 3328 766 3382 et
780 3330 991 3397 argumentum
1006 3323 1108 3383 essai
1126 3354 1137 3363 ·

150 3400 272 3463 licitatis
293 3401 528 3478 occupationem
550 3411 673 3480 putant=
689 3440 733 3453 -
754 3406 828 3480 quid
852 3421 925 3481 ergo
947 3407 1017 3481 luit,
1043 3421 1139 3480 quare

119 3491 212 3546 anon
222 3485 369 3562 protinus
391 3487 593 3549 rescriberem
612 3489 656 3565 ei,
680 3489 795 3564 dequo
811 3490 1005 3564 quaerebas?
1031 3491 1138 3550 venie·
