2392 3870
128 216 169 278 40
416 214 449 273 L.
471 213 617 273 ANNAEI
641 213 816 275 SENECAE

87 369 263 440 11duxisse,
282 369 366 443 quod
383 368 502 443 eripere
516 367 598 427 nulla
613 367 752 428 fortunae
767 365 912 442 iniquitas
924 369 1034 443 possit.
1058 368 1102 428 Li·

126 451 306 527 ber[al]iora
323 451 466 512 alimenta
487 460 557 512 sunt
577 453 724 512 carceris:
748 453 904 527 sepositos
920 453 959 511 ad
977 453 1106 528 capitale

128 537 311 613 supplicium
327 553 388 598 non
406 544 468 597 tam
483 543 626 612 anguste,
654 535 706 633 qul
727 535 887 597 occisurus
909 543 970 610 est,
991 538 1105 611 pascit:

129 630 243 698 quanta
259 629 306 681 cst
317 620 408 681 animi
419 621 596 695 magnitudo
611 621 650 680 ad
665 621 696 679 rd
709 637 766 681 sua
779 627 889 695 sponte
904 621 1105 695 descendere,

129 707 214 782 quod
233 723 272 766 ne
288 706 327 765 ad
343 713 479 766 extrema
495 705 617 780 quidem
639 704 771 764 decretis
790 705 955 765 timendum
971 705 1024 764 sit!
1047 705 1107 766 hoc

87 799 120 854 12
128 797 175 851 est
192 805 422 867 praeoccupare
437 792 497 850 tela
511 789 659 849 fortunae.
695 790 799 863 Incipe
826 805 914 864 ergo,
940 789 980 848 ml
1001 788 1107 863 Lucili,

129 875 217 950 sequi
231 874 339 934 horunr
356 872 608 934 consuetudinem
624 881 655 934 et
670 873 791 948 aliquos
807 874 873 934 dics
890 871 1024 948 destina,
1041 873 1105 949 qui·

128 959 186 1018 bus
204 958 333 1018 secedas
350 973 368 1016 a
384 957 444 1017 tuis
460 958 552 1018 rebus
564 957 750 1032 minimoque
761 965 791 1018 te
803 959 899 1018 facias
913 957 1107 1017 familiarema

129 1043 230 1116 incipe
245 1057 312 1100 curn
327 1048 507 1116 paupertate
521 1040 635 1101 habere
650 1043 880 1102 commercium:

192 1125 290 1199 Aede,
307 1127 424 1200 hospes,
439 1134 623 1186 contemnere
635 1143 705 1202 opes
718 1131 748 1186 et
762 1133 789 1186 te
803 1142 917 1202 quoque
931 1127 1071 1202 aarum.

188 1213 269 1284 finge
283 1211 345 1270 deo.

90 1293 225 1357 13Nem0
248 1292 326 1352 alius
350 1298 398 1351 est
421 1292 479 1352 deo
504 1292 614 1367 dignus
637 1309 729 1368 quarn
751 1292 803 1367 qui
819 1308 896 1368 opes
912 1294 1107 1369 contempsit.

131 1393 259 1452 quarum
283 1375 516 1452 possessionem
543 1377 596 1436 tibi
623 1393 683 1438 non
710 1377 873 1451 interdico,
899 1379 955 1438 sed
981 1378 1107 1439 efficere

95 1467 100 1472 “
129 1463 216 1535 volo,
234 1469 266 1522 ut
279 1463 346 1521 illas
362 1461 512 1536 intrepide
528 1460 708 1536 possideas=
727 1462 811 1536 quod
826 1478 887 1521 uno
903 1462 1113 1538 consequeris

128 1547 236 1620 modo,
260 1547 337 1606 site
360 1545 450 1606 etiam
471 1546 538 1605 sine
560 1544 620 1606 illis
642 1546 731 1605 beate
748 1546 897 1606 victurum
913 1547 1107 1621 persuaseris

128 1630 196 1703 tibi,
214 1632 238 1690 si
255 1631 323 1691 illas
339 1636 494 1705 tamquam
512 1630 646 1690 exituras
662 1646 784 1704 semper
800 1621 993 1704 adspexeris.

87 1760 122 1812 14
192 1755 253 1816 Sed
270 1757 330 1816 iarn
344 1757 524 1832 incipiamus
540 1755 702 1832 epistulam
717 1757 902 1832 complicare.
925 1755 1047 1831 „Prius,
1064 1759 1107 1817 in-

129 1842 207 1916 quis,
220 1842 316 1901 redde
329 1842 413 1917 quod
426 1840 552 1901 debes.“
564 1841 719 1916 Delegabo
732 1848 761 1901 te
773 1841 993 1916 adEpicurum.
1007 1842 1107 1902 abillo

129 1925 181 1984 fiet
199 1926 382 1987 numeratio=
415 1926 639 1998 „Inmodica
662 1925 718 1985 ira
741 1924 866 2001 gignit
884 1925 1108 1986 insaniam.“

128 2007 195 2069 Hoc
211 2026 423 2083 quamverum
440 2011 493 2083 sit,
510 2025 640 2070 necesse
656 2019 703 2070 est
718 2010 817 2082 scias,
834 2025 902 2069 curn
917 2009 1063 2070 habueris
1079 2018 1109 2070 et

87 2095 252 2151 laservum
266 2101 296 2152 et
314 2093 476 2153 inimicum.
503 2095 537 2152 ln
561 2109 667 2153 ornnes
689 2110 841 2167 personas
862 2093 912 2153 hic
933 2095 1109 2154 exardescit

130 2175 279 2235 adlectus.
301 2183 362 2235 tam
378 2192 417 2236 ex
432 2192 536 2236 amore
551 2177 687 2237 nascitur
703 2193 793 2250 quarn
809 2194 847 2237 ex
864 2177 951 2250 odio,
975 2195 1037 2238 non
1052 2179 1106 2238 mi·

129 2274 187 2318 nus
208 2258 286 2318 inter
307 2261 388 2319 seria
411 2276 502 2335 quam
523 2261 600 2320 inter
621 2261 709 2320 lusus
731 2267 760 2321 et
774 2262 871 2323 locos.
900 2278 957 2322 nec
972 2261 1108 2338 interest,

129 2359 168 2402 ex
184 2358 275 2419 quarn
289 2359 400 2418 magna
415 2359 508 2403 causa
524 2351 682 2419 nascatur,
699 2345 754 2404 sed
771 2345 801 2405 in
814 2347 934 2422 qualern
948 2348 1109 2422 perveniat

129 2428 271 2488 animum.
305 2426 356 2487 Sic
376 2427 455 2502 ignis
478 2444 540 2489 non
564 2430 658 2488 relert
678 2445 769 2504 quarn
789 2447 934 2506 magnas,
961 2432 1018 2492 sed
1045 2446 1106 2508 quo

128 2511 251 2574 incidat.
270 2529 339 2572 nam
355 2513 443 2572 etiam
458 2511 622 2573 maximum
640 2513 741 2574 solida
756 2532 818 2576 non
832 2522 1025 2590 receperunt.
1041 2532 1105 2576 rur·

129 2612 183 2657 sus
206 2597 291 2657 arida
308 2603 337 2656 et
358 2597 470 2672 corripi
492 2597 593 2658 facilia
614 2597 773 2658 scintillam
795 2615 919 2675 quoque
935 2600 1040 2660 fovent
1055 2617 1107 2660 us·

130 2697 190 2755 que
205 2680 434 2743 inincendium.
467 2681 512 2742 lta
526 2688 586 2756 est,
603 2682 644 2742 mi
659 2681 769 2758 Lucili,
784 2683 913 2758 ingentis
928 2685 991 2745 irae
1006 2686 1107 2746 exitus

129 2764 214 2824 luror
229 2773 288 2840 est,
306 2773 335 2826 et
349 2766 419 2827 ideo
435 2766 479 2825 ira
492 2766 615 2828 vitanda
629 2775 676 2829 est
691 2783 752 2828 non
766 2769 985 2845 moderationis
1002 2785 1106 2842 causa,

130 2849 187 2909 sed
201 2849 348 2910 sanitatis.
372 2850 459 2909 Vale.

410 3013 626 3071 EPISTULA
646 3015 706 3072 Vll.
733 3016 804 3087 (19.)

381 3109 491 3162 Saurea
507 3111 618 3163 Luernro
639 3125 690 3164 suo
710 3125 848 3166 saturnu.

101 3239 118 3294 1
188 3230 331 3301 Exsulta,
350 3233 491 3305 quotiens
504 3233 651 3306 epistulas
663 3240 731 3293 tuas
747 3236 875 3309 accipio.
898 3235 1014 3311 inplent
1028 3235 1107 3294 enim

130 3329 179 3373 mc
198 3313 280 3375 bona
295 3330 351 3390 spe
363 3322 393 3375 et
406 3317 466 3375 ianr
482 3333 543 3376 non
558 3317 736 3391 promittunt
750 3319 789 3378 de
804 3325 847 3392 te,
873 3319 929 3378 sed
944 3319 1107 3393 spondent.

128 3399 172 3458 ita
198 3399 261 3470 lac,
288 3414 342 3459 oro
368 3407 459 3474 atque
480 3401 621 3461 obsecro.
654 3403 743 3476 (quid
765 3403 844 3462 enim
866 3402 965 3463 habeo
986 3403 1106 3476 mellus,

132 3483 213 3559 quod
245 3483 373 3544 amicum
398 3499 518 3559 rogem,
542 3501 633 3560 quam
662 3472 745 3561 quod
773 3504 828 3562 pro
851 3486 920 3561 ipso
942 3495 1106 3562 rogaturus
