2422 3862
160 222 225 287 380
451 220 485 280 L.
505 219 654 281 ANNAEI
674 217 849 281 SENECAE

161 376 213 437 iiio
232 390 308 437 auro
330 374 422 436 foeda
442 373 525 448 ligna
546 374 673 435 latitare.
701 386 758 433 neo
778 379 893 433 tantum
909 370 1076 448 parietibus
1091 380 1141 434 aut

162 459 356 521 lacunaribus
384 464 596 519 ornamentum
630 463 721 517 tenue
749 457 972 531 praetenditur=
1009 457 1142 518 omnium

162 545 300 618 istorum,
317 559 397 619 quos
411 542 556 604 incedere
568 543 647 602 altos
660 541 756 615 vides,
770 540 925 602 bracteata
939 541 1067 601 felicitas
1080 549 1142 602 esta

164 628 296 704 inspice,
327 636 358 688 et
383 627 480 700 scies,
514 626 572 686 sub
597 626 656 685 ista
680 624 763 685 tenni
786 625 963 685 membrana
987 624 1142 701 dignitatis

121 717 310 789 loquantum
324 710 394 771 maii
410 710 516 770 iaceat.
560 708 731 784 Haecip'sa
743 725 810 782 res,
833 724 912 785 qnae
927 716 971 769 tot
985 710 1142 784 magistra·

162 804 227 870 tus,
253 803 296 857 tot
316 795 433 855 iudices
452 793 580 867 detinet,
610 800 741 868 quae-et
759 793 953 867 magistratus
975 802 1005 854 et
1026 793 1143 854 iudices

162 880 243 952 iacit,
258 877 398 954 pecunia,
414 893 453 937 ex
468 895 530 952 quo
545 879 575 936 in
590 877 708 938 honore
721 892 793 937 esse
807 877 919 952 coepit,
933 893 1025 951 verus
1041 894 1143 938 rerum

161 964 262 1024 honor
290 961 416 1037 cecidit,
440 969 690 1035 mercatoresque
714 967 745 1020 et
768 963 893 1022 venales
918 961 1051 1022 invicem
1074 963 1144 1023 iacti

164 1046 340 1124 quaerimus
356 1061 417 1105 nou
432 1047 523 1121 quale
538 1046 579 1106 sit
593 1044 739 1121 quidque,
759 1047 816 1105 sed
831 1045 950 1121 quanti:
973 1046 1013 1105 ad
1027 1062 1144 1108 meroe·

163 1132 233 1191 dem
251 1129 293 1205 pii
308 1145 429 1202 sumus,
450 1129 489 1189 ad
505 1129 678 1190 mercedem
692 1128 781 1205 inpii,
796 1137 828 1190 et
841 1131 980 1201 honesta,
999 1131 1145 1205 quamdiu

164 1215 267 1290 aliqua
281 1213 339 1273 ibis
356 1229 429 1288 spes
444 1215 532 1285 inest,
549 1213 714 1289 sequimur,
733 1212 763 1272 in
780 1215 964 1276 eontrarium
980 1217 1143 1286 transituri,

122 1299 190 1359 llsi
218 1300 287 1375 pius
314 1298 434 1359 seelera
458 1298 642 1372 promittent.
695 1298 1002 1358 Admirationem
1029 1300 1143 1363 nobis

165 1388 349 1458 parentes
371 1380 456 1442 auri
476 1382 710 1457 argentique
731 1381 958 1443 ieceruntet
971 1382 1085 1444 teneris
1100 1384 1143 1443 in-

164 1468 232 1529 iusa
256 1466 407 1541 cupiditas
432 1466 521 1525 altius
542 1465 622 1526 sedit
649 1465 805 1540 crevitque
829 1467 1000 1528 nobiscum.
1033 1468 1145 1527 deindo

164 1557 268 1612 totus
295 1551 464 1625 populns
490 1549 520 1608 in
542 1551 601 1609 aiia
621 1550 741 1610 discors
762 1550 792 1609 in
813 1551 872 1611 hoc
899 1549 1052 1610 convenit.
1085 1551 1143 1613 hoc

165 1635 350 1710 suspiciunt,
370 1634 429 1695 hoo
453 1635 517 1694 suis
534 1641 655 1708 optant,
679 1632 738 1694 hoc
760 1635 808 1694 dis
828 1636 910 1696 velut
923 1651 1024 1695 rernm
1038 1634 1144 1695 huma·

165 1734 271 1779 narum
292 1718 471 1791 maximum,
498 1733 566 1778 cum
588 1716 666 1792 grati
687 1718 784 1777 videri
804 1720 924 1792 volunt,
951 1727 1144 1780 consecrant.

165 1801 299 1878 denique
321 1818 358 1862 eo
380 1819 481 1863 mores
503 1801 618 1861 redacti
641 1808 726 1875 sunt,
748 1810 781 1862 ut
801 1812 965 1878 paupertas
983 1802 1146 1863 maledicto

166 1887 343 1961 probroque
363 1888 416 1959 sit,
444 1892 618 1961 contempta
639 1885 799 1960 divitibus,
826 1888 924 1948 invisa
946 1886 1144 1962 pauperibus.

124 1975 157 2028 12
165 1972 326 2031 Accedunt
340 1971 452 2030 deinde
467 1971 638 2030 carmina
653 1979 863 2046 poetarum,
879 1987 958 2047 quae
972 1971 1145 2032 adfectibus

164 2055 278 2115 nostris
296 2056 393 2114 iaoem
409 2054 551 2127 subdant,
568 2054 679 2129 quibus
694 2053 818 2114 divitiae
833 2056 915 2116 velut
928 2055 1051 2115 unicum
1068 2055 1146 2115 vitae

165 2138 261 2197 decus
284 2146 555 2214 ornamentumque
576 2138 746 2198 laudantur.
779 2138 852 2197 nihii
876 2139 934 2199 iliis
956 2140 1064 2202 meiius
1090 2153 1146 2198 nec

165 2220 239 2280 dare
258 2221 399 2281 videntur
413 2222 443 2280 di
459 2222 636 2282 inmortales
651 2237 746 2297 posse
760 2238 817 2282 neo
832 2222 955 2283 habere.

122 2306 157 2362 13
289 2305 386 2378 Repu
400 2305 477 2365 Solis
492 2312 560 2366 erat
572 2307 742 2367 sublimibus
755 2310 816 2367 utta
830 2311 972 2368 columnis

290 2391 377 2450 clara
391 2392 517 2450 micante
530 2407 606 2451 auro

164 2472 303 2533 eiusdem
319 2488 440 2533 currum
456 2474 599 2548 adspice:

248 2574 359 2618 aureus
370 2561 439 2617 aeis
452 2565 525 2631 erut,
543 2566 617 2619 temo
631 2574 749 2630 oureus,
768 2575 863 2620 aureo
876 2575 1006 2620 summae

248 2648 413 2703 curvatura
426 2647 517 2715 rotae,
532 2643 689 2702 radiorum
703 2652 862 2716 carpentem
877 2644 960 2704 ordo.

164 2724 303 2800 Denique
320 2726 404 2800 qnod
420 2726 567 2800 optimum
581 2726 678 2785 videri
694 2727 799 2787 volunt
813 2729 967 2802 seculum,
988 2741 1146 2787 aureum

123 2807 329 2882 ltadpellant.
373 2810 435 2868 Nec
451 2811 534 2884 apud
550 2809 685 2869 Graecos
700 2809 833 2884 tragicos
849 2811 976 2885 desunt,
992 2810 1044 2888 qui
1060 2810 1150 2869 lucro·

164 2890 377 2965 innocentiam,
394 2894 532 2964 satutem,
550 2891 725 2968 opinionem
740 2893 852 2955 bonam
866 2902 991 2957 mutent.

249 2975 320 3035 Siue
332 2992 378 3036 me
392 2981 496 3039 noceri
506 2981 673 3053 pessimum,
691 2984 724 3037 ut
735 2979 815 3037 diues
829 2995 924 3039 vocer.

249 3061 296 3118 An
310 3061 399 3136 dives,
414 3078 513 3123 omnes
527 3064 706 3137 quominus,
720 3077 812 3136 nemo,
827 3079 868 3122 au
881 3064 982 3123 bonus

250 3143 315 3204 Nou
329 3163 424 3221 quare
435 3156 465 3208 et
476 3149 564 3220 uude,
579 3147 653 3220 quid
664 3146 784 3219 babeas,
801 3152 915 3207 tantum
927 3153 1046 3221 reponi.

253 3226 364 3304 Ubique
376 3234 453 3291 tanti
463 3233 593 3305 quasque,
607 3235 750 3304 praeratum
763 3230 873 3304 babuit,
885 3229 956 3303 fuit.

250 3311 329 3384 Ouid
340 3314 449 3374 babere
461 3314 543 3374 nobis
554 3319 643 3389 turpe
656 3315 695 3373 sit
707 3310 849 3388 quaeras?
869 3315 953 3374 nibil.

248 3397 308 3455 Aut
320 3398 401 3457 diues
413 3404 480 3472 opto
493 3399 590 3458 vinem
603 3404 658 3458 uut
667 3414 789 3473 pauper
801 3401 885 3458 mori.

233 3479 327 3543 Bene
334 3485 470 3560 uantur,
483 3485 616 3562 quisquis
628 3483 764 3558 moritur,
774 3483 844 3544 dum
854 3485 967 3544 tuarum
979 3481 1067 3554 (neit.
