2422 3862
244 239 411 300 EPISTUL.
426 239 520 300 ΜΘΗ.
542 240 705 304 Liuilla
727 241 785 301 ΕΡ.
797 250 824 304 4.
846 247 917 317 (99.)
1007 241 1070 307 325

93 391 319 467 eonpeseimus.
341 405 380 448 ne
391 390 442 449 illo
455 391 577 465 quidem
590 398 736 467 tempore,
752 410 813 469 quo
824 393 905 454 filius
920 394 1007 454 ardet
1020 402 1072 455 aut

93 477 210 535 amicus
226 475 375 549 exspirat,
399 489 522 534 cessare
539 477 652 549 pateris
667 477 868 551 voluptatem,
892 477 949 537 sed
969 478 1071 552 ipsum

93 561 140 619 vis
161 559 280 618 titillare
300 572 485 616 moeroreme
507 564 606 618 ulrum
624 558 783 620 honestius
805 560 894 621 dolor
910 561 948 620 ab
969 560 1070 621 animo

93 643 292 703 submovetur
306 657 344 699 arr
366 641 508 715 voluptas
529 643 567 701 ad
590 643 726 702 dolorem
744 660 869 719 quoque
886 644 1071 704 admittitur?

92 724 311 786 admittitur
326 724 417 783 dieot
437 732 619 799 captatur
634 735 664 787 et
682 727 803 800 quidem
820 743 859 786 ex
875 729 954 802 ipso.
999 726 1113 801 „Estto

93 810 211 882 aliqua,
233 808 344 882 inquit,
366 809 507 882 voluptas
524 816 654 883 cognata
674 809 841 871 tristitiae.“
884 813 967 871 Istuc
980 810 1071 872 nobis

93 894 164 953 lieet
177 894 288 964 dicere,
305 889 394 951 vobis
409 893 531 966 quidem
546 909 607 953 non
623 894 700 952 lieet.
729 894 829 954 Unum
844 894 957 954 bonum
973 895 1070 954 nostis

92 978 293 1051 voluptatem,
308 991 402 1034 unum
417 977 527 1035 malum
542 977 694 1037 dolorem:
717 993 796 1051 quae
810 984 912 1052 potest
926 979 1004 1037 inter
1017 979 1071 1038 bo·

93 1077 165 1120 num
186 1067 216 1119 et
236 1060 349 1118 malum
370 1072 441 1118 esse
461 1060 624 1132 cognatior
651 1060 707 1119 sed
724 1068 797 1135 puta
813 1077 899 1122 esser
922 1077 1005 1121 nuno
1017 1076 1071 1136 po·

94 1144 243 1205 tissimum
257 1143 391 1203 eruitur?
411 1150 441 1202 et
453 1142 554 1216 ipsum
566 1144 702 1202 dolorem
715 1153 893 1217 scrutamur,
907 1161 945 1204 an
957 1144 1072 1220 aliquid

93 1228 204 1288 habeat
218 1227 384 1286 iucundum
400 1225 481 1285 cirea
500 1241 535 1285 se
550 1233 581 1286 et
595 1228 818 1301 voluptarium?
854 1228 1009 1302 Quaedam
1024 1223 1114 1286 θεῖ-29
1183 1222 1189 1229 “

93 1312 194 1371 media
216 1311 283 1369 aliis
306 1308 442 1385 partibus
465 1310 605 1392 eorporis
619 1312 764 1371 salutaria
781 1313 863 1372 velut
877 1313 968 1372 loedu
983 1318 1013 1371 et
1027 1313 1071 1371 in-

94 1395 208 1455 decora
224 1392 361 1454 adhiberi
376 1391 443 1454 aliis
460 1403 629 1469 nequeunt,
652 1401 682 1454 θῖ
703 1396 785 1468 quod
800 1395 893 1456 aliubi
909 1394 1073 1469 prodesset

94 1478 162 1538 sine
177 1479 288 1538 damno
308 1476 518 1550 verecundiae,
533 1479 565 1537 id
580 1477 614 1539 fit
627 1477 820 1539 inhonestum
837 1481 906 1538 loeo
922 1477 1071 1538 volneris:

94 1578 155 1622 non
171 1570 200 1622 te
213 1562 307 1636 pudet
318 1562 428 1620 luctum
443 1561 598 1636 voluptate
610 1568 740 1621 sanaret
762 1560 901 1622 severius
912 1561 971 1621 ista
982 1564 1074 1635 plaga

94 1646 231 1706 curanda
244 1651 301 1704 est.
321 1645 396 1704 illud
411 1645 514 1719 potius
530 1646 669 1719 admone,
685 1646 800 1706 nullum
811 1647 882 1705 mali
894 1661 1020 1706 sensum
1033 1643 1073 1703 ad

94 1746 178 1800 eum,
201 1730 252 1804 qui
266 1730 368 1803 periit,
390 1730 567 1804 pervenire:
591 1730 701 1789 namsi
718 1728 869 1803 pervenit,
892 1745 953 1789 non
975 1728 1072 1804 periit.

93 1814 218 1884 Nulla,
247 1813 379 1888 inquam,
404 1828 468 1872 res
489 1829 568 1872 eum
596 1813 730 1887 laedit,
757 1814 821 1888 qui
843 1813 974 1873 nullus
998 1808 1115 1871 est230

95 1896 177 1968 vivit,
192 1896 220 1955 si
234 1897 371 1957 laeditur.
400 1905 500 1957 utrum
515 1903 604 1972 putas
619 1897 661 1956 illi
675 1898 754 1956 male
768 1912 849 1968 esse,
871 1896 955 1970 quod
971 1896 1072 1955 nullus

96 1987 157 2052 est,
179 1995 216 2038 an
235 1981 318 2054 quod
339 1986 387 2040 est
409 1980 510 2040 adhue
530 1980 662 2054 aliqulsl
689 1981 780 2055 atqui*
793 1996 851 2040 neo
866 1995 905 2039 ex
920 1995 957 2039 eo
973 1985 1075 2054 potest

95 2063 123 2122 ei
140 2070 318 2124 tormentum
335 2079 416 2136 esse,
433 2066 517 2140 quod
533 2080 594 2124 non
611 2071 673 2124 est:
697 2065 766 2139 quis
781 2065 861 2124 enirn
875 2063 988 2124 nullius
1004 2077 1072 2123 sen·

96 2163 150 2206 sus
171 2153 239 2208 estt
266 2163 324 2208 nee
347 2164 385 2207 ex
408 2164 461 2223 eo,
484 2151 568 2224 quod
589 2155 651 2209 est:
680 2148 786 2224 effugit
809 2149 889 2208 enim
910 2147 1073 2206 maximum

95 2231 200 2290 mortis
214 2232 449 2306 incommodum,
464 2249 525 2292 non
540 2248 622 2293 esse.
647 2233 725 2293 lllud
741 2247 867 2307 quoque
884 2230 1021 2292 dieamus
1036 2229 1073 2303 ei,
1081 2225 1115 2278 31

96 2315 148 2388 qui
166 2313 260 2374 deflet
277 2330 314 2374 ae
330 2314 525 2377 desideratio
544 2323 643 2376 aetate
662 2318 758 2392 prima
769 2322 904 2390 raptuma
927 2329 1072 2386 omnes,

96 2406 278 2471 quantum
293 2397 339 2456 ad
354 2398 584 2460 brevitatem
600 2401 702 2472 aevi,
718 2400 744 2459 si
756 2401 900 2459 universo
913 2410 1073 2472 conpares,

96 2489 127 2540 θῖ
140 2482 267 2539 iuvenes
282 2487 312 2538 et
327 2494 427 2550 senae,
447 2480 483 2541 in
505 2498 630 2556 aequo
651 2499 793 2543 sunaus.
821 2482 922 2541 minus
938 2480 1018 2540 enim
1035 2477 1075 2536 ad

96 2579 155 2623 nos
171 2577 210 2620 ex
230 2568 329 2621 aetate
344 2562 425 2621 omni
445 2564 527 2625 veuit
542 2580 630 2636 quam
649 2564 732 2639 quod
750 2564 903 2623 minimum
917 2577 990 2622 esse
1005 2560 1074 2636 quis

96 2646 220 2718 dixerit,
243 2645 525 2720 quoniamquidem
543 2646 699 2706 minimum
713 2646 815 2721 aliqua
836 2662 908 2720 pars
931 2652 993 2706 est:
1016 2644 1075 2704 hoo

97 2731 181 2804 quod
198 2729 327 2789 vivimus
348 2730 518 2805 proximum
533 2729 626 2790 nihilo
642 2737 703 2790 est:
726 2736 891 2802 ettamen,
913 2745 931 2788 o
952 2727 1075 2788 deman-

97 2815 168 2873 tiam
191 2819 343 2873 nostram!
370 2815 429 2874 late
452 2813 634 2888 disponitur.
677 2814 762 2873 Haeo
785 2811 839 2873 tibi
864 2811 992 2887 seripsi,
1014 2804 1119 2871 uon³2

96 2905 251 2971 tamquam
266 2905 499 2972 exspectaturus
514 2913 604 2959 esses
617 2897 784 2958 remedium
799 2911 878 2956 ame
889 2903 950 2956 mm
963 2911 1075 2956 serum.

96 2981 191 3054 liquat
205 2981 285 3040 enim
300 2981 373 3040 mihi
387 2989 417 3041 ῖθ
431 2983 566 3042 loeulum
578 2991 693 3054 laeum,
716 2980 862 3056 quiequid
876 2982 1010 3040 lecturus
1024 2995 1075 3040 asa

97 3065 154 3123 sed
170 3072 202 3124 ut
215 3064 396 3139 castigarem
411 3065 493 3126 illam
508 3067 648 3141 exiguam
663 3080 795 3140 moram,
818 3079 879 3139 qua
895 3079 914 3124 a
929 3070 963 3123 te
973 3076 1075 3124 reaes-

98 3148 164 3206 sisti
185 3155 216 3209 et
233 3149 263 3208 in
281 3149 433 3223 reliquum
449 3149 641 3222 adhortarer,
665 3155 772 3210 eorrtra
787 3149 937 3208 fortunam
952 3147 1076 3208 tolleres

97 3230 216 3291 animos
233 3239 262 3293 et
277 3232 378 3292 omnia
393 3234 459 3293 eius
473 3235 548 3307 tola,
568 3250 630 3295 non
651 3239 803 3308 tamquam
819 3237 949 3306 possent
963 3231 1080 3302 venire,

98 3314 154 3373 sed
167 3320 321 3390 tamquam
341 3317 447 3392 utique
464 3325 568 3378 essent
582 3325 724 3392 ventura,
746 3315 954 3393 prospiceres.
989 3313 1078 3373 Vale.
