2422 3862
254 233 424 295 EPISTUL.
439 234 533 295 molt.
556 234 717 294 tlaxlll.
741 233 833 296 EM
856 240 929 311 (87.)
1025 235 1088 301 bet
1129 184 1154 296 Ι.

103 395 190 462 parte
216 387 422 448 aestimatum:
452 387 565 448 bonum
591 387 630 446 ad
651 403 745 446 unum
765 387 934 462 sapientem
948 389 1089 464 pertinet.

101 471 278 530 inviolatum
296 486 367 530 esse
382 478 512 544 oportet.
544 471 664 530 Bonum
680 470 812 530 animum
826 471 920 531 habe:
941 474 1132 546 unus-tibiae

99 556 212 627 nodus,
231 556 288 615 sed
303 557 512 615 Herculaneus
527 561 636 614 restat=

162 639 235 713 „Ex
251 639 361 699 malis
380 639 517 699 bonum
533 654 605 698 non
622 639 675 698 lit.
708 655 755 699 ex
769 640 901 702 multis
922 656 1089 716 pauper-

98 722 1091 801 tatibusdivitiaeliunttergodivitiaebonumnon

99 812 219 868 sunt.“

161 893 248 951 Hanc
261 891 529 964 interrogationem
544 891 640 952 nostri
658 908 718 950 non
733 899 920 965 agnoscunt:
935 891 1093 969 Peripate-

97 975 149 1036 tici
164 983 195 1036 et
209 975 327 1050 lingunt
342 974 422 1033 illam
438 982 468 1035 et
487 977 619 1036 solvunt.
655 974 696 1036 ait
714 984 814 1036 autem
829 974 1016 1038 Posidonius
1030 977 1090 1039 hoc

98 1060 273 1135 sophisma,
291 1074 346 1133 per
362 1074 468 1118 omnes
481 1059 710 1120 dialecticorum
726 1059 850 1121 scholas
868 1061 1025 1135 iactatum,
1044 1062 1090 1122 sic

97 1145 136 1203 ab
153 1144 314 1218 Antipatro
330 1143 441 1201 refelli:
465 1142 653 1218 „Paupertas
675 1161 735 1204 non
759 1159 814 1218 per
837 1144 1021 1217 positionem
1045 1145 1131 1214 ‹ll-au

97 1228 188 1298 citur,
206 1228 263 1287 sed
280 1244 336 1302 per
348 1227 566 1287 detractionem
583 1230 655 1302 (vel,
672 1235 705 1287 ut
721 1226 837 1302 antiqui
854 1229 1012 1304 dixerunt,
1034 1244 1090 1305 per

96 1311 297 1372 orbationem.
342 1311 450 1372 Graeci
470 1302 553 1372 auaui
578 1307 732 1390 στέρησιν
753 1312 881 1383 dicunt.)
918 1330 979 1373 non
1004 1312 1090 1388 quod

95 1396 208 1461 habeat
222 1395 341 1469 dicitur,
357 1396 413 1455 sed
427 1396 511 1470 quod
528 1413 589 1457 non
601 1395 722 1455 habeat.
757 1395 860 1470 itaque
872 1412 913 1462 ex
927 1398 1028 1457 multis
1043 1395 1088 1456 in-

97 1479 207 1540 anibus
234 1481 307 1540 nihil
333 1479 442 1562 inpleri
469 1487 587 1556 potest=
617 1480 739 1540 divitias
761 1480 873 1539 multae
891 1495 941 1541 res
965 1480 1088 1552 iaciunt,

97 1580 157 1623 non
174 1565 287 1624 multae
302 1563 435 1638 inopiae.
466 1565 577 1639 Aliter,
598 1563 711 1638 inquit,
729 1579 820 1637 quam
835 1563 940 1636 debes,
956 1578 1088 1639 pauper·

96 1657 189 1710 tatem
204 1649 364 1724 intellegis.
398 1657 564 1723 paupertas
577 1648 656 1708 enim
672 1653 721 1712 est
735 1663 795 1707 non
809 1662 889 1722 quae
904 1663 1003 1722 pauca
1015 1663 1088 1721 pos·

97 1733 191 1803 sidet,
213 1734 268 1793 sed
292 1748 373 1808 quae
394 1734 487 1793 mulla
507 1749 567 1792 non
590 1730 746 1807 possidet:
767 1730 810 1792 ita
825 1747 886 1790 non
902 1732 940 1791 ab
961 1747 998 1792 eo
1014 1731 1088 1791 dici·

96 1825 153 1890 tur,
170 1819 254 1892 quod
269 1817 368 1889 habet,
384 1818 440 1878 sed
460 1818 497 1876 ab
513 1833 561 1888 eo,
574 1817 657 1891 quod
669 1818 696 1875 ei
710 1815 827 1875 deest.“
848 1813 991 1889 Facilius,
1005 1814 1130 1888 quodue

96 1904 186 1970 volo,
209 1900 426 1976 exprimerem,
448 1901 473 1961 si
494 1901 634 1961 Latinum
654 1898 781 1960 verbum
803 1906 902 1971 esset,
926 1915 986 1974 quo
1003 1890 1089 1960 ἄνυ-

95 1983 216 2060 napata
240 1985 497 2063 significalrcltur.
544 1985 623 2044 hanc
650 1984 822 2059 paupertati
846 1983 1008 2059 Antipater
1034 1984 1087 2044 ad-

97 2071 211 2143 signat:
232 2085 290 2144 ego
311 2087 372 2130 non
389 2069 499 2140 video,
523 2069 596 2144 quid
612 2068 695 2129 aliud
711 2069 749 2128 sit
764 2075 979 2143 paupertas
996 2083 1087 2144 quam

97 2154 207 2228 parvi
224 2169 269 2228 po
281 2155 446 2215 ssessio.
479 2155 524 2214 Ile
538 2154 598 2213 isto
614 2151 796 2226 videbimus,
813 2153 839 2212 si
856 2153 981 2226 quando
996 2153 1087 2212 valde

97 2237 225 2310 vacabit,
243 2239 376 2313 quaesit
394 2238 574 2308 divitiarum,
598 2253 678 2312 quae
694 2234 883 2313 paupertatis
899 2236 1085 2299 substantia:

96 2323 152 2381 sed
170 2327 240 2381 tunc
261 2323 338 2400 [boc]
361 2339 486 2398 quoque
508 2321 791 2395 considerabimus,
813 2320 961 2396 numquid
989 2321 1086 2382 satius

95 2407 135 2465 sit
151 2413 359 2480 paupertatem
382 2409 586 2481 permulcere,
610 2407 722 2466 divitiis
745 2406 868 2465 demere
888 2404 1087 2480 supercilium

97 2505 188 2564 quam
206 2491 322 2563 litigare
337 2490 376 2549 de
397 2490 517 2564 verbis,
544 2488 633 2565 quasi
658 2491 717 2549 iam
743 2490 783 2548 de
806 2489 900 2549 rebus
920 2489 1087 2549 iudicatum

96 2574 142 2632 sit.
177 2571 320 2634 Putemus
338 2591 394 2634 nos
411 2575 449 2633 ad
466 2574 645 2635 concionem
663 2581 799 2634 vocatos.
836 2573 886 2631 lex
908 2573 947 2631 de
962 2571 1085 2631 abolea·
1094 2576 1138 2631 41»

56 2666 58 2669 ’
95 2659 143 2716 dis
165 2656 277 2718 divitiis
301 2660 410 2718 fertur:
436 2657 484 2717 his
505 2656 799 2730 interrogationibus
816 2654 938 2716 suasuri
955 2662 1007 2715 aut
1023 2652 1085 2714 dis-

95 2741 217 2800 suasuri
234 2749 363 2802 sumusl
400 2742 447 2802 bis
465 2741 618 2813 effecturi,
633 2748 666 2801 ut
686 2741 820 2815 populus
837 2740 994 2801 Romanus
1011 2754 1085 2814 pau-

96 2832 259 2900 pertatem,
283 2827 514 2888 lundamentum
535 2834 564 2886 et
585 2841 710 2886 causam
731 2823 851 2899 imperii
865 2825 927 2897 sui,
950 2822 1087 2898 requirat

95 2925 131 2968 ac
153 2911 269 2981 laudet,
300 2910 421 2970 divitias
442 2918 542 2971 autem
565 2926 639 2970 suas
660 2909 783 2970 timeat?
805 2917 837 2970 ut
852 2910 964 2985 cogitet
978 2907 1034 2968 has
1050 2923 1086 2967 se

94 2995 178 3068 apud
198 2997 298 3055 victos
319 2994 490 3070 reperisse,
516 2995 586 3055 hinc
600 2994 745 3055 ambitum
761 3001 791 3054 et
804 2993 981 3069 largitiones
996 2999 1026 3052 et
1039 2998 1085 3051 tu-

94 3080 206 3137 rnultus
228 3079 257 3137 in
273 3080 379 3138 urbem
401 3078 627 3140 sanctissimam
650 3076 1020 3152 temperantissimamque
1041 3076 1085 3135 in-

93 3163 234 3236 rupisse,
260 3162 351 3222 nimis
373 3163 532 3224 luxuriose
547 3161 695 3223 ostentari
710 3162 843 3236 gentium
859 3161 975 3238 spolia,
1002 3159 1087 3235 quod

93 3262 174 3306 unus
191 3249 326 3322 populus
341 3246 487 3322 eripuerit
504 3248 661 3320 omnibus,
683 3246 801 3306 facilius
816 3246 854 3305 ab
868 3245 1010 3307 omnibus
1032 3242 1086 3304 uni

93 3330 171 3405 eripi
190 3347 296 3406 posse.
327 3332 412 3391 Haec
427 3331 524 3393 satius
541 3340 588 3393 est
602 3328 736 3391 suadere
757 3336 787 3390 et
807 3343 986 3407 expugnare
1000 3327 1055 3387 adl
1072 3357 1084 3368 ·

93 3422 172 3486 ctus,
188 3431 250 3475 non
265 3412 526 3476 circumscribere.
549 3416 577 3476 si
589 3429 768 3492 possumus,
784 3415 892 3476 lortius
907 3415 1084 3486 loquamura

91 3496 119 3560 si
134 3496 246 3573 minus,
260 3497 407 3576 apertius.
437 3500 525 3560 Vale.
