2422 3862
195 255 365 318 EPISTUL.
380 254 474 316 Mon.
495 255 568 315 LlB.
579 255 658 317 XVI.
680 255 740 314 ΕΡ.
751 262 778 317 ὃ.
789 262 816 316 l.
838 261 896 329 (98.
910 260 969 327 99.)
1011 255 1077 319 ³21

93 410 263 481 delectant,
277 407 354 467 haec
368 407 613 482 exspectatione,
629 405 680 465 illa
692 405 854 467 meruerim
877 405 934 466 sed
948 406 1075 468 alterum

94 493 211 568 pendet
225 497 255 551 et
269 506 330 551 non
345 491 411 551 fieri
425 496 542 565 potest,
557 490 683 549 alterum
697 503 759 551 non
774 496 878 564 potest
892 504 953 549 non
968 489 1075 553 luisse.

96 575 166 651 quis
189 589 263 648 ergo
285 575 369 635 furor
388 581 436 633 est
456 572 626 633 certissimo
648 571 814 633 excideret
838 572 1076 645 adquiescamus

95 658 150 731 iis,
177 671 256 732 quae
275 657 335 717 iam
356 655 530 730 hausimus,
555 655 582 717 si
602 654 694 720 modo
717 672 778 717 non
800 656 953 729 perforato
975 658 1075 717 animo

94 740 312 801 hauriebamus
328 747 358 800 et
373 740 593 800 transmittente
608 738 756 814 quicquid
770 747 943 814 acceperat.
985 740 1104 808 Inna-e

94 823 253 885 merabilin
268 831 338 883 sunt
352 824 495 899 exempla
508 838 629 895 eorum,
652 821 706 897 qui
724 822 838 887 liberos
861 822 987 883 iuvenes
1009 824 1077 885 sine

94 905 229 967 lacrimis
241 907 411 980 extulerint
424 906 518 983 quiin
530 913 668 969 senatum
681 912 734 969 aut
743 906 774 965 in
786 905 912 981 aliquod
922 905 1077 982 publicum

94 989 231 1050 officium
246 1005 265 1049 a
278 1005 355 1064 rogo
369 990 515 1052 redierint
528 998 559 1051 et
579 989 679 1050 statim
699 990 783 1053 aliud
801 992 927 1065 egerint.
955 1006 1013 1051 nec
1032 991 1077 1050 in-

95 1074 219 1134 merito:
247 1088 318 1134 nam
338 1075 470 1148 primum
488 1089 714 1149 supervacuum
738 1080 786 1135 est
806 1074 925 1146 dolere,
952 1074 979 1133 si
1004 1073 1076 1135 nihil

94 1157 231 1218 dolendo
246 1157 402 1232 proficias.
423 1158 536 1218 deinde
556 1157 725 1232 iniquum
740 1162 799 1220 est
820 1157 929 1231 queri
951 1157 996 1217 de
1017 1174 1077 1234 co,

96 1241 199 1315 quod
221 1242 285 1301 uni
306 1238 468 1314 accidit,
484 1239 662 1301 omnibus
682 1246 816 1301 restat.
839 1240 951 1300 deinde
971 1241 1077 1302 desi-

96 1323 198 1385 derii
219 1325 340 1387 stulta
360 1324 595 1398 conquestio
619 1330 693 1397 est,
721 1322 785 1385 ubi
806 1321 998 1384 minimum
1020 1326 1076 1385 in-

96 1408 339 1469 terestinter
354 1404 903 1469 amissumetdesiderantem=
925 1422 962 1468 eo
974 1409 1077 1482 itaque

95 1490 243 1565 aequiore
259 1491 360 1553 animo
376 1506 448 1551 esse
462 1490 625 1563 debemus,
642 1489 725 1564 quod
742 1503 822 1562 quos
837 1489 1009 1565 amisimus,
1027 1506 1075 1550 se-

99 1574 227 1648 quimur.
258 1575 392 1650 Respice
404 1574 588 1634 celeritatem
599 1571 786 1646 rapidissimi
798 1571 955 1647 temporis.
976 1575 1104 1648 cogitat

95 1656 275 1719 brevitatem
302 1658 393 1719 huius
413 1656 519 1731 spatii,
545 1672 601 1731 por
621 1655 706 1730 quod
727 1654 896 1720 citatissimi
916 1657 1075 1718 currimus.

96 1741 231 1801 observa
250 1741 332 1802 hunc
353 1741 527 1801 comitatum
548 1739 671 1814 generis
686 1739 807 1799 humani
824 1738 933 1802 eodem
949 1741 1075 1801 lenden·

96 1824 136 1882 tis
156 1822 285 1884 minimis
306 1824 473 1884 intervallis
494 1821 682 1896 distinctum,
704 1822 794 1883 etiam
816 1823 867 1884 ubi
886 1824 1019 1885 maxima
1033 1825 1076 1883 vi·

97 1906 222 1965 dentum
245 1921 336 1980 quem
350 1913 440 1982 putas
459 1907 587 1982 perisse,
604 1905 794 1981 praemissus
808 1913 865 1967 est.
887 1906 961 1980 quid
976 1915 1075 1969 autem

96 1989 267 2050 dementius
282 2007 382 2064 quam,
400 2007 467 2051 cum
484 1990 565 2050 idam
580 1990 632 2050 tibi
650 1990 705 2049 iter
721 1989 923 2050 emetiendum
939 1991 986 2065 sit,
1001 1991 1077 2052 llere

95 2089 175 2146 eum,
192 2074 244 2148 qui
260 2074 446 2136 antecessitt
472 2074 539 2135 Flet
552 2071 664 2149 aliquis
681 2074 802 2148 lactum,
819 2075 904 2148 quod
915 2091 976 2135 non
992 2075 1107 2150 igno-8

95 2157 174 2216 ravit
194 2159 347 2219 futurum?
366 2161 415 2233 ††
430 2156 484 2218 flet
506 2157 616 2233 aliquis
641 2157 769 2229 lactum,
795 2158 879 2233 quod
900 2158 1001 2220 aiebat
1014 2173 1076 2219 non

96 2255 191 2314 posse
203 2258 264 2302 non
277 2241 364 2300 fierit
385 2240 525 2316 quisquis
537 2241 670 2316 aliquem
684 2241 819 2317 queritur
830 2250 981 2303 mortuum
995 2258 1075 2316 esse,

95 2325 232 2397 queritur
246 2324 399 2384 hominem
413 2324 520 2387 luisse.
540 2327 630 2399 †aut
647 2325 672 2384 si
690 2332 817 2386 mortem
832 2326 862 2385 in
877 2325 1000 2388 homine
1014 2342 1076 2386 non

94 2407 248 2479 cogitavit,
263 2405 323 2466 sibi
337 2406 515 2482 inposuit.†
536 2408 635 2468 omnis
649 2408 758 2482 eadem
772 2407 913 2470 condicio
926 2409 1075 2469 devinxit:

93 2489 143 2547 cui
161 2488 246 2547 nasci
261 2488 399 2561 contigit,
423 2491 499 2549 mori
520 2498 623 2550 restat.
665 2491 836 2551 Intervallis
854 2492 1104 2566 distinguimus

93 2572 178 2631 exitu
193 2585 369 2645 aequamur.
389 2571 449 2630 hoc
466 2571 550 2646 quod
564 2571 642 2632 inter
657 2573 784 2647 primum
803 2575 882 2632 diem
898 2582 928 2634 et
941 2573 1076 2635 ultimum

94 2657 188 2728 iacet,
216 2653 334 2715 varium
360 2654 571 2730 incertumque
596 2662 658 2715 est:
691 2656 718 2714 si
741 2654 898 2716 molestias
922 2658 1075 2731 aestimes,

93 2739 184 2798 etiam
200 2755 297 2812 puero
313 2740 448 2813 longum,
462 2738 488 2799 si
504 2739 703 2812 velocitatem,
721 2740 809 2800 etiam
823 2741 890 2799 seni
904 2749 1075 2815 angustum.

93 2823 135 2881 nil
160 2838 221 2882 non
242 2821 389 2884 lubricum
411 2830 443 2884 et
462 2824 555 2883 fallax
575 2831 605 2884 et
626 2823 707 2884 omni
727 2829 908 2898 tempestate
921 2825 1075 2887 mobilius.

93 2907 242 2966 iactantur
267 2913 375 2966 cuncta
396 2914 426 2967 et
445 2907 475 2966 in
497 2906 681 2969 contrarium
702 2913 859 2969 transeunt
878 2909 1000 2971 iubente
1016 2909 1075 2971 lor·

92 2997 179 3063 tuna,
202 2991 275 3050 etin
290 2998 371 3050 tanta
386 2992 573 3053 volutatione
588 3007 689 3052 rerum
709 2991 907 3057 humanarum
923 2992 996 3053 nihil
1012 2995 1074 3054 cui-

93 3089 185 3149 quam
198 3075 258 3134 nisi
269 3091 353 3136 mors
366 3084 481 3137 certum
492 3084 553 3137 est:
565 3084 664 3138 tamen
678 3076 716 3135 de
728 3091 765 3136 eo
778 3085 945 3151 queruntur
957 3093 1073 3150 omnes,

93 3158 123 3216 in
141 3175 200 3231 quo
215 3175 277 3218 uno
291 3175 381 3219 nemo
396 3160 555 3234 decipitur.
600 3159 682 3234 „Sed
698 3175 774 3234 puer
789 3160 954 3221 decessit.“
993 3161 1117 3222 Non-to

93 3242 166 3299 dum
182 3242 250 3303 dico
267 3243 375 3303 melius
391 3244 439 3318 agi
455 3259 524 3303 cum
537 3259 583 3317 eo,
602 3243 654 3319 qui
667 3243 728 3302 vita
739 3243 927 3318 defungitur:
950 3245 989 3305 ad
1005 3260 1074 3304 eum

92 3330 299 3401 transeamus,
329 3327 381 3401 qui
409 3329 579 3388 consenuit.
616 3328 762 3401 quantulo
790 3327 883 3388 vincit
908 3329 1074 3388 infantema

93 3422 234 3481 propone
250 3411 397 3485 temporis
416 3410 560 3485 profundi
577 3412 746 3471 vastitatem
763 3419 794 3472 et
807 3411 985 3472 universum
1000 3426 1073 3469 oon-

93 3491 237 3565 plectere.
265 3494 377 3554 deinde
396 3494 470 3569 hoc,
494 3496 576 3570 quod
591 3501 720 3556 aetatem
737 3508 884 3554 vocamus
901 3495 1072 3566 humanam,

136 3594 237 3633 sennen
250 3595 319 3635 rnre.
334 3581 377 3636 ΙΙΙ.
878 3585 917 3638 ‘li
