2422 3862
130 214 194 280 448
443 222 473 278 L.
484 219 621 277 ΑΝΝΑΕΙ
634 217 799 278 SENECAE

102 382 121 438 8
237 416 255 444 „
263 372 420 444 Morieris,“
441 373 527 429 Immo
537 373 628 429 carnis
639 372 771 430 tributum
781 378 898 429 naturae
909 374 1035 431 debitum
1044 393 1112 447 per·

173 460 282 529 solves,
294 474 360 514 mox
371 459 478 513 iuturus
490 457 575 513 libers
597 459 641 514 tec
655 457 761 528 libens,
776 457 852 529 quod
863 459 910 515 vel
921 460 1022 514 uolens
1034 461 1114 517 ioce-

173 559 229 601 res.
246 543 343 614 cupies
353 583 360 611 ,
372 541 558 613 quodcunque
570 558 688 597 necesse
700 547 752 597 est.
773 557 831 597 non
842 546 885 597 est
896 542 1005 613 utilius,
1023 544 1113 600 immo

173 627 286 698 quidem
302 643 359 681 non
379 631 421 681 est
432 625 508 681 aliud
520 626 548 681 in
562 625 730 682 necessitate
742 626 896 681 consitium.
920 625 1064 699 Quidquid
1080 628 1113 684 fit

173 711 331 779 evolente,
348 709 379 765 fit
396 709 500 778 levius,
519 715 546 765 et
557 709 660 765 desinit
673 725 737 765 esse
749 709 918 779 necessitas,
940 711 964 766 si
978 713 1111 769 voluntas

172 794 333 849 occesserit.

232 877 286 947 „In
296 878 366 932 freto
381 877 536 932 morieris.“
562 874 625 932 Non
638 877 699 946 ubi,
717 877 768 932 sed
780 877 898 947 qualiter
909 879 1055 949 moriaris,
1072 879 1111 936 ad

171 976 232 1016 rem
241 961 371 1031 pertinet.

234 1043 319 1114 „Quo
340 1045 492 1102 devenient
503 1045 622 1116 opes‘t“
642 1044 724 1100 Unde
746 1051 901 1113 venerunt,
918 1051 1108 1116 revertentur,

169 1126 225 1183 hoc
244 1132 286 1183 est
301 1128 338 1184 cd
355 1131 483 1186 fortunae
504 1144 618 1197 manus,
639 1126 706 1183 inde
728 1144 825 1184 rursus
837 1127 955 1185 adalios
971 1130 1106 1201 obiturae,

170 1212 247 1283 apud
257 1213 398 1270 neminem
409 1213 457 1270 diu
468 1228 633 1268 mansurae:
652 1228 745 1283 vagae
763 1219 828 1268 sunt
842 1212 955 1283 [enim],
967 1218 1043 1270 stare
1054 1231 1106 1270 ne·

170 1301 284 1366 queunt.

101 1389 117 1441 1
209 1379 255 1434 111.
277 1377 360 1451 „Sed
379 1379 656 1453 decollaberis.“
686 1378 759 1446 Quid
775 1380 907 1450 interest,
927 1381 1033 1436 caesim
1043 1399 1105 1437 mo-

126 1463 389 1536 riaranpunctimt

187 1545 266 1617 „Sed
277 1564 363 1619 saepe
376 1547 483 1602 ferieris
500 1553 527 1603 et
538 1546 614 1602 multi
625 1547 654 1601 in
665 1552 693 1602 te
704 1545 790 1618 gladii
808 1548 1007 1605 convenient.“
1031 1547 1107 1616 Quid

125 1631 224 1700 refert,
247 1647 331 1702 quam
347 1633 433 1687 multu
450 1631 506 1686 sint
524 1632 665 1688 vulneret
685 1647 742 1686 nou
763 1638 857 1702 potest
880 1633 996 1703 amplius
1020 1649 1107 1704 quam

125 1729 212 1768 unum
224 1731 288 1770 esse
299 1715 479 1772 mortiterum.

96 1808 113 1862 2
187 1797 369 1871 „Peregre
388 1799 584 1855 morieris.“
606 1798 665 1854 Hoc
684 1805 726 1854 est
744 1799 773 1854 in
790 1799 910 1871 petriam
926 1799 1106 1859 sincvietico

122 1897 281 1952 pervenire.

187 1966 334 2039 „Peregre
356 1966 519 2022 morieris.“
558 1964 753 2037 Undecunque
782 1967 820 2024 ad
848 1968 955 2024 interos
977 1982 1036 2022 une
1055 1968 1106 2025 vie

124 2055 174 2107 est.

85 2188 88 2192 ,
186 2133 333 2204 „Peregre
350 2134 487 2189 morieris.
495 2134 513 2164 ‘⁴
544 2134 606 2205 Ego
625 2132 702 2205 quod
719 2134 827 2205 debeo,
849 2135 963 2191 solvere
984 2141 1104 2208 paratus

123 2214 200 2270 sum:¹
211 2215 306 2272 videet
317 2218 473 2288 fenerator,
494 2217 539 2274 ubi
550 2233 596 2273 me
607 2219 740 2290 appellet.

185 2300 332 2372 „Peregre
344 2302 505 2363 morieris.“
532 2299 614 2357 Nulla
630 2308 705 2358 terra
716 2303 808 2358 aliene
824 2308 944 2363 mortuo.

184 2384 336 2456 „Peregre
352 2385 509 2441 morieris.“
539 2386 602 2441 Non
623 2392 666 2442 est
688 2385 804 2458 gravior
825 2386 892 2442 ioris
917 2399 1003 2458 quam
1026 2385 1103 2442 domi

122 2484 247 2528 sonmus.
801 2519 803 2528 ,

92 2569 108 2623 1
205 2553 252 2608 IV.
274 2550 359 2623 „Sed
379 2553 527 2610 iuvenis
547 2553 746 2609 morieris.“
783 2552 923 2626 Optimum
954 2560 1013 2625 est,
1036 2562 1102 2612 ante

120 2650 203 2707 quarn
214 2643 311 2709 optes,
322 2637 402 2692 mori.

179 2721 489 2790 ‚,1uvenismorieris.“
511 2720 571 2777 Hoc
592 2737 679 2778 unum
700 2727 757 2792 est,
775 2721 852 2794 quod
867 2737 959 2794 oeque
970 2721 1009 2778 ad
1020 2721 1100 2781 iuve-

119 2818 184 2858 nem
195 2818 279 2873 quem
291 2805 329 2860 ad
339 2821 437 2861 senem
448 2806 578 2878 pertinet.
599 2822 657 2862 non
669 2806 784 2863 citamur
797 2822 833 2863 ex
845 2822 934 2862 censu
944 2822 999 2862 nec
1011 2807 1101 2879 exigi-

117 2890 162 2940 tur
179 2901 312 2942 numerus
327 2905 478 2945 annorums
502 2885 552 2965 [et]
569 2889 764 2947 adolescentes
777 2895 805 2946 et
819 2891 980 2963 impuberes
998 2890 1102 2948 eadem

117 2967 165 3023 feti
182 2972 337 3028 necessitas
356 2972 441 3030 ducit.
470 2972 609 3045 Optimum
631 2979 673 3030 est
695 2976 782 3045 mori,
803 2991 867 3032 cum
888 2976 966 3032 iuvat
986 2975 1099 3034 vivere.

118 3052 204 3123 [quae
216 3054 289 3110 enim
299 3056 389 3113 virtus
405 3063 456 3128 est,
472 3074 536 3115 cum
548 3058 674 3129 eiciaris,
687 3055 796 3134 exiret]

88 3151 107 3207 2
177 3136 318 3207 „iuvenis
333 3142 491 3198 morieris.“
521 3141 684 3215 Quicunque
702 3144 739 3200 ad
757 3149 912 3201 extremum
927 3144 976 3200 teti
991 3145 1037 3200 sui
1047 3162 1099 3202 ve-

116 3220 170 3291 nit,
193 3239 282 3280 senex
299 3226 424 3282 moritur.
446 3228 590 3284 nonenim
607 3230 706 3300 refert,
728 3245 801 3301 quae
821 3228 857 3284 sit
871 3227 995 3284 hominis
1008 3235 1099 3300 aetas,

115 3305 168 3362 sed
180 3322 251 3377 quae
263 3308 298 3364 sit
309 3316 392 3367 mete.

172 3391 313 3460 „Iuvenis
327 3394 485 3451 morieris.“
505 3395 637 3453 Fortasse
649 3398 730 3455 alicui
742 3398 815 3455 meto
827 3396 958 3454 subducit
976 3414 1024 3456 me
1040 3400 1095 3455 ior·

100 3479 184 3550 tune,
198 3483 229 3536 ut
240 3479 312 3538 nutti
324 3480 371 3540 eiii
378 3526 387 3558 ,
400 3487 479 3541 certe
491 3481 640 3540 senectuti.
