2422 3862
150 228 214 291 260
440 229 473 290 L.
495 228 643 289 ANNAEI
665 228 842 290 SENECAE

105 394 141 449 aa
207 381 292 441 llaec
306 380 375 442 aliis
390 379 455 453 dic,
480 387 514 440 ut
528 380 601 440 dum
616 380 709 455 dicis,
735 382 843 442 audias
859 383 943 457 ipse,
965 385 1082 460 scribe,
1100 395 1133 449 ut

150 467 222 529 dum
236 466 361 541 scribis,
383 467 484 542 legas,
507 466 608 526 omnia
623 466 664 525 ad
678 481 779 527 mores
795 473 825 527 et
845 468 885 527 ad
900 468 1070 529 sedandam
1084 487 1132 532 ra·

147 553 227 613 biem
239 552 413 613 adfectuum
424 551 572 611 reterens.
600 549 696 611 Stude
710 568 771 612 non
785 558 819 612 ut
828 552 898 626 plus
910 552 1027 627 aliquid
1038 555 1130 629 scias,

148 637 204 697 sed
219 643 251 697 ut
266 636 383 696 melius.
412 636 497 695 Vale.

457 771 675 829 EPISTULA
695 775 729 829 11.
751 774 823 844 (90.)

402 868 513 920 sarraca
528 869 642 919 Lucrum
659 881 711 921 suo
729 881 870 921 smuruu.

119 989 135 1042 1
209 971 283 1046 Quis
299 971 452 1046 dubitare,
468 973 508 1032 mi
522 973 633 1047 Lucili,
649 980 765 1049 potest,
782 974 853 1049 quin
871 974 999 1035 deorum
1017 975 1130 1034 inmor-

146 1057 249 1118 talium
265 1073 375 1117 munus
394 1059 440 1129 sit,
459 1057 540 1131 quod
558 1057 696 1131 vivimus
713 1058 936 1134 philosophiae,
952 1059 1036 1134 quod
1051 1059 1130 1119 bene

145 1139 295 1203 vivimus?
318 1141 421 1216 itaque
447 1149 529 1202 tanto
553 1141 621 1216 plus
645 1143 717 1202 huic
737 1159 795 1203 nos
817 1142 931 1202 debere
959 1143 1129 1218 quamdis,

148 1233 262 1300 quanto
284 1226 382 1285 maius
405 1225 587 1285 beneficium
611 1233 659 1286 est
679 1228 761 1286 bona
774 1227 837 1286 vita
855 1243 946 1302 quam
962 1229 1038 1302 vita,
1073 1243 1127 1300 pro

147 1318 229 1370 certo
251 1309 430 1383 haberetur,
452 1310 511 1369 nisi
531 1312 630 1385 ipsam
651 1310 878 1385 philosophiam
895 1311 926 1370 di
941 1311 1127 1382 tribuissent,

117 1394 234 1454 tcuius
247 1395 405 1454 scientiam
419 1394 492 1454 nulli
507 1394 670 1468 dederunt,
687 1395 860 1454 facultatem
877 1395 1028 1456 omnibus.
1060 1410 1128 1453 nam

146 1477 173 1538 si
198 1478 278 1538 hanc
303 1494 427 1554 quoque
447 1478 561 1539 bonum
581 1480 707 1554 volgare
734 1479 880 1539 iecissent
907 1486 937 1539 et
962 1480 1129 1554 prudentes

145 1578 355 1633 nasceremur,
373 1562 538 1638 sapientia,
554 1563 638 1636 quod
653 1563 682 1621 in
699 1579 735 1623 se
750 1563 895 1638 optimum
912 1562 1010 1635 habet,
1028 1562 1128 1635 perdi·

145 1646 257 1707 disset:
277 1647 355 1707 inter
375 1647 498 1708 fortuita
512 1655 604 1707 esset.
633 1662 714 1707 nunc
729 1646 807 1707 enim
823 1647 883 1706 hoc
904 1646 933 1704 in
949 1647 999 1705 illa
1015 1644 1127 1719 pretio-

146 1746 212 1791 sum
229 1738 320 1805 atque
335 1730 528 1807 magnificum
543 1738 605 1805 est,
624 1732 707 1805 quod
723 1748 782 1793 non
799 1730 929 1802 obvenit,
947 1729 1031 1804 quod
1045 1727 1127 1787 illam

148 1813 205 1874 sihi
223 1814 355 1889 quisque
371 1816 471 1888 debet,
488 1815 571 1890 quod
588 1831 649 1876 nnn
665 1816 703 1875 ab
722 1814 781 1876 alio
799 1815 919 1892 petitur.
952 1813 1048 1886 Quid
1063 1813 1129 1871 ha·

144 1897 271 1970 heres,
294 1901 395 1974 quod
417 1901 452 1958 in
470 1898 730 1974 philosophia
752 1898 995 1974 suspiceres,
1018 1898 1049 1956 si
1065 1895 1128 1955 bo·

115 1983 355 2046 aneticlarla
375 1999 438 2044 res
461 1990 589 2044 essett
617 1984 716 2043 Huius
732 2000 811 2058 opus
827 1999 919 2043 unum
936 1989 983 2042 est
997 1981 1036 2040 de
1051 1980 1127 2040 divi-

145 2067 192 2125 nis
212 2066 416 2142 humanisque
432 2084 537 2129 verum
554 2068 699 2130 invenire.
729 2068 766 2126 ab
787 2067 846 2126 hac
861 2082 1028 2140 numquam
1042 2079 1127 2123 rece·

147 2150 190 2210 dit
204 2150 327 2224 religio,
343 2152 471 2226 iustitia,
491 2152 587 2225 pietas
604 2160 635 2212 et
649 2153 747 2212 omnis
765 2151 842 2210 alius
858 2150 1020 2219 comitatus
1037 2146 1127 2207 virtu-

144 2241 206 2293 tum
225 2242 438 2294 consertarum
456 2243 485 2295 et
504 2236 582 2296 inter
602 2251 636 2294 se
657 2234 895 2295 cohaerentium.
927 2234 1004 2293 haec
1025 2231 1129 2291 docuit

145 2317 247 2377 colere
268 2317 385 2389 divina,
408 2319 539 2379 humana
560 2318 687 2393 diligere
708 2327 736 2380 el
758 2334 856 2393 penes
876 2319 952 2377 deos
969 2316 1127 2391 imperium

144 2415 231 2475 esse,
253 2402 331 2461 inter
345 2402 484 2462 homines
500 2403 701 2475 consortium,
724 2402 810 2477 quod
825 2400 1013 2476 aliquamdiu
1030 2399 1128 2458 invio-

142 2485 236 2546 latum
256 2486 381 2558 mansit,
403 2495 565 2562 antequam
588 2487 765 2546 societatem
792 2485 919 2546 avaritia
941 2484 1081 2544 distraxit
1099 2489 1129 2541 et

144 2570 331 2644 paupertatis
354 2585 448 2631 eausa
468 2571 557 2630 etiam
580 2571 632 2643 iis,
658 2587 737 2644 quos
760 2570 830 2629 tecit
855 2568 1126 2644 locupletissimos

143 2652 207 2713 fuit.
236 2655 393 2715 desierunt
416 2655 495 2713 enim
517 2654 619 2714 omnia
638 2654 814 2728 possidere,
838 2655 909 2713 dum
929 2655 1034 2712 volunt
1057 2668 1128 2725 pro-

114 2734 219 2808 epila.
255 2737 317 2797 Sed
339 2738 426 2812 primi
441 2739 610 2798 mortalium
627 2737 742 2812 quique
756 2753 795 2796 ex
817 2736 864 2796 his
883 2737 973 2810 geniti
990 2744 1127 2795 naturam

143 2818 316 2894 incorrupti
336 2819 557 2894 sequebantur,
585 2822 716 2882 eundem
741 2820 895 2880 habebant
916 2828 945 2880 el
966 2822 1076 2879 ducem
1098 2827 1129 2878 et

142 2900 254 2975 legem,
280 2903 425 2963 conmissi
440 2903 574 2965 melioris
592 2905 729 2965 arbitrio.
759 2913 884 2964 naturae
905 2912 953 2964 est
975 2905 1053 2963 enim
1072 2919 1127 2977 [ιο-

143 2983 269 3045 tioribus
286 2986 438 3046 deteriora
455 2988 646 3048 submittere:
671 2991 760 3049 mutis
778 2989 901 3062 quidem
916 2988 1061 3062 gregibus
1076 2994 1129 3045 aut

142 3068 273 3127 maxima
289 3085 418 3145 corpora
431 3082 578 3146 praesunt
590 3080 642 3132 aut
656 3072 933 3133 vehementissima.
959 3072 1024 3130 Non
1039 3085 1126 3144 prae-

144 3149 224 3208 cedit
238 3163 372 3215 armenta
388 3156 650 3231 degeneramus,
667 3157 722 3216 sed
741 3156 790 3231 qui
806 3156 1014 3230 magnitudine
1029 3170 1066 3213 ac
1081 3159 1126 3212 to-

143 3231 185 3288 ris
201 3244 319 3299 ceteros
333 3256 433 3301 mares
450 3240 528 3299 vicit
561 3240 791 3314 elephantorum
807 3256 930 3314 gregem
948 3237 1125 3298 excelsissi

142 3328 210 3374 mus
222 3320 317 3382 ducit.
334 3326 410 3384 inter
420 3323 560 3384 homines
574 3341 629 3398 pro
642 3324 774 3384 maximo
787 3332 835 3383 est
846 3325 999 3398 optimum.
1023 3321 1126 3380 animo

142 3394 245 3473 itaque
260 3408 360 3468 rector'
375 3407 542 3482 eligebatur
557 3408 691 3482 ideoque
702 3424 821 3468 summa
836 3407 962 3467 felicitas
976 3413 1039 3465 erat
1050 3422 1126 3480 geu·

141 3476 228 3555 tium,
251 3489 280 3550 in
305 3492 499 3568 quibusnam
523 3498 642 3566 poterat
662 3491 814 3568 potentior
834 3507 906 3551 esse
928 3488 987 3549 nisi
1005 3490 1125 3549 molior.
