2422 3862
131 247 195 310 220
402 247 437 307 L.
458 245 606 306 annum
629 243 805 306 SENECAE

128 399 265 475 „ebrium
282 399 404 461 duobus
419 397 519 460 modis
535 396 611 458 dicl=
629 397 736 473 altero,
751 413 819 458 cum
831 396 946 474 aliquis.
958 398 1029 459 vino
1040 415 1108 473 gra·

129 483 176 544 vls
196 491 244 545 est
264 490 294 543 et
312 484 415 560 impos
436 482 493 543 sui.
516 482 627 555 altero,
651 480 679 541 si
698 483 778 542 solet
792 481 896 543 ebrius
911 482 976 542 lieri
993 489 1023 542 et
1037 482 1109 544 lruic

127 566 282 628 obnoxius
301 568 375 628 vitio
396 573 453 628 est.
474 566 555 625 hooc
576 583 595 626 a
614 564 737 626 Zenone
759 564 833 640 dici,
855 564 908 641 qui
929 568 1028 627 soleat
1042 567 1107 627 lieri

126 650 240 726 ebrius,
251 666 313 711 non
329 650 382 727 qui
394 657 449 711 est.
461 649 532 710 huic
541 657 641 710 autem
654 650 804 709 neminem
817 651 1052 712 commissurum
1062 667 1107 711 ar-

86 751 116 804 11
126 750 212 810 cana,
227 750 307 810 quae
315 750 371 810 per
379 734 482 795 vinum
490 734 592 808 eloqui
600 733 732 808 possit.“
751 733 834 807 quod
847 735 1031 795 estlalsum.
1047 736 1108 810 pri·

125 835 174 879 ma
188 817 268 878 enim
283 818 334 878 illa
348 817 543 893 interrogatio
559 817 760 892 conplectitur
776 830 854 889 eum,
870 819 922 894 qui
935 827 983 880 est
993 817 1108 894 ebrius,

124 918 187 962 non
202 917 287 974 eum,
310 902 363 978 qui
379 902 497 963 iuturus
518 908 575 962 est.
597 902 760 976 plurimum
775 901 854 960 enim
870 901 1024 963 interesse
1035 918 1107 963 con·

125 987 221 1047 cedes
235 986 313 1047 inter
329 985 446 1046 ebrium
460 991 491 1044 et
504 983 675 1046 ebriosuma
701 991 848 1060 potestat
862 986 915 1060 qui
931 986 1034 1046 ebrius
1050 994 1106 1064 est,

124 1077 197 1130 tunc
213 1071 343 1146 primum
358 1085 431 1130 esse
445 1084 503 1129 noc
516 1069 630 1129 habere
644 1070 705 1129 hoc
718 1068 838 1141 vitium,
852 1075 883 1130 et
898 1070 951 1144 qui
964 1069 1105 1131 ebriosus

125 1162 180 1228 est,
194 1169 289 1230 saepe
300 1153 573 1215 extraobrietatem
587 1167 669 1213 osso.
692 1153 795 1227 itaque
807 1150 841 1211 id
853 1153 1004 1228 intellego,
1021 1153 1106 1227 quod

124 1237 290 1313 significari
311 1237 406 1298 verbo
427 1238 486 1310 isto
514 1237 607 1311 solet,
633 1235 812 1312 praesertim
833 1249 904 1296 cum
925 1237 964 1296 ab
983 1235 1105 1296 bomine

123 1320 309 1395 diligentiam
324 1321 469 1395 prolesso
483 1325 615 1395 ponatur
629 1327 660 1381 et
673 1319 768 1380 verbu
782 1319 985 1381 examinante
1006 1319 1104 1380 Adice

122 1416 204 1464 nunc
220 1404 320 1480 quod,
344 1405 370 1465 si
385 1405 446 1464 hoc
460 1404 608 1464 intellexit
620 1403 724 1464 Zenon
739 1410 770 1464 et
786 1419 844 1464 nos
859 1402 1037 1479 intellegere
1051 1418 1105 1463 no·

122 1488 191 1563 luit,
214 1485 413 1562 ambiguitate
431 1488 516 1548 verbi
539 1486 691 1563 quaesivit
705 1488 806 1549 locum
823 1488 922 1549 fraudi
929 1532 942 1561 ,,
963 1486 1049 1563 quod
1064 1488 1106 1547 la*

83 1571 264 1636 laciendum
283 1587 346 1633 non
367 1579 429 1646 est,
453 1571 508 1632 nbi
527 1571 645 1632 veritos
664 1572 830 1647 quaeritur.r
865 1570 933 1631 Sed.
945 1587 1026 1631 sane
1047 1571 1107 1633 hoc

123 1655 269 1716 senserint
290 1656 375 1732 quod
389 1654 544 1731 senubor,
566 1656 678 1717 laisum
693 1659 755 1731 est,
776 1655 805 1716 ei
821 1653 874 1731 qui
889 1655 989 1715 soleat
1003 1655 1105 1714 ebrius

122 1739 204 1814 fieri,
230 1754 292 1799 non
319 1740 465 1800 committi
490 1752 664 1800 sermonem
690 1747 852 1800 secretum.
888 1739 989 1814 cogito
1015 1739 1105 1813 enim,

123 1835 214 1898 quam
228 1824 331 1885 multis
346 1823 492 1884 militibus
507 1839 568 1884 non
584 1838 708 1898 semper
725 1821 837 1883 sobriis
853 1829 884 1882 et
896 1823 1063 1897 imperator
1076 1829 1106 1883 et

121 1907 265 1967 tribunus
276 1914 308 1967 et
322 1907 463 1968 centurio·
475 1907 605 1968 tacenda
620 1906 839 1967 mandaverint.
858 1907 905 1966 Ile
918 1905 968 1965 illa
984 1907 1015 1966 C.
1031 1905 1104 1965 Cae·

124 1991 203 2050 sanis
219 1991 331 2065 caede,
351 1991 434 2051 illius
447 1991 533 2064 diem
550 1991 607 2067 qut
619 1988 1104 2067 superatorompeiorempuhti·

122 2087 190 2132 cam
204 2074 315 2147 tonuit,
336 2082 396 2135 tam
411 2074 558 2135 creditum
573 2082 622 2135 est
634 2073 720 2134 Tillio
738 2074 860 2134 cimbro
875 2084 965 2148 quam
983 2073 1014 2132 C.
1031 2072 1104 2132 Cas·

122 2155 180 2214 sio.
219 2156 345 2217 Cassius
365 2165 430 2219 tota
446 2159 506 2218 tila
520 2172 637 2233 aquam
649 2157 744 2217 bibita
761 2156 866 2217 ‘ltilllus
882 2156 1001 2217 Cimber
1015 2164 1046 2217 et
1059 2157 1102 2216 ni-

121 2237 201 2298 mius
222 2246 288 2299 erslt
308 2239 338 2300 in
360 2239 431 2302 vino
452 2250 484 2303 el
502 2242 677 2302 scordalum
698 2241 727 2301 itt
750 2241 829 2300 itanc
842 2254 907 2301 rem
921 2243 1043 2301 iocatus
1056 2247 1104 2301 ost

121 2318 205 2393 ipses
227 2323 300 2398 Epo,
315 2324 426 2401 inquit,
447 2325 755 2402 picemquom'fercm,
768 2328 820 2400 pot·
834 2327 932 2386 obium
942 2325 1031 2398 serre
1045 2341 1102 2384 non

82 2403 261 2498 lapponum?
292 2405 359 2468 Sibi
372 2409 508 2485 quisque
518 2426 600 2470 nuno
621 2410 756 2470 nominet
776 2425 848 2483 eos,
872 2407 986 2484 quibus
1000 2408 1058 2467 scit
1073 2415 1101 2468 et

119 2501 227 2550 vinum
237 2493 317 2552 malo
331 2493 414 2553 credi
429 2500 459 2553 et
473 2505 645 2554 sermonem
660 2493 753 2553 benet
775 2509 870 2553 unum
883 2500 984 2553 tamen
1000 2506 1100 2551 exem-

116 2569 220 2648 plum,
238 2575 323 2652 quod
337 2577 475 2637 occurrit
483 2576 573 2652 mihi,
587 2579 732 2651 reseram,
748 2593 790 2636 rte
801 2577 971 2637 intercidat.
991 2577 1101 2635 instru-

117 2653 202 2717 enda
216 2667 264 2720 est
277 2661 356 2719 enim
371 2661 433 2722 nita
448 2662 599 2735 exemplis
610 2660 797 2722 inlustribus.
821 2671 882 2721 non
895 2672 1019 2735 setnper
1030 2670 1101 2719 con·

82 2743 107 2798 ‚4
116 2731 273 2810 fugiamus
288 2743 327 2803 ad
345 2753 461 2804 veterat
489 2745 523 2804 L.
537 2744 723 2818 Pisoputbis·
735 2751 853 2820 custos,
867 2743 970 2804 ebrius
986 2759 1025 2802 ert
1041 2759 1102 2816 quo

115 2826 217 2913 sonet
231 2827 330 2887 lactus
343 2834 400 2902 est,
416 2829 479 2888 luit.
500 2829 645 2889 maiorem
661 2835 778 2905 partem
793 2828 937 2889 molisio
959 2827 1102 2887 convivio

113 2907 271 2993 erigebat.
299 2924 401 2983 nsque
422 2911 453 2970 in
473 2912 584 2972 boram
602 2913 667 2973 lere
688 2918 807 2974 sentam
829 2910 1016 2974 dormiebam
1042 2910 1102 2969 hoc

112 2992 186 3080 ⁰¹⁸⁸.
209 2999 274 3051 erat
293 2993 481 3054 matutinum.
513 2996 646 3056 ollicIum
668 3005 768 3058 tamon
797 3013 899 3070 soum,
927 3011 989 3071 quo
1010 2993 1103 3055 tutela

109 3064 203 3128 urbis
225 3075 450 3150 continebatur,
478 3079 708 3154 diligentissime
729 3079 959 3141 administravit.
980 3077 1052 3138 huic
1074 3082 1103 3136 et

109 3140 208 3212 divus
228 3159 491 3236 commandati
510 3170 630 3223 secreta
644 3163 802 3237 mandata,
825 3176 895 3225 cum
915 3161 998 3223 illum
1014 3177 1101 3236 prae·

90 3237 421 3318 timerettimcret,
449 3261 543 3320 quam
561 3246 748 3321 perdomuit,
774 3256 805 3308 et
818 3246 956 3308 Tiberius
978 3242 1101 3321 plotini⁴

82 3388 91 3400 ‚
107 3318 210 3399 {cens
232 3326 263 3385 in
279 3329 491 3403 campaniam,
514 3345 583 3390 cum
599 3330 692 3391 multa
711 3329 743 3390 in
757 3331 835 3391 urbo
849 3337 879 3391 et
893 3335 1040 3406 suspecta
1053 3342 1102 3386 ne·

82 3384 266 3488 *moueret
285 3419 316 3474 el
328 3412 440 3474 innisa.
472 3411 565 3486 Puto,
588 3411 662 3489 quio
674 3413 755 3474 bone
770 3420 908 3476 cesserat
921 3412 964 3474 illi
979 3408 1101 3472 Pisonis

92 3466 249 3567 obruas,
273 3504 396 3572 postea
421 3499 559 3562 Cossum
585 3498 660 3560 iecit
675 3499 764 3561 urbis
781 3498 985 3574 praetectum,
1002 3493 1101 3554 uirum
