2422 3862
254 211 426 272 EPISTUL.
443 210 538 272 MOR.
556 212 629 271 LIB.
643 212 721 272 xlll.
738 211 796 273 ΕΡ.
811 221 838 274 3.
857 220 871 288 (
907 220 929 286 .)
1019 212 1083 278 247

92 368 246 427 bonorum
261 379 375 438 genera
390 364 597 437 inducentem,
619 364 711 425 modo
726 362 960 438 Academicum,
982 367 1084 428 omnia
1110 421 1114 426 Α

91 453 211 511 incerta
228 448 394 507 dicentem=
420 448 548 521 adparet
568 446 642 507 nihil
662 448 772 509 horum
794 462 866 508 esse
886 449 917 508 in
939 447 1007 524 illo,
1033 449 1084 511 cui

91 534 198 596 omnia
222 533 333 590 insunt,
371 530 430 592 ista
450 531 529 590 enim
550 530 627 591 inter
647 546 682 591 se
697 530 857 591 dissident.
894 534 1009 594 Demus
1025 533 1083 594 illis

91 619 259 679 Homerum
278 614 495 690 philosophum
510 614 622 676 luisse:
645 630 757 690 nempe
772 615 897 689 sapiens
913 618 1011 677 lactus
1027 625 1083 692 est,

93 709 260 775 antequam
276 697 411 759 carmina
425 697 488 757 ulla
508 705 726 773 cognosceret:
748 713 822 772 ergo
844 699 896 759 illo
917 700 1082 775 discamus,

94 799 176 859 quae
191 783 358 842 Homerum
373 784 475 842 secere
490 781 669 857 sapientem.
701 782 769 844 Hoc
786 779 1114 859 quidcnrt‘rne‘rquae·6

92 885 178 941 rere,
192 875 261 926 uter
274 867 372 927 maior
385 872 483 926 aetate
497 866 601 939 luerit,
614 867 767 927 Homerus
782 882 820 925 an
835 867 1005 942 Hesiodus,
1021 885 1083 928 non

93 952 192 1026 magis
216 951 339 1010 adrem
362 950 492 1031 pertinet
515 966 604 1025 quam
630 951 723 1024 scire,
751 964 821 1009 cum
840 949 939 1012 minor
957 951 1084 1013 Hecuba

93 1035 186 1097 luerit
201 1050 293 1110 quam
303 1034 429 1104 Helena,
446 1049 541 1108 quare
555 1042 616 1094 tam
631 1035 709 1093 male
720 1034 821 1093 tulerit
835 1043 974 1096 aetatem.
991 1036 1085 1111 quida
1142 1034 1146 1039 ’

93 1119 236 1194 inquam,
260 1133 358 1177 annos
375 1116 506 1177 Patrocli
526 1124 556 1177 et
569 1118 697 1177 Achillis
717 1117 872 1192 inquirere
887 1121 925 1179 ad
941 1136 1006 1178 rem
1021 1121 1083 1180 exi·

94 1205 202 1265 stimas
224 1202 397 1276 pertineret
442 1200 584 1274 Quaeris,
612 1202 718 1262 Ulixes
739 1201 791 1262 ubi
811 1203 957 1263 erraverit
982 1203 1113 1279 potiusr

96 1302 189 1364 quam
205 1285 333 1359 cilicias,
349 1301 461 1345 nenos
478 1301 601 1360 semper
616 1291 774 1347 erremus?
805 1303 865 1346 non
887 1295 976 1348 vacat
999 1287 1084 1348 audi·

93 1387 143 1445 re,
167 1376 265 1429 utrum
288 1371 365 1429 inter
383 1369 497 1429 ltaliam
519 1377 548 1429 et
570 1368 702 1429 Siciliam
724 1370 853 1430 iactatus
875 1372 973 1431 sitan
998 1379 1085 1431 extra

94 1460 202 1515 notum
223 1454 314 1513 nobis
339 1453 453 1513 orbem.
492 1470 593 1530 neque
617 1454 697 1512 enim
717 1453 817 1529 potuit
833 1454 863 1512 in
877 1462 938 1514 lam
953 1461 1083 1529 angusto

94 1553 182 1598 error
202 1554 273 1598 esse
293 1545 354 1597 tam
375 1539 502 1612 longus:
525 1545 722 1613 tempestates
738 1553 795 1596 nos
809 1533 900 1596 animi
916 1539 1028 1599 cotidie
1041 1539 1083 1597 ia-

94 1629 179 1682 ctant
193 1629 223 1682 et
236 1621 370 1697 nequitia
384 1621 414 1681 in
430 1623 531 1682 omnia
545 1620 644 1682 UlixIs
662 1623 742 1681 malo
762 1620 893 1695 inpellit:
915 1638 976 1681 non
997 1621 1085 1681 deest

94 1707 209 1780 forma,
226 1721 306 1788 quae
321 1705 463 1767 sollicitet
481 1707 603 1779 oculos,
626 1722 686 1765 non
707 1705 816 1765 hostis.
857 1703 928 1763 hinc
947 1713 1086 1766 monstra

95 1790 193 1850 effera
207 1797 238 1849 et
250 1780 383 1850 humano
400 1807 510 1851 cruore
525 1789 697 1865 gaudentia,
717 1789 788 1848 hinc
802 1787 953 1849 insidiosa
967 1789 1085 1849 blandi-

95 1880 200 1932 menta
214 1873 344 1947 aurium,
366 1874 436 1952 irinc
458 1875 615 1948 naufragia
636 1882 666 1934 et
680 1881 724 1933 tot
742 1872 905 1934 varietates
921 1873 1084 1934 malorum:

94 1958 157 2018 hoc
173 1973 222 2017 me
235 1958 321 2032 doce,
338 1959 493 2034 quomodo
508 1959 637 2033 patriam
652 1973 758 2028 amem,
776 1957 931 2031 quomodo
946 1973 1084 2032 uxorem,

96 2042 254 2118 quomodo
269 2049 395 2117 patrem,
410 2043 566 2117 quomodo
582 2042 621 2101 ad
636 2043 713 2101 llaec
728 2048 793 2104 tarn.
803 2041 933 2102 lroncsta
949 2043 996 2101 vel
1009 2057 1082 2101 nau·

95 2126 203 2201 irogus
218 2127 369 2200 navigem.
408 2127 485 2200 Quid
511 2125 656 2202 inquiriS,
679 2143 717 2185 an
738 2125 894 2200 Penelope
917 2126 1113 2204 [inlpudicas

95 2211 200 2283 luerit,
226 2227 264 2270 an
287 2211 381 2270 verba
403 2212 509 2272 seculo
528 2227 585 2271 suo
602 2211 742 2271 dederim
786 2226 824 2269 an
852 2210 972 2270 Ulixem
1002 2210 1086 2271 illum

95 2310 177 2366 esse,
195 2310 286 2369 quem
307 2293 439 2370 videbat
455 2303 616 2369 antequam
630 2295 730 2368 sciret,
746 2295 903 2369 suspicata
915 2295 975 2354 sit?
1006 2295 1085 2372 doce
1140 2313 1143 2317 ’

95 2394 159 2448 me,
188 2378 262 2452 quid
283 2378 323 2438 sit
345 2378 489 2453 pudicitia
504 2386 534 2438 et
550 2387 695 2454 quantum
711 2379 741 2437 in
757 2395 795 2438 ea
809 2378 938 2452 bonum,
964 2377 994 2436 in
1018 2395 1084 2438 cor-

95 2476 174 2537 pore
193 2478 229 2520 an
249 2461 394 2522 inanimo
413 2463 512 2538 posita
533 2464 581 2523 sit.
624 2462 679 2521 Ad
698 2460 886 2523 musicum
908 2468 1113 2528 transeo:9

96 2547 194 2605 doces
209 2560 266 2620 me,
282 2547 439 2622 quomodo
454 2546 532 2607 inter
547 2562 582 2605 se
597 2552 704 2606 acutae
719 2561 756 2605 ac
770 2561 881 2619 graves
898 2560 993 2604 voces
1012 2561 1084 2605 con·

95 2637 223 2703 sonent,
247 2632 403 2704 quomodo
418 2646 581 2691 nervorum
598 2629 753 2703 disparem
768 2628 959 2688 reddentium
975 2643 1084 2688 sonum

95 2713 149 2772 fiat
164 2716 345 2774 concordio:
368 2717 416 2775 loc
432 2715 549 2790 potius,
568 2712 723 2788 quomodo
738 2711 859 2772 animus
875 2727 980 2772 secum
998 2727 1085 2773 nreus
1114 2708 1120 2715 ’
1160 2738 1182 2782 γ

97 2806 249 2858 consonet
269 2815 326 2858 nec
348 2799 477 2859 consilia
500 2813 568 2857 mea
594 2796 780 2872 discrepent.
825 2802 979 2857 monstras
1002 2795 1084 2871 mihi,
1195 2796 1198 2801 '

96 2882 149 2955 qui
161 2880 222 2941 sint
234 2883 317 2942 modi
337 2882 472 2944 flebiles:
490 2890 626 2942 monstra
642 2882 754 2956 potius,
770 2882 926 2956 quomodo
942 2881 1020 2941 inter
1031 2880 1085 2940 ad·

96 2981 187 3025 versa
213 2982 273 3025 non
297 2966 429 3027 emittam
449 2965 581 3027 flebilem
597 2980 715 3026 vocem.
758 2964 889 3026 Metiri
915 2981 969 3025 me
993 2981 1129 3040 geo-10

95 3058 239 3109 metros
261 3051 377 3111 docet
391 3050 548 3111 latifundia
565 3050 772 3125 potiusquam
790 3050 914 3124 doceat,
930 3049 1085 3124 quomodo

95 3133 218 3207 metiar,
245 3144 391 3210 quantum
416 3134 530 3194 homini
555 3134 630 3194 satis
654 3134 703 3193 sit.
746 3148 947 3192 numerare
974 3133 1088 3194 docet

94 3233 150 3276 me
178 3217 459 3290 [arithmetico]
487 3225 517 3277 et
541 3217 686 3278 avaritiae
708 3217 883 3298 commodat
903 3216 1014 3291 digitos
1031 3233 1084 3292 po·-

95 3301 156 3361 tius
177 3318 270 3376 quarn
285 3302 396 3362 doceat
408 3301 482 3361 nihil
497 3301 536 3361 ad
556 3318 619 3362 rem
637 3300 788 3376 pertinere
803 3301 879 3361 istas
895 3301 1086 3375 conputatio·
1125 3362 1128 3371 ,

95 3401 170 3459 nes,
198 3401 260 3444 non
282 3401 355 3446 esse
377 3384 555 3458 feliciorem,
587 3385 674 3445 cuius
689 3384 903 3458 patrimonium
918 3382 1087 3443 tabularios

95 3469 209 3542 lassat,
225 3467 318 3530 immo
335 3485 426 3546 quarn
447 3484 641 3544 supervacua
656 3468 831 3545 possideat,
849 3467 900 3542 qui
914 3465 1087 3526 infelicissi-
