2422 3862
122 183 164 248 74
403 186 436 244 L.
458 185 604 245 ANNAEl
627 182 803 245 SENECAE

120 347 223 402 textus
244 339 363 399 illorum
379 336 475 398 virilis
496 345 552 398 est.
581 336 827 413 inaequalitatem
842 337 923 397 scias
940 354 1027 413 esce,
1050 340 1100 401 ubi

121 439 201 500 quae
223 422 369 494 eminent,
395 431 466 483 sunt
485 421 640 483 notabilia.
675 437 737 480 non
760 428 808 481 est
826 421 1021 485 admirationi
1040 442 1100 486 una

120 508 227 581 arbor,
254 507 306 566 ubi
330 507 361 566 in
389 507 527 566 eamdem
550 505 737 566 altitudinem
764 512 828 566 tota
854 504 932 566 silva
959 507 1100 570 surrexit.

91 591 278 655 tEiusmodi
289 591 420 652 vocibus
436 590 550 651 relenta
560 597 630 650 sunt
642 591 785 663 earmina,
801 591 933 651 refertae
944 590 1098 654 historiae.

119 675 224 753 itaque
238 677 310 736 nolo
326 674 394 737 illas
409 674 532 751 Epicuri
548 673 705 734 existimes
720 685 807 735 esse:
830 672 971 749 publicae
987 684 1059 738 sunt
1072 684 1102 738 et

119 761 252 820 maxime
273 767 406 820 nostrae.
440 760 496 820 sed
517 760 568 820 illo
585 760 685 833 magis
701 759 897 832 adnotantur,
928 761 1001 835 quia
1014 778 1101 821 rarae

120 846 238 904 interim
253 844 464 917 interveniunt,
482 843 553 919 quia
567 841 757 918 insperatae,
774 837 846 918 q‘ula
859 841 1030 906 mirumest
1041 847 1099 906 ior·

120 930 189 989 titer
209 927 324 1005 aliquid
339 927 399 988 dici
415 922 457 988 'ab
472 927 595 988 homine
610 927 765 990 mollitiam
783 928 934 1007 professo.
964 927 1007 989 ita
1021 931 1099 990 enim

121 1012 260 1088 plerique
282 1013 431 1074 iudicant=
461 1012 544 1088 apud
567 1028 615 1072 me
632 1011 786 1087 Epicurus
801 1019 848 1072 est
863 1018 893 1071 et
908 1013 1010 1088 tomis,
1033 1013 1100 1074 licet

119 1099 310 1158 manuleatus
325 1097 373 1158 sit.
402 1096 547 1158 tortitudo
563 1103 593 1155 et
607 1096 755 1157 industria
770 1102 801 1156 et
814 1096 854 1155 ad
871 1096 981 1157 bellum
999 1115 1099 1174 prom·

91 1187 175 1258 opta
190 1196 277 1242 mens
293 1190 354 1242 tam
369 1181 399 1240 in
412 1180 524 1242 ¹Persas
540 1195 632 1256 quam
647 1180 677 1239 in
693 1183 751 1240 alte
767 1179 885 1241 cinctos
900 1181 991 1259 cadit
1023 1183 1099 1242 lton

120 1274 179 1326 est
211 1280 301 1341 ergo,
337 1266 439 1341 quod
470 1265 605 1340 exigas
638 1273 825 1340 excerpta
851 1273 887 1326 et
916 1267 1099 1342 repetita:

120 1350 296 1411 continuum
319 1359 367 1411 est
387 1349 469 1425 apud
490 1357 614 1410 nostros
637 1348 782 1424 quicquid
802 1349 885 1424 apud
902 1350 980 1410 alios
996 1365 1098 1410 excer-

118 1435 210 1511 pitur.
247 1450 309 1496 non
331 1434 480 1494 habemus
501 1432 605 1509 itaque
625 1433 684 1493 ista
707 1433 844 1494 ocliferia
859 1449 916 1493 nec
933 1443 1098 1510 emptorem

119 1519 290 1595 decipimus
307 1519 604 1592 nihilinvcnturnm,
627 1533 696 1578 cum
710 1517 880 1590 intraverit,
903 1527 1027 1592 praeter
1041 1519 1097 1591 illa,

120 1618 201 1678 quae
222 1605 252 1664 in
275 1605 374 1664 ironte
395 1614 550 1678 suspensa
570 1609 650 1663 sunt.
684 1601 762 1677 ipsis
782 1601 998 1678 permittimus,
1017 1603 1098 1664 unde

90 1687 214 1750 lvelint
234 1698 357 1749 sumere
377 1689 544 1762 exemplar.
581 1684 657 1748 Puta
673 1702 731 1746 nos
747 1687 828 1746 velle
843 1685 1016 1762 singulares
1032 1703 1098 1749 een·

119 1774 229 1834 tentiae
252 1788 291 1832 ex
312 1772 400 1832 turba
420 1784 581 1847 separare:
609 1771 659 1830 oui
680 1771 747 1831 illas
763 1771 1016 1845 adsignabimus?
1045 1772 1098 1831 Ze-

118 1858 189 1918 noni
206 1871 245 1918 an
262 1856 397 1918 Cleanthi
411 1873 450 1917 an
467 1855 641 1934 chrysippo
656 1871 696 1914 an
705 1853 849 1915 Panaetio
861 1869 900 1914 aa
913 1853 1099 1918 Posidonio?

117 1957 180 2002 non
197 1954 303 2003 sumus
319 1941 476 2016 subregez
498 1938 557 2000 sihi
569 1938 904 2015 quisquesevindicat
928 1941 1013 2015 apud
1023 1941 1097 2002 istos

120 2027 268 2101 quicquid
290 2025 363 2085 dicit
385 2023 606 2098 Hermarchus,
640 2021 787 2099 quiequid
814 2022 1026 2098 Metrodorus,
1060 2023 1098 2085 ad

120 2125 211 2169 unum
226 2110 365 2169 retertur.
395 2109 497 2168 omnia
512 2122 593 2184 quae
607 2107 770 2183 quisquam
786 2108 817 2166 in
830 2107 882 2167 illo
899 2108 1097 2170 contubernio

120 2194 241 2253 locutus
256 2200 318 2267 est,
335 2192 426 2253 unius
441 2193 535 2253 duotu
546 2201 576 2253 et
588 2191 736 2266 auspiciis
748 2192 829 2253 dicta
840 2199 919 2253 sant.
946 2192 1014 2254 Non
1027 2209 1097 2268 pos·
1116 2262 1119 2267 ¹

62 2293 65 2298 ·
119 2293 243 2350 sumus,
271 2276 411 2352 inquam,
440 2277 510 2337 licet
534 2283 734 2351 temptemus,
762 2275 895 2337 educere
919 2277 1037 2354 aliquid·
1060 2293 1096 2339 eu

118 2367 202 2422 tantu
216 2375 317 2422 rerum
333 2360 504 2436 aequalium
518 2357 720 2421 multitudine.

318 2490 463 2562 pauperis
477 2493 520 2548 est
533 2503 693 2548 numerare
703 2503 804 2563 pectas.

120 2613 319 2688 Quocumque
338 2612 459 2672 miseris
474 2613 611 2684 oculum,
632 2613 665 2672 id
680 2610 734 2672 tibi
749 2618 903 2687 occurret,
928 2613 1014 2688 quod
1027 2611 1095 2672 emi·

91 2707 194 2758 ancre
219 2705 342 2772 posset,
363 2697 422 2756 nisi
445 2695 524 2756 inter
550 2697 636 2772 paria
656 2698 819 2773 legeretur.
855 2696 955 2770 Quare
975 2697 1097 2772 depone

119 2781 208 2840 istam
227 2797 329 2856 spem,
352 2794 450 2856 posse
464 2788 494 2840 te
509 2781 680 2841 sannmatim
692 2782 857 2857 degustare
871 2781 994 2857 ingenia
1004 2779 1096 2841 maxi-

119 2881 236 2925 morum
253 2866 402 2927 virorum:
427 2871 489 2926 tota
505 2863 559 2925 tibi
577 2864 768 2940 inspicienda
784 2872 869 2939 sunt,
890 2871 956 2926 tota
969 2872 1096 2926 tractan-

119 2949 168 3008 da.
198 2964 249 3008 res
267 2949 381 3031 geritur
396 2957 426 3009 et
440 2965 496 3025 per
511 2948 693 3010 lineamenta
709 2966 767 3011 sua
781 2949 894 3025 ingenii
911 2966 991 3025 opus
1006 2949 1096 3009 necli-

119 3040 176 3106 tur,
199 3048 239 3092 ex
261 3048 321 3107 quo
343 3032 415 3094 nihil
436 3033 567 3094 subduci
587 3034 654 3094 sine
667 3035 756 3096 ruina
772 3040 881 3110 potest.
905 3049 963 3095 nec
976 3048 1094 3103 recuso,

120 3132 182 3191 quo
206 3116 305 3183 minus
325 3119 445 3194 singula
464 3118 616 3190 membra,
639 3119 805 3180 dummodo
826 3119 856 3177 in
878 3119 948 3195 ipso
966 3116 1095 3189 homine,

120 3201 314 3262 considerem
347 3218 406 3263 non
429 3211 476 3263 est
498 3203 647 3277 formosa,
678 3201 765 3262 euius
790 3219 862 3264 crus
882 3202 1026 3264 laudatur
1049 3208 1097 3262 aut

119 3284 290 3360 brachium,
318 3288 374 3347 sed
394 3287 459 3360 illa,
485 3287 573 3347 cuius
592 3286 737 3346 universa
757 3287 852 3348 lacios
868 3286 1096 3347 admirationem

89 3369 255 3444 apartibus
277 3370 405 3447 singulis
427 3370 560 3431 abstulit.
595 3370 628 3431 Si
649 3378 749 3431 tamen
772 3370 930 3447 exegeris,
959 3388 1022 3433 nou
1039 3378 1096 3431 tam

117 3454 257 3515 mendice
273 3462 372 3516 terum
388 3470 489 3530 agam,
508 3456 562 3516 sed
577 3457 667 3530 plena
680 3473 771 3517 manu
782 3456 849 3517 heta
872 3453 982 3532 ingens
992 3468 1095 3517 eorum
