2422 3862
447 230 680 285 PRAEFATIO.
1019 246 1075 285 xm

56 371 146 435 quando
172 378 224 420 aut
246 369 310 419 mibi
333 376 377 418 aut
394 368 440 418 ulii
458 370 558 420 vacabit
578 371 645 421 iusto
670 371 849 421 commentario
872 371 973 437 singule
996 373 1075 423 verbe

56 439 220 508 einqniseque
238 440 382 491 sententiae¹
394 439 533 490 adeorum
551 440 672 490 librorum
691 454 804 490 normam
819 440 938 505 exigere,
963 441 995 490 de
1010 457 1074 504 quo·

57 526 107 563 rum
121 511 229 576 origine
248 522 300 559 non
319 508 461 567 dubitatum
485 523 568 571 neque
590 510 666 559 ctiam
684 510 754 573 qued
771 511 847 572 quest·
860 511 887 558 in
904 509 1001 576 dialogi
1023 510 1075 561 lor·

56 596 117 631 mam
129 588 205 629 totus
220 579 289 629 liber
306 578 559 642 compositus-estete
576 576 674 629 Seneca
689 578 803 630 alienum
822 579 907 629 videri
919 580 1007 639 debet3
1031 596 1074 630 eo-

57 651 109 701 dem
122 649 192 700 enim
205 648 316 699 artificio
331 647 407 697 etiem
424 647 451 695 iu
468 646 572 709 reliquis
588 646 660 698 libris
680 650 767 699 creber
776 657 824 706 eet,
843 662 897 698 nee
904 649 996 698 mirum
1007 651 1075 712 quod

56 719 187 785 aliquando
205 726 289 768 totum
308 717 424 779 aliquem·
436 716 530 767 librum
545 731 602 769 una.
613 715 662 767 bec
676 717 759 769 lerose
772 718 923 783 composuit.
961 716 1017 768 Sed.
1031 721 1075 781 qni

57 790 136 840 medio
161 788 232 851 quod
256 787 350 837 dicitur
372 801 435 836 aero
453 785 521 837 bunc
541 785 633 836 librum
657 795 809 846 tractarunt,
828 798 887 837 cum
907 795 988 837 artem
1005 788 1074 838 illam

58 861 141 909 miuus:
155 864 358 920 nossent·quam
375 855 493 921 vulgaria
511 853 563 904 illo
575 864 690 922 tempore
706 859 818 908 carmine
836 857 867 907 da
883 857 1002 907 coniliotn
1021 859 1076 907 ani-

59 943 112 978 mee
128 927 299 992 eleemonis,
321 923 446 976 Titeoduli
467 924 584 991 eclogam
599 933 623 975 et
644 925 696 977 alia
719 927 747 976 id
771 938 852 992 genus
879 926 973 990 multa,
1005 928 1076 992 ipsos

57 997 169 1063 dialogos
184 1010 242 1046 cum
260 996 315 1045 suis
331 992 528 1046 collocatoribus
541 996 711 1046 restituendos
726 997 776 1045 rati
791 997 861 1045 varia
875 994 1076 1059 colloquentium

56 1068 159 1117 uomina
170 1065 315 1124 fluxerunt3
331 1063 389 1128 luit,
405 1065 448 1128 qui
466 1063 761 1115 &oecumetNerouem
779 1073 908 1128 tamqnam
924 1066 1075 1130 magistrum

56 1146 79 1187 et
97 1135 253 1202 discipulum
269 1133 440 1196 colloquentes
460 1133 590 1184 induceret
597 1152 609 1194 ;,
621 1133 784 1186 Hildebertus
801 1148 861 1184 vero
883 1136 910 1183 in
935 1135 1019 1199 capite
1044 1135 1076 1185 dc

56 1206 208 1257 fortitudine
221 1203 323 1254 illorum
340 1202 395 1253 loco
412 1203 539 1253 Timorem
558 1211 584 1253 et
597 1202 768 1255 Securitatem·
787 1219 816 1254 ac
835 1205 928 1255 deiude
945 1204 1076 1254 Hominem

55 1286 78 1326 et
91 1274 260 1326 Securitatem
279 1273 378 1338 posuit;
396 1273 512 1338 plerique
528 1273 597 1323 haud
614 1273 711 1325 indocte
724 1273 788 1324 locis
801 1272 910 1324 lortasee
922 1273 1076 1337 quibusdum

55 1345 168 1396 Senecae
187 1343 244 1404 usi,
261 1350 291 1392 nt
315 1357 355 1407 ep.
376 1340 427 1401 tto,
443 1340 488 1394 32
505 1341 549 1394 35.
574 1339 681 1394 Sensum
706 1351 731 1393 et
752 1344 884 1394 Rationem
903 1343 1013 1405 colloqui
1032 1359 1076 1393 vo-

55 1415 171 1472 lneruut;
194 1413 248 1462 sed.
261 1412 365 1462 nomina
382 1411 447 1462 baec
468 1413 495 1460 in
513 1413 587 1464 codd.
605 1427 666 1462 mss.
686 1413 742 1462 eine
757 1412 810 1463 ullo
825 1414 902 1463 totius
922 1413 980 1462 libri
998 1413 1076 1463 detri-

58 1491 145 1535 mento,
155 1482 257 1533 adiecta
271 1489 296 1530 et
309 1480 459 1545 plerumque
476 1481 585 1546 singulis
603 1482 694 1533 litteris
716 1482 859 1547 significata
883 1489 957 1540 snut,
983 1482 1077 1532 deinde

57 1561 138 1605 autem
155 1565 253 1603 rursus.
265 1551 362 1600 omissa
379 1551 405 1600 in
428 1551 534 1601 vetustis
556 1552 786 1602 inmeditionibns-
797 1553 852 1602 siva
867 1552 990 1601 bonorum
1008 1551 1077 1601 codi-

55 1638 112 1673 cum
130 1620 279 1672 auctoritate
298 1621 353 1670 sive
371 1621 447 1670 etiem
466 1628 534 1670 recto
556 1621 665 1680 iudicio;
692 1622 803 1671 recentia
822 1621 891 1670 enim
915 1634 972 1669 esse
992 1621 1077 1685 arguit

55 1690 262 1756 ipsanominum
276 1688 377 1739 illoram
397 1690 522 1749 varietas,
543 1690 608 1740 adeo
627 1697 654 1740 ut
670 1692 747 1742 etiam
761 1689 928 1756 praelationis
948 1695 1077 1738 auctorem

54 1761 217 1812 vetustiorem
236 1774 293 1810 esse
312 1761 433 1824 suspicer.
469 1760 585 1809 Accessit
599 1760 708 1823 danique
724 1759 776 1810 alia
794 1759 920 1822 quaedam
938 1757 1077 1822 interpola-

54 1833 106 1889 tio,
126 1845 191 1894 quae
207 1836 292 1880 umen
312 1833 337 1878 ct
353 1830 409 1893 ipsa
426 1829 539 1894 genuino
558 1827 672 1879 Senecae
689 1830 754 1879 libro
770 1843 819 1879 nou
839 1834 953 1887 nocerem
973 1841 1034 1876 nam
1051 1836 1078 1877 ut

55 1907 116 1950 sunt
130 1900 204 1949 varia.
216 1898 349 1949 bominum
365 1898 474 1956 iudicia,
493 1912 552 1947 cum
569 1898 736 1962 praelationis
748 1907 836 1948 auctor
851 1898 930 1946 nimis
946 1897 1075 1961 prolixum

54 1970 152 2019 librum
170 1965 279 2019 Senecae
297 1974 411 2032 putasset
427 1973 452 2016 et
469 1967 610 2016 breviorem
629 1967 747 2029 lecisset,
772 1967 821 2016 luit
844 1981 932 2016 mrsus
953 1967 997 2029 qui
1021 1968 1077 2016 bre·

53 2053 111 2089 rem
128 2037 224 2088 lactum
241 2035 318 2087 vellet
335 2036 476 2101 longiorem
488 2035 557 2095 flerie
573 2037 659 2100 itaque
677 2037 769 2087 adiecit
787 2049 850 2099 quas
862 2039 917 2101 ipsa
929 2043 1003 2086 vocat
1021 2038 1077 2087 ad-

56 2108 219 2170 ditiones,
243 2121 308 2170 quae
330 2121 378 2172 ego
400 2109 426 2154 in
445 2119 496 2155 nno
515 2107 572 2156 cod.
592 2120 641 2158 ms.
661 2108 761 2172 repperi
782 2107 893 2168 itemque
910 2107 937 2155 itt
954 2121 1006 2156 uua
1023 2107 1077 2156 cdi-

55 2179 122 2227 tioue
136 2177 270 2227 rarissima
287 2176 412 2241 impressa
429 2175 532 2240 Lipsiae
551 2190 597 2240 per
611 2175 751 2226 arnoldum
766 2177 798 2227 de
816 2174 937 2235 Colonia,
955 2189 1032 2236 anno,
1049 2187 1078 2226 ut

57 2246 167 2303 videtur.
186 2244 263 2298 1495.
283 2245 408 2307 siquidem
426 2244 565 2294 verisimile
581 2253 618 2294 est
632 2245 725 2295 librum
740 2247 773 2297 de
783 2247 901 2296 remediis
914 2245 1076 2296 fortuitorum

56 2324 79 2366 et
95 2314 228 2376 „Tullum
251 2315 284 2364 de
307 2315 459 2364 senectute“
484 2314 574 2364 ecdem
595 2327 660 2364 anno
684 2315 779 2365 editum
802 2330 858 2365 esse
882 2329 940 2365 cum
966 2314 1077 2366 Senecae

55 2383 169 2450 epistolis
188 2384 344 2435 abbreviatis
365 2390 391 2432 et
406 2383 518 2434 Senecae
543 2383 606 2433 libro
631 2384 663 2434 de
681 2385 853 2449 providentia;
872 2385 972 2448 utrique
992 2391 1077 2435 autem

55 2454 143 2504 horum
162 2454 285 2504 librorum
307 2467 353 2517 per
375 2452 483 2502 eundem
504 2453 643 2503 Amoldum
666 2455 698 2503 dc
720 2454 825 2505 Colonia
846 2456 971 2520 impresso
995 2468 1077 2504 annus

55 2522 96 2573 ilia
114 2523 276 2588 subscriptus
293 2529 346 2578 est,
365 2536 453 2572 omnes
466 2532 550 2572 autem
566 2525 621 2586 pari
637 2525 721 2588 specie
740 2526 765 2574 iu
783 2538 861 2574 unum
880 2523 998 2573 volumen
1016 2537 1076 2574 con-

54 2593 154 2656 junctos
170 2593 285 2658 repperi.
327 2590 443 2641 Ceterum
461 2595 505 2654 qui
531 2592 727 2642 additiones
750 2594 865 2658 scripsit,
890 2593 946 2658 ipso
963 2591 1012 2642 hoc
1030 2609 1077 2643 no-

55 2663 120 2711 mlne
137 2659 287 2727 praeposito
306 2660 367 2710 satis
385 2661 464 2717 cavit,
487 2675 520 2711 ne
539 2662 600 2724 quid
621 2663 788 2727 supposuisse
806 2660 918 2712 Senecae
936 2663 1076 2719 rideretur:

55 2739 157 2783 secutus
176 2737 262 2780 autem
280 2727 406 2788 Senecae,
432 2737 460 2778 ut
477 2730 596 2795 putabat,
616 2731 762 2797 exemplum
777 2731 951 2795 colloquentes
970 2733 1037 2782 inter
1049 2749 1077 2783 se

56 2799 113 2850 lecit
127 2799 239 2850 Sensum
262 2805 286 2848 el
308 2799 458 2858 Rationem
482 2800 546 2849 adeo
570 2807 653 2850 autem
678 2817 727 2852 uon
749 2802 884 2854 infeliciter
903 2800 944 2851 vel
963 2801 1077 2852 imitatus

57 2885 111 2919 eum
130 2860 170 2920 ee't
184 2868 225 2919 vel
242 2869 392 2930 aemulatae,
411 2873 440 2916 ttt
449 2868 511 2917 mibi
526 2869 642 2919 videatur
653 2870 789 2921 Petraroba
804 2871 897 2933 aliquis
913 2870 954 2920 vel
968 2886 1033 2921 nnus
1046 2887 1078 2921 ex

57 2940 86 2988 iis
105 2954 178 2999 esse,
198 2940 243 3001 qui
259 2938 344 2988 seculo
358 2937 416 2987 XIV
432 2945 476 2987 aut
494 2939 596 2990 ineunte
613 2937 669 2989 XV.
690 2941 793 2991 luerunt
811 2940 990 2998 eruditissimi;
1010 2950 1077 2991 certe

58 3023 128 3060 nemo
146 3008 235 3059 credet
258 3007 367 3057 eundem
385 3021 455 3065 esse,
476 3009 519 3073 qui
536 3008 719 3073 praelationem
737 3012 849 3076 scripsit.
886 3010 963 3059 Plura
981 3010 1012 3058 tle
1030 3009 1077 3059 hu·

59 3079 95 3129 ius
110 3079 170 3129 libri
186 3077 250 3129 tatis
270 3075 378 3127 fortasse
392 3085 446 3126 tum
459 3085 650 3142 cognoscentur,
668 3095 727 3130 cum
746 3078 926 3130 vetustioribus
945 3079 1076 3130 codicibus

58 3162 115 3198 mss.
132 3149 172 3197 uti
186 3147 303 3205 licuerit;
319 3160 387 3196 nuuc
403 3147 471 3194 euim
487 3148 519 3197 de
535 3146 605 3197 nullo
624 3147 687 3198 mihi
699 3157 796 3200 constat
814 3150 863 3199 nisi
883 3149 927 3211 qui
945 3150 978 3197 sit
996 3147 1077 3199 seculi

59 3216 114 3266 XIV
129 3225 175 3268 aut
192 3215 251 3270 XV,
271 3216 317 3266 sed
331 3230 387 3266 cum
405 3215 544 3267 habeamus
562 3218 706 3269 testimonia
725 3220 756 3269 de
774 3233 805 3268 eo
823 3217 975 3269 Tertulliani
992 3217 1077 3267 etiiil·

59 3286 151 3338 teberti
169 3297 195 3336 et
210 3286 341 3337 vincentii
355 3283 558 3344 bellovacensis,
578 3294 602 3337 et
620 3289 725 3338 tacitum
740 3287 816 3351 illud,
836 3289 868 3338 de
886 3302 936 3350 quo
954 3286 1020 3336 inira
1039 3288 1077 3336 di-

60 3369 118 3416 cam,
133 3358 194 3408 libri
214 3356 247 3406 de
266 3356 394 3414 moribus,
408 3356 540 3419 probabile
556 3364 594 3406 est
610 3356 670 3406 olim
690 3358 791 3408 codices
810 3357 880 3407 haud
899 3370 996 3422 paucos
1012 3359 1079 3405 exti-

60 3425 115 3477 tisse
131 3435 212 3490 atque
226 3425 301 3475 etiam
317 3425 397 3484 tales,
416 3426 443 3472 iu
462 3426 553 3488 quibus
567 3427 680 3480 nondum
694 3438 784 3482 assuta
802 3425 1017 3494 essetpraelat'to
1034 3423 1095 3470 stur·

61 3493 147 3559 liticia,
168 3497 202 3547 de
214 3495 304 3557 quibos
315 3511 363 3561 ego
375 3509 448 3560 spent
467 3495 649 3564 deponendam
668 3517 722 3557 non
741 3503 870 3557 existimo
880 3504 1033 3567 propterea
1042 3488 1121 3551 quon

89 3584 189 3620 cresce
200 3568 326 3622 rmnlll.
877 3579 901 3634 t,
