<?xml version="1.0" encoding="UTF-8"?>
<!DOCTYPE html PUBLIC "-//W3C//DTD XHTML 1.0 Transitional//EN"
    "http://www.w3.org/TR/xhtml1/DTD/xhtml1-transitional.dtd">
<html xmlns="http://www.w3.org/1999/xhtml" xml:lang="en" lang="en">
 <head>
  <title>
</title>
<meta http-equiv="Content-Type" content="text/html;charset=utf-8" />
  <meta name='ocr-system' content='tesseract 3.04.00' />
  <meta name='ocr-capabilities' content='ocr_page ocr_carea ocr_par ocr_line ocrx_word'/>
</head>
<body>
  <div class='ocr_page' id='page_1' title='image "./lannaeisenecaeo06senegoog_0061.png"; bbox 0 0 2422 3862; ppageno 0'>
   <div class='ocr_carea' id='block_1_1' title="bbox 113 247 1089 314">
    <p class='ocr_par' dir='ltr' id='par_1_1' title="bbox 113 247 1089 314">
     <span class='ocr_line' id='line_1_1' title="bbox 113 247 1089 314; baseline -0.004 0"><span class='ocrx_word' id='word_1_1' title='bbox 113 251 156 314; x_wconf 76' lang='lat'>24</span> <span class='ocrx_word' id='word_1_2' title='bbox 199 253 231 312; x_wconf 90' lang='lat' dir='ltr'>L.</span> <span class='ocrx_word' id='word_1_3' title='bbox 250 251 396 311; x_wconf 82' lang='lat' dir='ltr'>ANNAEI</span> <span class='ocrx_word' id='word_1_4' title='bbox 417 249 592 310; x_wconf 81' lang='lat' dir='ltr'>SENECAE</span> <span class='ocrx_word' id='word_1_5' title='bbox 614 251 732 313; x_wconf 88' lang='lat' dir='ltr'>EPIST.</span> <span class='ocrx_word' id='word_1_6' title='bbox 745 247 921 310; x_wconf 69' lang='grc'><strong>11011113.</strong></span> <span class='ocrx_word' id='word_1_7' title='bbox 938 250 958 308; x_wconf 92' lang='lat' dir='ltr'>l.</span> <span class='ocrx_word' id='word_1_8' title='bbox 975 249 1032 308; x_wconf 89' lang='lat' dir='ltr'>EP.</span> <span class='ocrx_word' id='word_1_9' title='bbox 1051 257 1089 310; x_wconf 80' lang='lat' dir='ltr'>m</span> 
     </span>
    </p>
   </div>
   <div class='ocr_carea' id='block_1_2' title="bbox 38 397 1095 3334">
    <p class='ocr_par' dir='ltr' id='par_1_2' title="bbox 38 397 1091 1066">
     <span class='ocr_line' id='line_1_2' title="bbox 38 397 1090 478; baseline 0 -18"><span class='ocrx_word' id='word_1_10' title='bbox 38 442 42 447; x_wconf 81' lang='lat'><em>·</em></span> <span class='ocrx_word' id='word_1_11' title='bbox 71 441 80 448; x_wconf 69' lang='lat'>.-</span> <span class='ocrx_word' id='word_1_12' title='bbox 113 401 191 474; x_wconf 86' lang='lat' dir='ltr'>dies,</span> <span class='ocrx_word' id='word_1_13' title='bbox 212 397 323 475; x_wconf 89' lang='lat' dir='ltr'>inquit,</span> <span class='ocrx_word' id='word_1_14' title='bbox 340 420 405 478; x_wconf 85' lang='lat' dir='ltr'>por</span> <span class='ocrx_word' id='word_1_15' title='bbox 418 405 499 463; x_wconf 82' lang='lat' dir='ltr'>omni</span> <span class='ocrx_word' id='word_1_16' title='bbox 513 407 584 463; x_wconf 87' lang='lat' dir='ltr'>est.“</span> <span class='ocrx_word' id='word_1_17' title='bbox 615 404 681 464; x_wconf 91' lang='lat' dir='ltr'>Hoc</span> <span class='ocrx_word' id='word_1_18' title='bbox 697 403 774 465; x_wconf 88' lang='lat' dir='ltr'>alius</span> <span class='ocrx_word' id='word_1_19' title='bbox 791 401 876 463; x_wconf 88' lang='lat' dir='ltr'>aliter</span> <span class='ocrx_word' id='word_1_20' title='bbox 890 401 1027 477; x_wconf 76' lang='lat' dir='ltr'>excepit:</span> <span class='ocrx_word' id='word_1_21' title='bbox 1048 401 1090 460; x_wconf 90' lang='lat' dir='ltr'>di-</span> 
     </span>
     <span class='ocr_line' id='line_1_3' title="bbox 113 482 1090 566; baseline 0.002 -24"><span class='ocrx_word' id='word_1_22' title='bbox 113 482 157 543; x_wconf 85' lang='lat' dir='ltr'>xit</span> <span class='ocrx_word' id='word_1_23' title='bbox 178 483 257 542; x_wconf 93' lang='lat' dir='ltr'>enim</span> <span class='ocrx_word' id='word_1_24' title='bbox 279 500 390 566; x_wconf 90' lang='lat' dir='ltr'>parem</span> <span class='ocrx_word' id='word_1_25' title='bbox 406 500 477 546; x_wconf 89' lang='lat' dir='ltr'>esse</span> <span class='ocrx_word' id='word_1_26' title='bbox 497 484 596 562; x_wconf 88' lang='lat' dir='ltr'>horis,</span> <span class='ocrx_word' id='word_1_27' title='bbox 618 503 676 548; x_wconf 87' lang='lat' dir='ltr'>nec</span> <span class='ocrx_word' id='word_1_28' title='bbox 695 487 847 548; x_wconf 75' lang='lat' dir='ltr'><strong>mentitur.</strong></span> <span class='ocrx_word' id='word_1_29' title='bbox 885 502 954 545; x_wconf 90' lang='lat' dir='ltr'>nam</span> <span class='ocrx_word' id='word_1_30' title='bbox 976 484 1003 545; x_wconf 92' lang='lat' dir='ltr'>si</span> <span class='ocrx_word' id='word_1_31' title='bbox 1026 485 1090 544; x_wconf 92' lang='lat' dir='ltr'>dies</span> 
     </span>
     <span class='ocr_line' id='line_1_4' title="bbox 114 569 1090 646; baseline 0.002 -20"><span class='ocrx_word' id='word_1_32' title='bbox 114 574 161 626; x_wconf 87' lang='lat' dir='ltr'>est</span> <span class='ocrx_word' id='word_1_33' title='bbox 174 573 295 643; x_wconf 86' lang='lat' dir='ltr'>tempus</span> <span class='ocrx_word' id='word_1_34' title='bbox 309 569 413 644; x_wconf 87' lang='lat' dir='ltr'>viginti</span> <span class='ocrx_word' id='word_1_35' title='bbox 426 577 455 630; x_wconf 93' lang='lat' dir='ltr'>et</span> <span class='ocrx_word' id='word_1_36' title='bbox 467 577 598 646; x_wconf 88' lang='lat' dir='ltr'>quatuor</span> <span class='ocrx_word' id='word_1_37' title='bbox 609 571 769 643; x_wconf 86' lang='lat' dir='ltr'>horarum,</span> <span class='ocrx_word' id='word_1_38' title='bbox 781 585 913 630; x_wconf 88' lang='lat' dir='ltr'>necesse</span> <span class='ocrx_word' id='word_1_39' title='bbox 925 577 973 629; x_wconf 85' lang='lat' dir='ltr'>est</span> <span class='ocrx_word' id='word_1_40' title='bbox 985 584 1090 629; x_wconf 83' lang='lat' dir='ltr'>onrnes</span> 
     </span>
     <span class='ocr_line' id='line_1_5' title="bbox 113 648 1090 730; baseline 0.002 -21"><span class='ocrx_word' id='word_1_41' title='bbox 113 648 192 710; x_wconf 91' lang='lat' dir='ltr'>inter</span> <span class='ocrx_word' id='word_1_42' title='bbox 206 666 241 711; x_wconf 88' lang='lat' dir='ltr'>se</span> <span class='ocrx_word' id='word_1_43' title='bbox 257 652 324 713; x_wconf 89' lang='lat' dir='ltr'>dies</span> <span class='ocrx_word' id='word_1_44' title='bbox 341 667 433 728; x_wconf 87' lang='lat' dir='ltr'>pares</span> <span class='ocrx_word' id='word_1_45' title='bbox 448 669 535 728; x_wconf 90' lang='lat' dir='ltr'>esse,</span> <span class='ocrx_word' id='word_1_46' title='bbox 552 656 623 730; x_wconf 85' lang='lat' dir='ltr'>quia</span> <span class='ocrx_word' id='word_1_47' title='bbox 639 672 702 715; x_wconf 90' lang='lat' dir='ltr'>nox</span> <span class='ocrx_word' id='word_1_48' title='bbox 715 656 823 726; x_wconf 87' lang='lat' dir='ltr'>habel,</span> <span class='ocrx_word' id='word_1_49' title='bbox 843 655 927 729; x_wconf 85' lang='lat' dir='ltr'>quod</span> <span class='ocrx_word' id='word_1_50' title='bbox 941 653 1006 713; x_wconf 88' lang='lat' dir='ltr'>dies</span> <span class='ocrx_word' id='word_1_51' title='bbox 1022 667 1090 727; x_wconf 91' lang='lat' dir='ltr'>per·</span> 
     </span>
     <span class='ocr_line' id='line_1_6' title="bbox 114 733 1091 813; baseline 0.001 -20"><span class='ocrx_word' id='word_1_52' title='bbox 114 733 199 795; x_wconf 87' lang='lat' dir='ltr'><strong>didit.</strong></span> <span class='ocrx_word' id='word_1_53' title='bbox 225 736 314 798; x_wconf 88' lang='lat' dir='ltr'>Alius</span> <span class='ocrx_word' id='word_1_54' title='bbox 331 738 372 798; x_wconf 88' lang='lat' dir='ltr'>ait</span> <span class='ocrx_word' id='word_1_55' title='bbox 387 744 492 813; x_wconf 88' lang='lat' dir='ltr'>parem</span> <span class='ocrx_word' id='word_1_56' title='bbox 508 754 579 799; x_wconf 91' lang='lat' dir='ltr'>esse</span> <span class='ocrx_word' id='word_1_57' title='bbox 594 757 688 801; x_wconf 91' lang='lat' dir='ltr'>unum</span> <span class='ocrx_word' id='word_1_58' title='bbox 704 740 784 800; x_wconf 91' lang='lat' dir='ltr'>diem</span> <span class='ocrx_word' id='word_1_59' title='bbox 800 737 940 798; x_wconf 92' lang='lat' dir='ltr'>omnibus</span> <span class='ocrx_word' id='word_1_60' title='bbox 957 736 1091 797; x_wconf 91' lang='lat' dir='ltr'>similitu·</span> 
     </span>
     <span class='ocr_line' id='line_1_7' title="bbox 113 817 1090 899; baseline 0 -21"><span class='ocrx_word' id='word_1_61' title='bbox 113 819 198 879; x_wconf 82' lang='lat' dir='ltr'>dine:</span> <span class='ocrx_word' id='word_1_62' title='bbox 214 817 287 881; x_wconf 89' lang='lat' dir='ltr'>nibil</span> <span class='ocrx_word' id='word_1_63' title='bbox 303 821 384 881; x_wconf 93' lang='lat' dir='ltr'>enim</span> <span class='ocrx_word' id='word_1_64' title='bbox 396 822 487 883; x_wconf 87' lang='lat' dir='ltr'>babet</span> <span class='ocrx_word' id='word_1_65' title='bbox 501 821 672 898; x_wconf 79' lang='lat' dir='ltr'>longissimi</span> <span class='ocrx_word' id='word_1_66' title='bbox 684 821 829 899; x_wconf 85' lang='lat' dir='ltr'>temporis</span> <span class='ocrx_word' id='word_1_67' title='bbox 842 822 989 897; x_wconf 85' lang='lat' dir='ltr'>spatium,</span> <span class='ocrx_word' id='word_1_68' title='bbox 1007 820 1090 895; x_wconf 89' lang='lat' dir='ltr'>quod</span> 
     </span>
     <span class='ocr_line' id='line_1_8' title="bbox 112 895 1090 995; baseline 0 -33"><span class='ocrx_word' id='word_1_69' title='bbox 112 914 173 963; x_wconf 90' lang='lat' dir='ltr'>non</span> <span class='ocrx_word' id='word_1_70' title='bbox 190 908 220 963; x_wconf 89' lang='lat' dir='ltr'>et</span> <span class='ocrx_word' id='word_1_71' title='bbox 233 902 264 962; x_wconf 91' lang='lat' dir='ltr'>in</span> <span class='ocrx_word' id='word_1_72' title='bbox 278 923 340 967; x_wconf 90' lang='lat' dir='ltr'>uno</span> <span class='ocrx_word' id='word_1_73' title='bbox 358 903 408 995; x_wconf 71' lang='lat' dir='ltr'>die</span> <span class='ocrx_word' id='word_1_74' title='bbox 427 906 580 981; x_wconf 86' lang='lat' dir='ltr'>invenias,</span> <span class='ocrx_word' id='word_1_75' title='bbox 598 909 696 968; x_wconf 84' lang='lat' dir='ltr'>lucem</span> <span class='ocrx_word' id='word_1_76' title='bbox 712 916 742 968; x_wconf 86' lang='lat' dir='ltr'>ot</span> <span class='ocrx_word' id='word_1_77' title='bbox 755 895 920 990; x_wconf 58' lang='lat' dir='ltr'>noctemlet</span> <span class='ocrx_word' id='word_1_78' title='bbox 935 906 988 978; x_wconf 90' lang='lat' dir='ltr'>[in]</span> <span class='ocrx_word' id='word_1_79' title='bbox 1005 906 1090 963; x_wconf 91' lang='lat' dir='ltr'>alter-</span> 
     </span>
     <span class='ocr_line' id='line_1_9' title="bbox 116 989 1090 1066; baseline 0.003 -21"><span class='ocrx_word' id='word_1_80' title='bbox 116 1002 173 1047; x_wconf 89' lang='lat' dir='ltr'>nas</span> <span class='ocrx_word' id='word_1_81' title='bbox 189 989 294 1048; x_wconf 88' lang='lat' dir='ltr'>mundi</span> <span class='ocrx_word' id='word_1_82' title='bbox 309 991 414 1050; x_wconf 79' lang='lat' dir='ltr'>vicesr</span> <span class='ocrx_word' id='word_1_83' title='bbox 434 990 521 1064; x_wconf 90' lang='lat' dir='ltr'>plura</span> <span class='ocrx_word' id='word_1_84' title='bbox 536 990 607 1050; x_wconf 85' lang='lat' dir='ltr'>lacit</span> <span class='ocrx_word' id='word_1_85' title='bbox 621 993 693 1066; x_wconf 85' lang='lat' dir='ltr'>ista,</span> <span class='ocrx_word' id='word_1_86' title='bbox 710 1008 770 1051; x_wconf 90' lang='lat' dir='ltr'>non</span> <span class='ocrx_word' id='word_1_87' title='bbox 787 993 863 1063; x_wconf 82' lang='lat' dir='ltr'>otia,</span> <span class='ocrx_word' id='word_1_88' title='bbox 880 991 956 1048; x_wconf 88' lang='lat' dir='ltr'>alias</span> <span class='ocrx_word' id='word_1_89' title='bbox 972 995 1090 1048; x_wconf 86' lang='lat' dir='ltr'>contra·</span> 
     </span>
    </p>

    <p class='ocr_par' dir='ltr' id='par_1_3' title="bbox 81 1047 1094 1320">
     <span class='ocr_line' id='line_1_10' title="bbox 81 1047 1093 1150; baseline 0.001 -19"><span class='ocrx_word' id='word_1_90' title='bbox 81 1071 206 1146; x_wconf 75' lang='lat' dir='ltr'>sctior,</span> <span class='ocrx_word' id='word_1_91' title='bbox 231 1071 307 1133; x_wconf 89' lang='lat' dir='ltr'>alias</span> <span class='ocrx_word' id='word_1_92' title='bbox 330 1047 520 1149; x_wconf 78' lang='lat' dir='ltr'>productior.</span> <span class='ocrx_word' id='word_1_93' title='bbox 552 1075 658 1150; x_wconf 84' lang='lat' dir='ltr'>Itaque</span> <span class='ocrx_word' id='word_1_94' title='bbox 682 1076 727 1135; x_wconf 90' lang='lat' dir='ltr'>sic</span> <span class='ocrx_word' id='word_1_95' title='bbox 748 1073 936 1136; x_wconf 90' lang='lat' dir='ltr'>ordinandus</span> <span class='ocrx_word' id='word_1_96' title='bbox 957 1079 1005 1132; x_wconf 89' lang='lat' dir='ltr'>est</span> <span class='ocrx_word' id='word_1_97' title='bbox 1025 1071 1093 1132; x_wconf 89' lang='lat' dir='ltr'>dies</span> 
     </span>
     <span class='ocr_line' id='line_1_11' title="bbox 115 1155 1092 1234; baseline 0 -20"><span class='ocrx_word' id='word_1_98' title='bbox 115 1155 229 1230; x_wconf 79' lang='lat' dir='ltr'>enanis,</span> <span class='ocrx_word' id='word_1_99' title='bbox 253 1163 408 1233; x_wconf 83' lang='lat' dir='ltr'>tamquam</span> <span class='ocrx_word' id='word_1_100' title='bbox 432 1165 522 1234; x_wconf 86' lang='lat' dir='ltr'>cogat</span> <span class='ocrx_word' id='word_1_101' title='bbox 544 1175 653 1233; x_wconf 88' lang='lat' dir='ltr'>agmen</span> <span class='ocrx_word' id='word_1_102' title='bbox 676 1167 706 1221; x_wconf 86' lang='lat' dir='ltr'>et</span> <span class='ocrx_word' id='word_1_103' title='bbox 727 1165 918 1220; x_wconf 89' lang='lat' dir='ltr'>consummet</span> <span class='ocrx_word' id='word_1_104' title='bbox 931 1164 1024 1232; x_wconf 89' lang='lat' dir='ltr'>atque</span> <span class='ocrx_word' id='word_1_105' title='bbox 1040 1172 1092 1216; x_wconf 85' lang='lat' dir='ltr'>ex-</span> 
     </span>
     <span class='ocr_line' id='line_1_12' title="bbox 114 1239 1094 1320; baseline 0.001 -22"><span class='ocrx_word' id='word_1_106' title='bbox 114 1239 196 1314; x_wconf 87' lang='lat' dir='ltr'>pleat</span> <span class='ocrx_word' id='word_1_107' title='bbox 210 1241 311 1301; x_wconf 88' lang='lat' dir='ltr'>vitam.</span> <span class='ocrx_word' id='word_1_108' title='bbox 342 1240 508 1316; x_wconf 84' lang='lat' dir='ltr'>Pacuvius,</span> <span class='ocrx_word' id='word_1_109' title='bbox 530 1242 582 1318; x_wconf 89' lang='lat' dir='ltr'>qui</span> <span class='ocrx_word' id='word_1_110' title='bbox 598 1241 717 1320; x_wconf 82' lang='lat' dir='ltr'>Syriam</span> <span class='ocrx_word' id='word_1_111' title='bbox 737 1259 797 1304; x_wconf 91' lang='lat' dir='ltr'>usu</span> <span class='ocrx_word' id='word_1_112' title='bbox 812 1257 899 1303; x_wconf 87' lang='lat' dir='ltr'>suam</span> <span class='ocrx_word' id='word_1_113' title='bbox 916 1239 1001 1314; x_wconf 88' lang='lat' dir='ltr'>iecit,</span> <span class='ocrx_word' id='word_1_114' title='bbox 1025 1256 1094 1300; x_wconf 93' lang='lat' dir='ltr'>cum</span> 
     </span>
    </p>

    <p class='ocr_par' dir='ltr' id='par_1_4' title="bbox 42 1281 1094 1576">
     <span class='ocr_line' id='line_1_13' title="bbox 42 1281 1093 1409; baseline 0 -27"><span class='ocrx_word' id='word_1_115' title='bbox 42 1281 63 1409; x_wconf 44' lang='lat' dir='ltr'>i</span> <span class='ocrx_word' id='word_1_116' title='bbox 114 1323 186 1384; x_wconf 91' lang='lat' dir='ltr'>vino</span> <span class='ocrx_word' id='word_1_117' title='bbox 207 1330 237 1384; x_wconf 93' lang='lat' dir='ltr'>et</span> <span class='ocrx_word' id='word_1_118' title='bbox 257 1325 316 1386; x_wconf 90' lang='lat' dir='ltr'>iilis</span> <span class='ocrx_word' id='word_1_119' title='bbox 340 1325 519 1387; x_wconf 80' lang='lat' dir='ltr'>funebribus</span> <span class='ocrx_word' id='word_1_120' title='bbox 541 1326 639 1403; x_wconf 90' lang='lat' dir='ltr'>epulis</span> <span class='ocrx_word' id='word_1_121' title='bbox 660 1327 718 1387; x_wconf 90' lang='lat' dir='ltr'>sibi</span> <span class='ocrx_word' id='word_1_122' title='bbox 742 1332 970 1403; x_wconf 76' lang='lat' dir='ltr'>pererraverat,</span> <span class='ocrx_word' id='word_1_123' title='bbox 996 1324 1041 1383; x_wconf 89' lang='lat' dir='ltr'>sio</span> <span class='ocrx_word' id='word_1_124' title='bbox 1064 1326 1093 1384; x_wconf 92' lang='lat' dir='ltr'>in</span> 
     </span>
     <span class='ocr_line' id='line_1_14' title="bbox 115 1408 1087 1486; baseline 0.002 -19"><span class='ocrx_word' id='word_1_125' title='bbox 115 1408 287 1469; x_wconf 83' lang='lat' dir='ltr'>cubiculum</span> <span class='ocrx_word' id='word_1_126' title='bbox 309 1409 462 1471; x_wconf 81' lang='lat' dir='ltr'>serebatur</span> <span class='ocrx_word' id='word_1_127' title='bbox 483 1426 502 1469; x_wconf 88' lang='lat' dir='ltr'>a</span> <span class='ocrx_word' id='word_1_128' title='bbox 524 1426 635 1484; x_wconf 88' lang='lat' dir='ltr'>coena,</span> <span class='ocrx_word' id='word_1_129' title='bbox 659 1419 693 1472; x_wconf 87' lang='lat' dir='ltr'>ut</span> <span class='ocrx_word' id='word_1_130' title='bbox 712 1412 789 1473; x_wconf 90' lang='lat' dir='ltr'>inter</span> <span class='ocrx_word' id='word_1_131' title='bbox 810 1411 936 1486; x_wconf 85' lang='lat' dir='ltr'>plausus</span> <span class='ocrx_word' id='word_1_132' title='bbox 957 1408 1087 1469; x_wconf 83' lang='lat' dir='ltr'>exoleto·</span> 
     </span>
     <span class='ocr_line' id='line_1_15' title="bbox 114 1491 1094 1576; baseline -0.001 -24"><span class='ocrx_word' id='word_1_133' title='bbox 114 1509 180 1552; x_wconf 91' lang='lat' dir='ltr'>rum</span> <span class='ocrx_word' id='word_1_134' title='bbox 192 1492 252 1552; x_wconf 89' lang='lat' dir='ltr'>hoc</span> <span class='ocrx_word' id='word_1_135' title='bbox 264 1494 302 1553; x_wconf 90' lang='lat' dir='ltr'>ad</span> <span class='ocrx_word' id='word_1_136' title='bbox 317 1494 531 1572; x_wconf 84' lang='lat' dir='ltr'>symphoniam</span> <span class='ocrx_word' id='word_1_137' title='bbox 544 1501 717 1556; x_wconf 86' lang='lat' dir='ltr'>caneretur=</span> <span class='ocrx_word' id='word_1_138' title='bbox 739 1495 907 1576; x_wconf 78' lang='grc' dir='ltr'><strong>βεβιωταιι</strong></span> <span class='ocrx_word' id='word_1_139' title='bbox 922 1491 1094 1573; x_wconf 73' lang='lat' dir='ltr'>dedimam!</span> 
     </span>
    </p>

    <p class='ocr_par' dir='ltr' id='par_1_5' title="bbox 83 1576 1094 1821">
     <span class='ocr_line' id='line_1_16' title="bbox 83 1576 1094 1655; baseline -0.006 -15"><span class='ocrx_word' id='word_1_140' title='bbox 83 1587 101 1640; x_wconf 85' lang='grc'><strong>9</strong></span> <span class='ocrx_word' id='word_1_141' title='bbox 116 1578 199 1637; x_wconf 93' lang='lat' dir='ltr'>nullo</span> <span class='ocrx_word' id='word_1_142' title='bbox 215 1594 278 1638; x_wconf 90' lang='lat' dir='ltr'>non</span> <span class='ocrx_word' id='word_1_143' title='bbox 294 1593 328 1637; x_wconf 91' lang='lat' dir='ltr'>se</span> <span class='ocrx_word' id='word_1_144' title='bbox 345 1576 394 1637; x_wconf 90' lang='lat' dir='ltr'>die</span> <span class='ocrx_word' id='word_1_145' title='bbox 410 1577 524 1639; x_wconf 87' lang='lat' dir='ltr'>extulit.</span> <span class='ocrx_word' id='word_1_146' title='bbox 554 1578 635 1653; x_wconf 88' lang='lat' dir='ltr'>Hoc,</span> <span class='ocrx_word' id='word_1_147' title='bbox 660 1579 743 1655; x_wconf 89' lang='lat' dir='ltr'>quod</span> <span class='ocrx_word' id='word_1_148' title='bbox 758 1580 808 1638; x_wconf 93' lang='lat' dir='ltr'>ille</span> <span class='ocrx_word' id='word_1_149' title='bbox 824 1593 863 1637; x_wconf 86' lang='lat' dir='ltr'>ex</span> <span class='ocrx_word' id='word_1_150' title='bbox 878 1579 958 1636; x_wconf 78' lang='lat' dir='ltr'>nacla</span> <span class='ocrx_word' id='word_1_151' title='bbox 973 1577 1094 1637; x_wconf 92' lang='lat' dir='ltr'>consci-</span> 
     </span>
     <span class='ocr_line' id='line_1_17' title="bbox 116 1661 1094 1734; baseline -0.004 -14"><span class='ocrx_word' id='word_1_152' title='bbox 116 1661 197 1722; x_wconf 88' lang='lat' dir='ltr'>entia</span> <span class='ocrx_word' id='word_1_153' title='bbox 217 1661 360 1734; x_wconf 87' lang='lat' dir='ltr'>iaciebat,</span> <span class='ocrx_word' id='word_1_154' title='bbox 384 1678 441 1722; x_wconf 92' lang='lat' dir='ltr'>nos</span> <span class='ocrx_word' id='word_1_155' title='bbox 461 1677 501 1722; x_wconf 83' lang='lat' dir='ltr'>ex</span> <span class='ocrx_word' id='word_1_156' title='bbox 519 1662 602 1723; x_wconf 90' lang='lat' dir='ltr'>bona</span> <span class='ocrx_word' id='word_1_157' title='bbox 617 1663 764 1723; x_wconf 86' lang='lat' dir='ltr'>iaciamus</span> <span class='ocrx_word' id='word_1_158' title='bbox 780 1670 810 1723; x_wconf 87' lang='lat' dir='ltr'>et</span> <span class='ocrx_word' id='word_1_159' title='bbox 822 1662 851 1721; x_wconf 93' lang='lat' dir='ltr'>in</span> <span class='ocrx_word' id='word_1_160' title='bbox 867 1676 1009 1721; x_wconf 90' lang='lat' dir='ltr'>somnum</span> <span class='ocrx_word' id='word_1_161' title='bbox 1023 1661 1094 1725; x_wconf 91' lang='lat' dir='ltr'>ituri</span> 
     </span>
     <span class='ocr_line' id='line_1_18' title="bbox 116 1744 547 1821; baseline -0.005 -17"><span class='ocrx_word' id='word_1_162' title='bbox 116 1745 185 1805; x_wconf 88' lang='lat' dir='ltr'>laeti</span> <span class='ocrx_word' id='word_1_163' title='bbox 199 1744 374 1821; x_wconf 82' lang='lat' dir='ltr'>hilaresque</span> <span class='ocrx_word' id='word_1_164' title='bbox 392 1746 547 1806; x_wconf 73' lang='lat' dir='ltr'>dicamus:</span> 
     </span>
    </p>

    <p class='ocr_par' dir='ltr' id='par_1_6' title="bbox 115 1831 1095 2241">
     <span class='ocr_line' id='line_1_19' title="bbox 220 1831 988 1905; baseline -0.005 -15"><span class='ocrx_word' id='word_1_165' title='bbox 220 1832 285 1890; x_wconf 79' lang='lat' dir='ltr'>vixi</span> <span class='ocrx_word' id='word_1_166' title='bbox 296 1841 338 1904; x_wconf 88' lang='lat' dir='ltr'>et,</span> <span class='ocrx_word' id='word_1_167' title='bbox 354 1847 438 1905; x_wconf 74' lang='lat' dir='ltr'>quern</span> <span class='ocrx_word' id='word_1_168' title='bbox 452 1831 578 1892; x_wconf 81' lang='lat' dir='ltr'>dederat</span> <span class='ocrx_word' id='word_1_169' title='bbox 591 1848 709 1892; x_wconf 82' lang='lat' dir='ltr'>cursum</span> <span class='ocrx_word' id='word_1_170' title='bbox 721 1831 862 1905; x_wconf 80' lang='lat' dir='ltr'>fortuna,</span> <span class='ocrx_word' id='word_1_171' title='bbox 876 1831 988 1904; x_wconf 67' lang='lat' dir='ltr'>pereat.</span> 
     </span>
     <span class='ocr_line' id='line_1_20' title="bbox 117 1911 1094 1990; baseline 0 -18"><span class='ocrx_word' id='word_1_172' title='bbox 117 1913 281 1974; x_wconf 87' lang='lat' dir='ltr'>crastinum</span> <span class='ocrx_word' id='word_1_173' title='bbox 296 1913 322 1974; x_wconf 92' lang='lat' dir='ltr'>si</span> <span class='ocrx_word' id='word_1_174' title='bbox 339 1914 485 1975; x_wconf 88' lang='lat' dir='ltr'>adiecerit</span> <span class='ocrx_word' id='word_1_175' title='bbox 498 1915 592 1989; x_wconf 90' lang='lat' dir='ltr'>deus,</span> <span class='ocrx_word' id='word_1_176' title='bbox 608 1915 678 1974; x_wconf 89' lang='lat' dir='ltr'>laeli</span> <span class='ocrx_word' id='word_1_177' title='bbox 693 1913 887 1990; x_wconf 83' lang='lat' dir='ltr'>recipiamus.</span> <span class='ocrx_word' id='word_1_178' title='bbox 912 1912 966 1971; x_wconf 92' lang='lat' dir='ltr'>llle</span> <span class='ocrx_word' id='word_1_179' title='bbox 980 1911 1094 1973; x_wconf 89' lang='lat' dir='ltr'>beatis·</span> 
     </span>
     <span class='ocr_line' id='line_1_21' title="bbox 117 1996 1095 2075; baseline -0.001 -18"><span class='ocrx_word' id='word_1_180' title='bbox 117 1998 213 2059; x_wconf 91' lang='lat' dir='ltr'>simus</span> <span class='ocrx_word' id='word_1_181' title='bbox 234 2004 281 2058; x_wconf 91' lang='grc' dir='ltr'>εει</span> <span class='ocrx_word' id='word_1_182' title='bbox 301 2006 331 2058; x_wconf 89' lang='grc' dir='ltr'><strong>ει</strong></span> <span class='ocrx_word' id='word_1_183' title='bbox 352 2014 480 2060; x_wconf 88' lang='lat' dir='ltr'>securus</span> <span class='ocrx_word' id='word_1_184' title='bbox 501 2000 548 2059; x_wconf 92' lang='lat' dir='ltr'>sui</span> <span class='ocrx_word' id='word_1_185' title='bbox 566 2014 745 2075; x_wconf 86' lang='lat' dir='ltr'>possessor,</span> <span class='ocrx_word' id='word_1_186' title='bbox 764 1998 816 2074; x_wconf 90' lang='lat' dir='ltr'>qui</span> <span class='ocrx_word' id='word_1_187' title='bbox 839 1997 1005 2057; x_wconf 88' lang='lat' dir='ltr'>crastinum</span> <span class='ocrx_word' id='word_1_188' title='bbox 1027 1996 1095 2056; x_wconf 92' lang='lat' dir='ltr'>sine</span> 
     </span>
     <span class='ocr_line' id='line_1_22' title="bbox 117 2079 1094 2158; baseline -0.001 -17"><span class='ocrx_word' id='word_1_189' title='bbox 117 2081 320 2144; x_wconf 87' lang='lat' dir='ltr'>sollicitudine</span> <span class='ocrx_word' id='word_1_190' title='bbox 334 2089 503 2158; x_wconf 87' lang='lat' dir='ltr'>exspectat.</span> <span class='ocrx_word' id='word_1_191' title='bbox 525 2081 680 2157; x_wconf 63' lang='lat' dir='ltr'>Quisquis</span> <span class='ocrx_word' id='word_1_192' title='bbox 692 2082 782 2141; x_wconf 78' lang='lat' dir='ltr'>dixin</span> <span class='ocrx_word' id='word_1_193' title='bbox 808 2081 904 2155; x_wconf 85' lang='lat' dir='ltr'>vixi,</span> <span class='ocrx_word' id='word_1_194' title='bbox 921 2079 1035 2141; x_wconf 89' lang='lat' dir='ltr'>cotidie</span> <span class='ocrx_word' id='word_1_195' title='bbox 1055 2081 1094 2140; x_wconf 88' lang='lat' dir='ltr'>ad</span> 
     </span>
     <span class='ocr_line' id='line_1_23' title="bbox 115 2166 762 2241; baseline 0.011 -16"><span class='ocrx_word' id='word_1_196' title='bbox 115 2166 232 2225; x_wconf 88' lang='lat' dir='ltr'>lucrum</span> <span class='ocrx_word' id='word_1_197' title='bbox 249 2167 355 2241; x_wconf 87' lang='lat' dir='ltr'>surgit.</span> <span class='ocrx_word' id='word_1_198' title='bbox 758 2192 762 2201; x_wconf 91' lang='lat'><strong>·</strong></span> 
     </span>
    </p>

    <p class='ocr_par' dir='ltr' id='par_1_7' title="bbox 75 2247 1094 2912">
     <span class='ocr_line' id='line_1_24' title="bbox 75 2247 1094 2323; baseline -0.002 -14"><span class='ocrx_word' id='word_1_199' title='bbox 75 2264 108 2317; x_wconf 82' lang='grc' dir='ltr'>ιο</span> <span class='ocrx_word' id='word_1_200' title='bbox 179 2248 241 2310; x_wconf 90' lang='lat' dir='ltr'>Sed</span> <span class='ocrx_word' id='word_1_201' title='bbox 267 2250 325 2311; x_wconf 91' lang='lat' dir='ltr'>iam</span> <span class='ocrx_word' id='word_1_202' title='bbox 352 2249 450 2309; x_wconf 90' lang='lat' dir='ltr'>debeo</span> <span class='ocrx_word' id='word_1_203' title='bbox 479 2247 640 2323; x_wconf 87' lang='lat' dir='ltr'>epistulam</span> <span class='ocrx_word' id='word_1_204' title='bbox 661 2247 827 2308; x_wconf 83' lang='lat' dir='ltr'>includere.</span> <span class='ocrx_word' id='word_1_205' title='bbox 859 2247 952 2322; x_wconf 86' lang='lat' dir='ltr'>,‚Sic,</span> <span class='ocrx_word' id='word_1_206' title='bbox 981 2247 1094 2322; x_wconf 89' lang='lat' dir='ltr'>inquis,</span> 
     </span>
     <span class='ocr_line' id='line_1_25' title="bbox 116 2331 1094 2408; baseline -0.005 -14"><span class='ocrx_word' id='word_1_207' title='bbox 116 2334 184 2394; x_wconf 88' lang='lat' dir='ltr'>sine</span> <span class='ocrx_word' id='word_1_208' title='bbox 199 2336 261 2395; x_wconf 91' lang='lat' dir='ltr'>ullo</span> <span class='ocrx_word' id='word_1_209' title='bbox 278 2334 317 2394; x_wconf 92' lang='lat' dir='ltr'>ad</span> <span class='ocrx_word' id='word_1_210' title='bbox 331 2349 380 2392; x_wconf 94' lang='lat' dir='ltr'>me</span> <span class='ocrx_word' id='word_1_211' title='bbox 395 2331 517 2408; x_wconf 88' lang='lat' dir='ltr'>peculio</span> <span class='ocrx_word' id='word_1_212' title='bbox 532 2332 676 2391; x_wconf 79' lang='lat' dir='ltr'>venietl“</span> <span class='ocrx_word' id='word_1_213' title='bbox 697 2332 764 2392; x_wconf 90' lang='lat' dir='ltr'>Noli</span> <span class='ocrx_word' id='word_1_214' title='bbox 778 2333 898 2393; x_wconf 83' lang='lat' dir='ltr'>timere:</span> <span class='ocrx_word' id='word_1_215' title='bbox 915 2331 1029 2405; x_wconf 81' lang='lat' dir='ltr'>aliquid</span> <span class='ocrx_word' id='word_1_216' title='bbox 1044 2345 1094 2390; x_wconf 91' lang='lat' dir='ltr'>se·</span> 
     </span>
     <span class='ocr_line' id='line_1_26' title="bbox 117 2413 1093 2494; baseline -0.004 -16"><span class='ocrx_word' id='word_1_217' title='bbox 117 2434 183 2479; x_wconf 89' lang='lat' dir='ltr'>cum</span> <span class='ocrx_word' id='word_1_218' title='bbox 206 2418 272 2478; x_wconf 87' lang='lat' dir='ltr'>lert.</span> <span class='ocrx_word' id='word_1_219' title='bbox 307 2432 403 2494; x_wconf 88' lang='lat' dir='ltr'>quare</span> <span class='ocrx_word' id='word_1_220' title='bbox 424 2413 538 2491; x_wconf 88' lang='lat' dir='ltr'>aliquid</span> <span class='ocrx_word' id='word_1_221' title='bbox 559 2415 644 2475; x_wconf 79' lang='lat' dir='ltr'>dixit</span> <span class='ocrx_word' id='word_1_222' title='bbox 668 2419 802 2477; x_wconf 89' lang='lat' dir='ltr'>multum.</span> <span class='ocrx_word' id='word_1_223' title='bbox 838 2414 911 2491; x_wconf 83' lang='lat' dir='ltr'>quid</span> <span class='ocrx_word' id='word_1_224' title='bbox 933 2415 1012 2474; x_wconf 92' lang='lat' dir='ltr'>enim</span> <span class='ocrx_word' id='word_1_225' title='bbox 1033 2414 1093 2474; x_wconf 91' lang='lat' dir='ltr'>hac</span> 
     </span>
     <span class='ocr_line' id='line_1_27' title="bbox 116 2498 1094 2578; baseline -0.008 -14"><span class='ocrx_word' id='word_1_226' title='bbox 116 2518 194 2564; x_wconf 88' lang='lat' dir='ltr'>voce</span> <span class='ocrx_word' id='word_1_227' title='bbox 219 2501 421 2578; x_wconf 87' lang='lat' dir='ltr'>praeclarius,</span> <span class='ocrx_word' id='word_1_228' title='bbox 450 2516 539 2575; x_wconf 86' lang='lat' dir='ltr'>quam</span> <span class='ocrx_word' id='word_1_229' title='bbox 566 2499 607 2559; x_wconf 92' lang='lat' dir='ltr'>illi</span> <span class='ocrx_word' id='word_1_230' title='bbox 632 2499 718 2562; x_wconf 86' lang='lat' dir='ltr'>trado</span> <span class='ocrx_word' id='word_1_231' title='bbox 740 2500 779 2559; x_wconf 88' lang='lat' dir='ltr'>ad</span> <span class='ocrx_word' id='word_1_232' title='bbox 804 2508 833 2560; x_wconf 89' lang='lat' dir='ltr'>le</span> <span class='ocrx_word' id='word_1_233' title='bbox 858 2498 1094 2576; x_wconf 69' lang='lat' dir='ltr'>perferendam?</span> 
     </span>
     <span class='ocr_line' id='line_1_28' title="bbox 116 2581 1094 2662; baseline -0.006 -16"><span class='ocrx_word' id='word_1_234' title='bbox 116 2586 277 2662; x_wconf 85' lang='lat' dir='ltr'>„Malum</span> <span class='ocrx_word' id='word_1_235' title='bbox 301 2592 360 2645; x_wconf 88' lang='lat' dir='ltr'>est</span> <span class='ocrx_word' id='word_1_236' title='bbox 384 2584 419 2643; x_wconf 92' lang='lat' dir='ltr'>in</span> <span class='ocrx_word' id='word_1_237' title='bbox 445 2583 685 2644; x_wconf 67' lang='lat' dir='ltr'>necessitate</span> <span class='ocrx_word' id='word_1_238' title='bbox 705 2581 853 2643; x_wconf 81' lang='lat' dir='ltr'>vivere:</span> <span class='ocrx_word' id='word_1_239' title='bbox 881 2581 1002 2642; x_wconf 90' lang='lat' dir='ltr'>sedin</span> <span class='ocrx_word' id='word_1_240' title='bbox 1028 2598 1094 2641; x_wconf 93' lang='lat' dir='ltr'>ne·</span> 
     </span>
     <span class='ocr_line' id='line_1_29' title="bbox 117 2665 1093 2739; baseline -0.005 -8"><span class='ocrx_word' id='word_1_241' title='bbox 117 2669 310 2731; x_wconf 86' lang='lat' dir='ltr'>cessitate</span> <span class='ocrx_word' id='word_1_242' title='bbox 331 2668 463 2727; x_wconf 89' lang='lat' dir='ltr'>vivere</span> <span class='ocrx_word' id='word_1_243' title='bbox 482 2669 706 2729; x_wconf 86' lang='lat' dir='ltr'>necessitas</span> <span class='ocrx_word' id='word_1_244' title='bbox 732 2668 948 2728; x_wconf 82' lang='lat' dir='ltr'>nulla·est.“</span> <span class='ocrx_word' id='word_1_245' title='bbox 982 2665 1093 2739; x_wconf 81' lang='lat' dir='ltr'>Quidni</span> 
     </span>
     <span class='ocr_line' id='line_1_30' title="bbox 117 2748 1093 2828; baseline -0.005 -14"><span class='ocrx_word' id='word_1_246' title='bbox 117 2755 199 2815; x_wconf 90' lang='lat' dir='ltr'>nulla</span> <span class='ocrx_word' id='word_1_247' title='bbox 215 2753 277 2814; x_wconf 78' lang='lat' dir='ltr'>sitl</span> <span class='ocrx_word' id='word_1_248' title='bbox 304 2758 409 2828; x_wconf 85' lang='lat' dir='ltr'>palent</span> <span class='ocrx_word' id='word_1_249' title='bbox 423 2748 560 2827; x_wconf 90' lang='lat' dir='ltr'>undique</span> <span class='ocrx_word' id='word_1_250' title='bbox 575 2751 614 2812; x_wconf 87' lang='lat' dir='ltr'>ad</span> <span class='ocrx_word' id='word_1_251' title='bbox 628 2752 795 2813; x_wconf 80' lang='lat' dir='ltr'>libertatem</span> <span class='ocrx_word' id='word_1_252' title='bbox 809 2751 878 2812; x_wconf 88' lang='lat' dir='ltr'>viae</span> <span class='ocrx_word' id='word_1_253' title='bbox 894 2751 1007 2810; x_wconf 88' lang='lat' dir='ltr'>multae</span> <span class='ocrx_word' id='word_1_254' title='bbox 1023 2749 1093 2809; x_wconf 88' lang='lat' dir='ltr'>bre·</span> 
     </span>
     <span class='ocr_line' id='line_1_31' title="bbox 116 2834 1093 2912; baseline -0.006 -14"><span class='ocrx_word' id='word_1_255' title='bbox 116 2848 187 2912; x_wconf 84' lang='lat' dir='ltr'>ves,</span> <span class='ocrx_word' id='word_1_256' title='bbox 208 2836 324 2896; x_wconf 80' lang='lat' dir='ltr'>faciles.</span> <span class='ocrx_word' id='word_1_257' title='bbox 352 2850 478 2910; x_wconf 82' lang='lat' dir='ltr'>agamus</span> <span class='ocrx_word' id='word_1_258' title='bbox 495 2835 697 2910; x_wconf 86' lang='lat' dir='ltr'>deogratias,</span> <span class='ocrx_word' id='word_1_259' title='bbox 720 2836 805 2910; x_wconf 86' lang='lat' dir='ltr'>quod</span> <span class='ocrx_word' id='word_1_260' title='bbox 817 2850 907 2895; x_wconf 89' lang='lat' dir='ltr'>nemo</span> <span class='ocrx_word' id='word_1_261' title='bbox 923 2834 953 2893; x_wconf 91' lang='lat' dir='ltr'>in</span> <span class='ocrx_word' id='word_1_262' title='bbox 970 2834 1032 2892; x_wconf 86' lang='lat' dir='ltr'>vita</span> <span class='ocrx_word' id='word_1_263' title='bbox 1048 2839 1093 2893; x_wconf 88' lang='grc' dir='ltr'><strong>ιε-</strong></span> 
     </span>
    </p>

    <p class='ocr_par' dir='ltr' id='par_1_8' title="bbox 76 2918 1091 3334">
     <span class='ocr_line' id='line_1_32' title="bbox 76 2918 1091 2996; baseline -0.004 -14"><span class='ocrx_word' id='word_1_264' title='bbox 76 2922 181 2992; x_wconf 90' lang='lat' dir='ltr'>11neri</span> <span class='ocrx_word' id='word_1_265' title='bbox 197 2926 314 2996; x_wconf 81' lang='lat' dir='ltr'>potesr=</span> <span class='ocrx_word' id='word_1_266' title='bbox 336 2919 456 2979; x_wconf 88' lang='lat' dir='ltr'>calcare</span> <span class='ocrx_word' id='word_1_267' title='bbox 470 2921 556 2995; x_wconf 90' lang='lat' dir='ltr'>ipsas</span> <span class='ocrx_word' id='word_1_268' title='bbox 573 2920 774 2980; x_wconf 86' lang='lat' dir='ltr'>necessitates</span> <span class='ocrx_word' id='word_1_269' title='bbox 789 2921 867 2980; x_wconf 88' lang='lat' dir='ltr'>licet.</span> <span class='ocrx_word' id='word_1_270' title='bbox 902 2918 1091 2993; x_wconf 76' lang='lat' dir='ltr'>„Epicurus</span> 
     </span>
     <span class='ocr_line' id='line_1_33' title="bbox 116 3002 1091 3081; baseline -0.006 -15"><span class='ocrx_word' id='word_1_271' title='bbox 116 3005 232 3081; x_wconf 76' lang='lat' dir='ltr'>inquiS,</span> <span class='ocrx_word' id='word_1_272' title='bbox 257 3004 342 3064; x_wconf 89' lang='lat' dir='ltr'>dixit.</span> <span class='ocrx_word' id='word_1_273' title='bbox 377 3004 450 3080; x_wconf 90' lang='lat' dir='ltr'>quid</span> <span class='ocrx_word' id='word_1_274' title='bbox 471 3003 523 3064; x_wconf 91' lang='lat' dir='ltr'>tibi</span> <span class='ocrx_word' id='word_1_275' title='bbox 545 3019 612 3063; x_wconf 91' lang='lat' dir='ltr'>cum</span> <span class='ocrx_word' id='word_1_276' title='bbox 628 3004 774 3064; x_wconf 75' lang='lat' dir='ltr'>alienot“</span> <span class='ocrx_word' id='word_1_277' title='bbox 810 3002 898 3076; x_wconf 81' lang='lat' dir='ltr'>Quod</span> <span class='ocrx_word' id='word_1_278' title='bbox 914 3017 1019 3061; x_wconf 92' lang='lat' dir='ltr'>verum</span> <span class='ocrx_word' id='word_1_279' title='bbox 1035 3009 1091 3075; x_wconf 82' lang='lat' dir='ltr'>est,</span> 
     </span>
     <span class='ocr_line' id='line_1_34' title="bbox 116 3085 1091 3164; baseline -0.004 -16"><span class='ocrx_word' id='word_1_280' title='bbox 116 3105 217 3150; x_wconf 92' lang='lat' dir='ltr'>meum</span> <span class='ocrx_word' id='word_1_281' title='bbox 240 3095 296 3148; x_wconf 88' lang='lat' dir='ltr'>est.</span> <span class='ocrx_word' id='word_1_282' title='bbox 328 3088 533 3164; x_wconf 83' lang='lat' dir='ltr'>perseverabo</span> <span class='ocrx_word' id='word_1_283' title='bbox 548 3087 714 3162; x_wconf 88' lang='lat' dir='ltr'>Epicurum</span> <span class='ocrx_word' id='word_1_284' title='bbox 734 3086 787 3147; x_wconf 89' lang='lat' dir='ltr'>tibi</span> <span class='ocrx_word' id='word_1_285' title='bbox 808 3088 961 3162; x_wconf 91' lang='lat' dir='ltr'>ingerere,</span> <span class='ocrx_word' id='word_1_286' title='bbox 984 3091 1017 3146; x_wconf 86' lang='lat' dir='ltr'>ut</span> <span class='ocrx_word' id='word_1_287' title='bbox 1031 3085 1091 3158; x_wconf 90' lang='lat' dir='ltr'>isli,</span> 
     </span>
     <span class='ocr_line' id='line_1_35' title="bbox 118 3169 1091 3250; baseline -0.006 -16"><span class='ocrx_word' id='word_1_288' title='bbox 118 3173 169 3250; x_wconf 91' lang='lat' dir='ltr'>qui</span> <span class='ocrx_word' id='word_1_289' title='bbox 190 3172 221 3231; x_wconf 90' lang='lat' dir='ltr'>in</span> <span class='ocrx_word' id='word_1_290' title='bbox 242 3171 338 3233; x_wconf 89' lang='lat' dir='ltr'>verba</span> <span class='ocrx_word' id='word_1_291' title='bbox 359 3172 471 3244; x_wconf 88' lang='lat' dir='ltr'>iurant,</span> <span class='ocrx_word' id='word_1_292' title='bbox 493 3187 551 3232; x_wconf 89' lang='lat' dir='ltr'>neo</span> <span class='ocrx_word' id='word_1_293' title='bbox 573 3171 648 3247; x_wconf 81' lang='lat' dir='ltr'>quid</span> <span class='ocrx_word' id='word_1_294' title='bbox 670 3171 787 3232; x_wconf 87' lang='lat' dir='ltr'>dicatur</span> <span class='ocrx_word' id='word_1_295' title='bbox 802 3170 976 3243; x_wconf 82' lang='lat' dir='ltr'>aestimant,</span> <span class='ocrx_word' id='word_1_296' title='bbox 1001 3169 1056 3230; x_wconf 89' lang='lat' dir='ltr'>sed</span> <span class='ocrx_word' id='word_1_297' title='bbox 1074 3184 1091 3228; x_wconf 87' lang='lat' dir='ltr'>a</span> 
     </span>
     <span class='ocr_line' id='line_1_36' title="bbox 116 3253 1043 3334; baseline -0.01 -15"><span class='ocrx_word' id='word_1_298' title='bbox 116 3273 191 3334; x_wconf 87' lang='lat' dir='ltr'>quo,</span> <span class='ocrx_word' id='word_1_299' title='bbox 208 3257 318 3332; x_wconf 86' lang='lat' dir='ltr'>sciant,</span> <span class='ocrx_word' id='word_1_300' title='bbox 335 3273 414 3334; x_wconf 91' lang='lat' dir='ltr'>quae</span> <span class='ocrx_word' id='word_1_301' title='bbox 431 3255 544 3332; x_wconf 88' lang='lat' dir='ltr'>optima</span> <span class='ocrx_word' id='word_1_302' title='bbox 559 3263 643 3329; x_wconf 85' lang='lat' dir='ltr'>sunt,</span> <span class='ocrx_word' id='word_1_303' title='bbox 659 3270 730 3316; x_wconf 89' lang='lat' dir='ltr'>esse</span> <span class='ocrx_word' id='word_1_304' title='bbox 746 3253 926 3317; x_wconf 82' lang='lat' dir='ltr'>communia.</span> <span class='ocrx_word' id='word_1_305' title='bbox 954 3254 1043 3314; x_wconf 86' lang='lat' dir='ltr'>Vale.</span> 
     </span>
    </p>
   </div>
   <div class='ocr_carea' id='block_1_3' title="bbox 496 3448 707 3460">
    <p class='ocr_par' dir='ltr' id='par_1_9' title="bbox 496 3448 707 3460">
     <span class='ocr_line' id='line_1_37' title="bbox 496 3448 707 3460; baseline -0.009 0"><span class='ocrx_word' id='word_1_306' title='bbox 496 3448 707 3460; x_wconf 64' lang='lat' dir='ltr'>——no-on</span> 
     </span>
    </p>
   </div>
   <div class='ocr_carea' id='block_1_4' title="bbox 0 0 1220 3862">
    <p class='ocr_par' dir='ltr' id='par_1_10' title="bbox 0 0 1220 3862">
     <span class='ocr_line' id='line_1_38' title="bbox 0 0 1220 3862; baseline 0 0"><span class='ocrx_word' id='word_1_307' title='bbox 0 0 1220 3862; x_wconf 95' lang='lat' dir='ltr'> </span> 
     </span>
    </p>
   </div>
  </div>
 </body>
</html>
