2422 3862
130 242 192 306 124
418 242 451 300 L.
474 241 621 300 ANNAEI
643 241 818 303 SENECAE

131 404 184 456 aut
206 394 373 469 tangimus,
398 393 482 453 Plato
509 391 621 454 inillis
647 408 708 453 non
734 400 885 467 numerat,
909 408 989 469 quae
1014 409 1104 457 esse

132 477 291 555 proprie
305 484 400 553 putat.
435 475 533 537 fluunt
546 477 635 550 enim,
655 482 707 550 [et]
719 477 749 536 in
761 477 892 537 adsidua
906 477 1105 540 diminutione

132 570 223 638 atque
243 562 415 621 adiectione
435 568 514 620 sunt.
550 575 639 620 nemo
659 568 796 621 nostrum
812 561 893 620 idem
908 568 956 621 est
970 563 999 622 in
1016 577 1103 622 sene-

132 655 227 718 ctute,
249 647 301 720 qui
323 645 378 704 luit
399 644 529 704 iuvenis.
567 659 656 704 nemo
676 652 813 704 nostrum
834 643 984 705 est-idem
1004 660 1104 721 mane,

133 731 185 806 qui
201 730 257 789 luit
271 728 379 803 pridie.
403 743 536 802 corpora
547 735 653 789 nostra
667 728 826 802 rapiuntur
836 726 995 788 fluminum
1008 746 1104 790 more.

133 813 277 889 quiequid
299 811 404 885 vides,
427 811 520 871 currit
539 826 608 871 cum
625 819 771 886 tempore.
800 810 873 870 nihil
893 827 933 870 ex
947 811 1000 886 iis,
1026 828 1105 888 quae

133 897 290 967 videmus
313 902 423 956 manet.
458 903 489 955 et
509 910 568 970 ego
588 895 668 969 ipse,
691 896 763 955 dum
784 895 895 969 loquor
914 898 1023 955 mutari
1038 897 1105 969 ista,

90 985 266 1040 remutatus
287 995 366 1039 sum.
401 979 468 1038 Hoc
490 987 551 1050 est,
576 978 660 1053 quod
681 979 722 1037 ait
741 978 929 1040 Heraclitum
958 983 1009 1052 ‚pn
1028 982 1106 1041 idem

128 1069 240 1141 flumen
253 1065 297 1123 bis
310 1064 515 1124 descendimus
526 1070 555 1123 et
570 1078 629 1122 non
649 1063 880 1123 descendimus.“
908 1072 1012 1124 manet
1025 1065 1106 1124 enirn

132 1149 213 1208 idem
230 1146 362 1207 fluminis
377 1161 504 1220 nomen,
527 1162 608 1221 aqua
622 1147 804 1206 transmissa
818 1152 875 1206 est.
897 1146 1002 1207 hocin
1017 1163 1106 1207 amne

131 1231 323 1291 manifestius
345 1238 392 1290 est
413 1245 503 1305 quam
524 1230 554 1289 iu
574 1228 706 1290 homine.
745 1230 802 1290 sed
822 1246 880 1290 nos
902 1245 1030 1306 quoque
1044 1247 1105 1293 non

132 1316 233 1375 minus
258 1316 350 1375 velox
372 1329 482 1374 cursus
508 1312 727 1388 praetervehit,
750 1321 780 1374 et
800 1313 872 1375 ideo
896 1314 1032 1375 admiror
1052 1316 1104 1375 de

132 1397 276 1459 mentiam
295 1405 448 1470 nostram,
478 1397 563 1472 quod
588 1404 748 1471 tantopere
771 1412 908 1458 amamus
930 1414 993 1458 rem
1021 1400 1105 1474 iuga·

133 1483 302 1555 cissimam,
325 1497 453 1557 eorpus,
480 1481 699 1577 timemusque,
727 1496 765 1540 ne
787 1481 910 1556 quando
930 1482 1106 1557 moriamur,

98 1584 200 1628 cum
219 1580 308 1627 omne
329 1553 512 1626 momentum
539 1580 622 1626 mors
649 1565 760 1641 prioris
785 1566 906 1626 habitus
928 1566 982 1624 sit:
1005 1566 1054 1626 vis
1076 1574 1107 1626 tu

90 1653 193 1711 alnon
211 1652 331 1721 timere,
354 1665 394 1710 ne
409 1650 504 1709 semel
525 1649 592 1723 liat,
615 1649 699 1725 quod
720 1648 831 1709 cotidie
845 1649 898 1710 fita
924 1649 970 1709 De
983 1650 1107 1710 homine

133 1735 212 1808 dixi,
235 1734 352 1794 fluvida
366 1732 492 1792 materia
506 1739 536 1791 et
550 1733 668 1793 caduca
682 1740 712 1794 et
726 1732 867 1792 omnibus
884 1732 1020 1795 obnoxia
1035 1750 1103 1794 aau-

133 1820 192 1880 sis=
214 1819 346 1878 muudus
362 1831 502 1892 quoque,
518 1823 641 1877 aeterna
655 1832 706 1877 res
721 1824 752 1877 et
763 1816 888 1890 invicta,
903 1824 1036 1878 mutatur
1050 1833 1107 1878 nee

133 1904 212 1964 idem
234 1910 345 1963 manet.
381 1900 525 1976 Quamvis
544 1901 623 1960 enim
645 1899 747 1960 omnia
767 1901 798 1960 in
819 1915 854 1960 se
878 1901 1004 1976 habent,
1026 1917 1107 1978 quae

90 1986 252 2060 ashabuit,
274 1986 360 2047 aliter
374 1985 467 2045 hebet
481 2001 571 2058 quam
583 1984 701 2045 habuit=
722 1984 859 2044 ordinem
873 1992 976 2048 mutat.
1009 1985 1107 2060 „Quid

133 2070 205 2142 ista,
229 2070 346 2145 inquis,
368 2068 441 2129 milri
465 2068 614 2129 subtilitas
637 2067 812 2143 proderitt“
847 2066 881 2129 Si
904 2086 954 2130 me
979 2071 1106 2131 interro-

135 2170 208 2230 gas,
228 2152 310 2212 nihil.
349 2152 405 2213 sed
428 2151 685 2227 quemadmodum
706 2151 757 2211 ille
779 2155 913 2214 caelator
936 2154 1043 2217 oculos
1062 2155 1105 2213 in·

135 2244 235 2298 tentos
257 2235 310 2296 diu
331 2252 368 2296 ee
391 2235 533 2310 fatigatos
554 2237 678 2298 remittit
697 2243 789 2310 utque
809 2245 920 2298 avocat
938 2245 983 2312 et,
999 2245 1033 2299 ut
1047 2238 1106 2298 diei

135 2323 228 2394 solet,
251 2319 365 2394 pescia
388 2320 433 2379 sio
455 2336 513 2381 nos
538 2319 672 2381 animum
695 2320 862 2394 aliquando
888 2321 1037 2382 debemus
1059 2338 1105 2382 re·

134 2407 239 2465 laxare
260 2412 289 2465 et
314 2403 498 2480 quibusdum
524 2404 753 2465 oblectamentis
781 2404 919 2464 reficere.
961 2407 1018 2466 sed
1039 2406 1107 2481 ipsa

135 2490 354 2551 oblectamento
369 2504 465 2564 opera
476 2487 550 2547 sint:
566 2504 605 2548 ex
616 2488 664 2547 his
680 2503 822 2563 quoque,
842 2489 868 2548 si
880 2489 1106 2561 observaveris,

92 2580 257 2647 adsumes,
284 2573 368 2648 quod
394 2572 493 2648 possit
523 2571 588 2631 fieri
618 2572 760 2633 salutare.
807 2572 874 2633 Hoc
898 2588 974 2648 ego,
1000 2572 1107 2644 Lucili,

133 2659 235 2718 lacere
259 2659 361 2717 soleo=
390 2672 430 2716 ex
456 2656 537 2716 omni
561 2655 697 2728 notione,
722 2656 840 2716 etiamsi
865 2673 884 2717 a
908 2656 1110 2733 philosophia

133 2740 312 2815 longissime
327 2754 438 2800 aversa
452 2746 515 2811 est,
538 2753 647 2800 eruere
661 2739 775 2814 aliquid
790 2754 886 2800 conor
905 2750 936 2802 et
950 2741 1024 2802 utile
1040 2741 1106 2801 elfi-

134 2839 218 2885 ceres
241 2821 314 2898 quid
330 2823 370 2882 de
388 2821 471 2895 istis,
494 2837 574 2897 quae
595 2823 687 2885 modo
707 2823 920 2900 mactavimus,
942 2825 1069 2886 remotis
1090 2841 1108 2882 a

132 2906 349 2968 reformatione
377 2913 517 2966 morum?
552 2909 708 2981 quomodo
738 2908 895 2968 meliorem
926 2925 975 2969 me
1004 2910 1107 2969 lacere

132 2992 222 3052 ideae
239 2989 415 3050 Platonicae
437 2997 588 3064 possuntt
620 2991 748 3067 quidex
772 2992 840 3053 istis
865 2992 998 3067 unitam,
1024 2992 1107 3068 quod

133 3073 315 3150 cupiditates
330 3089 414 3134 meas
431 3077 621 3150 conprimat?
641 3076 689 3134 vel
703 3075 763 3136 hoc
777 3076 888 3151 ipsum,
905 3078 990 3152 quod
1005 3077 1107 3138 omnia

133 3160 207 3228 ista,
227 3171 307 3231 quae
328 3158 471 3219 sensibus
486 3159 636 3233 serviunt,
660 3174 740 3233 quae
756 3175 812 3220 nos
829 3162 1002 3222 accendunt
1016 3167 1048 3222 et
1064 3161 1106 3220 in-

92 3251 126 3307 at
134 3243 237 3314 ritant,
261 3248 353 3315 negat
375 3242 459 3303 Plato
484 3258 522 3301 ex
548 3241 596 3302 his
617 3258 703 3316 esse,
726 3259 805 3318 quae
827 3259 899 3304 vere
921 3247 991 3307 sint.
1026 3246 1108 3318 Ergo

134 3325 194 3386 ista
208 3323 388 3400 imaginaria
405 3335 476 3387 sunt
492 3327 576 3386 etad
590 3335 711 3402 tempus
726 3327 859 3403 aliquam
874 3330 982 3390 laciem
999 3332 1109 3400 lerunt,

135 3407 208 3469 nihil
228 3407 336 3469 horum
358 3408 467 3470 stabile
481 3425 538 3470 nee
554 3410 686 3471 solidum
702 3418 764 3471 est=
790 3418 820 3471 et
834 3428 891 3472 nos
906 3421 1008 3474 tamen
1024 3410 1107 3488 cupi·

120 3508 208 3566 mus,
232 3499 389 3570 amquam
415 3500 469 3555 aut
495 3509 618 3571 semper
638 3495 741 3557 lutura
758 3503 812 3557 aut
831 3512 954 3572 semper
968 3493 1108 3558 babituri.
