2422 3862
208 245 376 308 EPISTUL.
392 247 486 308 MOR.
508 249 669 311 illalum
692 252 786 315 llus.
801 260 890 329 (ιιι.)
980 255 1043 321 387

61 407 92 458 ut
107 399 158 457 illa
171 414 233 458 non
249 398 310 460 sint
323 401 417 474 mala,
434 401 470 475 si,
495 403 580 475 quod
594 404 740 478 sequitur,
761 407 941 470 detraxeris.
987 407 1042 472 Sa-

60 481 174 556 pientia
188 482 309 544 habitus
322 485 476 558 perfectae
487 485 597 547 mentis
609 494 665 559 est,
676 504 788 564 sapere
799 506 875 550 usus
888 495 1044 567 perfectae

59 565 185 626 mentis:
209 568 366 642 quomodo
383 576 485 642 potest
499 586 574 631 usus
590 571 657 631 eius
668 573 783 634 bonum
795 590 856 635 non
866 589 946 649 esse,
963 594 1043 653 quae

60 652 127 710 sine
142 668 202 711 usu
216 652 330 712 bonum
345 668 404 712 non
418 659 487 715 εειι
529 655 687 731 Interrogo
703 666 747 732 te,
767 674 806 717 an
822 660 974 733 sapientia
989 670 1084 726 err-17

60 736 194 809 petenda
211 737 269 797 sitl
291 737 404 797 fateris.
433 738 597 813 interrogo,
615 755 653 799 an
667 757 744 801 usus
762 743 933 818 sapientiae
947 760 1043 820 expe-

59 820 172 880 tendus
188 821 248 881 sit?
268 821 382 881 lateris.
410 837 506 897 negas
528 823 607 883 'enim
628 831 658 884 te
678 823 759 884 illam
780 833 993 903 recepturum,
1016 829 1044 888 si

59 906 102 964 uti
129 920 165 964 ea
187 905 393 979 prohibearis:
424 908 508 981 quod
529 910 735 982 expetendum
760 917 822 984 est,
848 912 962 973 bonum
987 920 1043 973 εει.

60 1004 171 1064 sapere
188 991 358 1065 sapientiae
372 1007 449 1051 usus
464 997 526 1065 est,
549 989 705 1067 quomodo
721 994 915 1069 eloquentiae
930 998 1043 1070 eloqui,

59 1074 216 1149 quomodo
239 1075 397 1135 oculorum
417 1073 539 1134 videre=
561 1091 635 1150 ergo
656 1092 768 1152 sapere
782 1080 952 1154 sapientiae
965 1097 1043 1141 usus

59 1168 115 1218 est.
143 1175 219 1218 usus
242 1167 342 1219 autem
364 1158 533 1232 sapientiae
548 1162 741 1235 expetendus
756 1171 819 1223 esc
842 1179 953 1238 sapere
968 1180 1042 1240 ergo

61 1243 266 1318 expetendum
282 1249 339 1302 est.
362 1243 388 1302 si
403 1244 611 1317 expetendum
627 1253 683 1318 est,
699 1245 811 1306 bonum
827 1255 883 1305 εει.

124 1327 200 1387 Olim
216 1328 285 1402 ipse
299 1342 347 1386 me
363 1328 491 1399 damno,
507 1327 558 1400 qui
572 1328 642 1387 illos
657 1329 765 1404 imitor,
784 1331 855 1390 dum
872 1347 997 1405 accuso,
1013 1338 1085 1394 etta

60 1412 154 1471 verba
168 1419 293 1487 apertae
307 1411 351 1470 rei
366 1412 511 1486 inpendo.
539 1411 588 1471 cui
608 1413 687 1471 enim
702 1413 826 1473 dubium
844 1421 1042 1489 potestesse,

59 1496 144 1571 quin,
159 1496 185 1555 si
201 1503 306 1556 aestus
321 1496 433 1555 malum
445 1503 501 1567 est,
517 1503 547 1554 et
562 1504 704 1556 aestuare
716 1498 827 1557 malum
842 1499 901 1557 sill
917 1499 943 1556 si
956 1498 1044 1571 algor

59 1582 170 1640 malum
186 1587 243 1655 est,
258 1582 369 1639 malum
385 1580 425 1640 sit
438 1581 563 1653 algeret
585 1580 610 1638 si
628 1581 688 1639 vita
702 1581 815 1641 bonum
826 1589 881 1652 est,
897 1589 926 1640 et
938 1579 1043 1641 vivere

58 1667 172 1725 bonum
189 1666 237 1724 sit.
260 1665 362 1725 omnia
376 1665 437 1724 ista
451 1664 533 1724 circa
551 1664 741 1739 sapientiam,
757 1680 818 1723 non
831 1665 860 1722 in
873 1665 943 1739 ipsa
954 1671 1042 1725 sunt:

59 1760 90 1808 at
104 1749 193 1809 nobis
208 1749 238 1807 lu
253 1747 323 1823 ipsa
335 1748 584 1809 commorandum
599 1756 656 1809 est
678 1748 776 1809 Etiam
790 1748 902 1823 siquid
919 1748 1042 1823 evagari
1051 1763 1085 1818 19

59 1834 145 1904 libet,
170 1834 291 1908 amplos
311 1832 404 1892 habet
425 1833 476 1892 illa
491 1832 711 1908 spatiososque
725 1848 887 1893 secessus:
911 1832 950 1892 de
967 1833 1041 1892 deo-

58 1934 126 1975 rum
142 1926 249 1976 natura
265 1933 462 1992 quaeramus,
481 1917 520 1975 de
535 1916 670 1977 siderum
688 1918 847 1990 alimento,
863 1917 901 1976 de
916 1914 965 1976 his
982 1922 1042 1976 tam

58 2001 152 2060 variis
170 2002 323 2062 stellarum
338 2001 546 2062 discursibus:
570 2018 608 2061 an
631 2002 671 2061 ad
686 2002 804 2061 illarum
820 2007 921 2062 motus
936 2006 1043 2060 nostra

58 2095 248 2157 moveantur,
266 2103 303 2146 an
321 2086 503 2160 corporibus
522 2086 655 2147 omnium
673 2085 844 2160 animisque
859 2083 941 2145 illinc
956 2085 1041 2159 inpe-

58 2177 107 2228 tus
124 2171 241 2243 veuiat,
262 2187 300 2230 an
322 2177 352 2230 ει
364 2170 457 2244 haec,
480 2187 560 2244 quae
575 2169 697 2232 fortuita
712 2171 861 2244 dicuntur,
877 2176 960 2229 certa
975 2171 1042 2243 lege

60 2255 226 2314 constricta
241 2255 302 2314 sint
314 2254 450 2328 nihilque
468 2256 496 2314 in
513 2256 573 2316 hoc
588 2257 702 2316 mundo
716 2255 907 2330 repentinum
924 2260 976 2314 aut
989 2269 1042 2314 ex·

58 2354 132 2412 pers
155 2339 271 2397 ordinis
292 2338 460 2398 volutetur:
482 2339 540 2399 ista
561 2340 618 2398 iam
634 2357 653 2400 a
668 2340 848 2400 formatione
863 2355 981 2399 morum
995 2353 1042 2396 re-

59 2428 228 2491 cesserunt,
246 2422 302 2480 sed
318 2423 420 2480 levant
433 2421 566 2481 animum
582 2430 612 2482 ει
622 2425 661 2483 ad
673 2426 818 2498 ipsarum,
836 2440 913 2498 quas
925 2427 1043 2492 tractat,

58 2520 161 2562 rerum
187 2503 424 2577 magnitudinem
452 2505 615 2566 adtollunt:
648 2507 725 2564 haec
751 2522 839 2578 vero,
867 2507 905 2564 de
932 2503 1044 2578 quibus

58 2589 152 2663 paulo
169 2595 239 2647 ante
253 2586 401 2658 dicebam,
419 2585 558 2648 minuunt
571 2596 602 2649 ει
613 2587 787 2663 deprimunt
799 2603 864 2660 nec,
877 2594 909 2647 ut
920 2586 1043 2660 putatis,

59 2679 222 2743 exacuunt,
238 2671 295 2730 sed
310 2677 484 2729 extenuant.
526 2671 662 2732 Obsecro
678 2686 746 2744 vos,
763 2678 822 2730 tam
838 2668 1089 2733 necessariamttl

60 2773 163 2816 curam
181 2754 348 2815 maioribus
366 2754 606 2829 melioribusque
629 2754 761 2814 debitam
783 2755 812 2813 in
834 2769 868 2812 re
883 2751 990 2814 nescio
1005 2769 1044 2812 an

59 2841 146 2912 falsa,
160 2847 241 2900 certe
253 2839 348 2900 inutili
360 2838 506 2900 terimus?
520 2839 594 2915 quid
606 2838 678 2898 milri
690 2840 882 2914 profuturum
895 2844 943 2898 est
954 2836 1044 2910 scire,

58 2942 97 2983 au
109 2925 190 2983 aliud
204 2926 243 2984 sil
257 2924 416 2999 sapientia,
432 2924 512 2983 aliud
525 2930 659 2998 saperet
682 2923 755 2998 quid
768 2923 839 2982 mihi
852 2923 1045 2997 profuturum

59 3016 107 3068 εει
128 3009 208 3068 scire
229 3010 303 3068 illud
324 3009 439 3068 bonum
463 3023 534 3069 esse
557 3008 623 3081 [ltoc
637 3024 696 3069 non
716 3013 813 3080 esselt
854 3008 981 3067 Temere
996 3021 1045 3064 me

59 3109 178 3167 geram,
202 3092 312 3153 subibo
328 3092 419 3151 huius
434 3093 497 3153 voti
512 3093 624 3152 aleam:
644 3091 697 3150 tibi
719 3091 884 3168 sapientia,
907 3090 980 3150 milri
994 3106 1044 3150 sa-

60 3192 133 3250 pere
155 3176 325 3251 contingat:
355 3191 447 3251 pares
469 3175 594 3237 erimus.
644 3175 749 3236 Potius
770 3176 801 3235 id
823 3190 897 3250 age,
918 3181 953 3235 ut
973 3172 1086 3233 mihim

59 3261 139 3319 viam
155 3268 326 3334 monstreS,
349 3276 410 3334 qua
426 3260 464 3319 ad
482 3259 540 3320 ista
555 3260 740 3336 perveniam.
771 3260 836 3333 dic,
860 3259 934 3333 quid
949 3259 1045 3318 vitare

59 3344 203 3416 debeam,
221 3345 294 3420 quid
310 3346 466 3419 adpetere.
490 3344 603 3418 quibus
619 3344 752 3403 animum
767 3344 920 3403 labantem
935 3340 1045 3404 studiis

59 3427 188 3486 firmem.
218 3428 492 3502 quemadmodum,
517 3444 597 3502 quae
618 3444 668 3487 me
682 3443 721 3486 ex
737 3436 916 3489 transverso
933 3424 1047 3485 feriunt

59 3517 232 3586 aguntque,
254 3513 363 3587 procul
383 3528 402 3571 a
422 3526 470 3571 me
485 3513 642 3588 repellam.
669 3506 826 3587 qu'omodo
843 3527 900 3585 par
914 3524 986 3569 εεεε
1002 3513 1047 3568 tot

822 3593 879 3654 ᾗ*
