2422 3862
94 529 280 598 ctutum
298 529 460 608 summu,
478 529 623 598 nunonis
641 532 877 601 mutitatis
896 534 1080 616 nsulsum,

163 649 209 716 tlt
226 650 365 717 inmun
380 649 589 718 irascuntur
602 652 643 719 itu
658 652 759 719 PAUH
773 652 944 720 crustant
961 655 1008 722 nit

504 766 669 835 structu.

519 929 654 939 ..ι-

164 1053 192 1105 S.
210 1055 393 1106 Htuuouuuus
411 1066 448 1105 BE
466 1052 576 1106 SENECA
594 1068 623 1106 lrt
642 1066 794 1108 CATALOGO
815 1064 1000 1112 SANGTORUM.

157 1161 259 1217 Lucius
280 1161 416 1218 Annaeus
438 1160 548 1218 Seneca
569 1159 773 1227 Cordubensis,
797 1159 919 1218 Sotionis
936 1163 1018 1219 stoici
1037 1164 1079 1220 di·

93 1245 217 1317 scipulus
233 1251 260 1301 et
275 1252 391 1317 patruus
405 1246 508 1301 Lucani
523 1250 641 1318 poetae,
665 1247 919 1302 continentissimae
935 1248 1010 1303 vitae
1022 1250 1078 1317 tuit,

94 1344 178 1400 quem
197 1345 254 1385 non
271 1345 408 1403 ponerem
428 1330 456 1383 in
474 1331 601 1402 catalogo
618 1336 791 1401 sanctorum,
813 1330 926 1386 nisime
942 1331 1078 1402 epistolae

92 1413 156 1469 ittae
175 1419 379 1486 provocarent,
402 1429 474 1484 quac
493 1414 623 1486 leguntur
644 1414 818 1486 aplurimis,
840 1415 918 1469 Pauli
935 1415 974 1470 ad
988 1413 1078 1472 Sene-

51 1499 55 1505 ’
93 1513 155 1553 cam
177 1503 204 1553 et
224 1495 352 1554 Senecae
372 1496 409 1552 ad
430 1498 556 1553 Paulum.
584 1499 613 1553 in
635 1499 750 1570 quibus,
773 1514 836 1553 cum
859 1502 935 1554 essct
956 1498 1077 1555 Neronis

92 1581 225 1653 magister
244 1586 271 1636 et
289 1582 361 1636 iilius
381 1582 514 1652 temporis
527 1583 751 1653 potentissimus,
775 1588 872 1654 optare
887 1599 919 1637 sc
934 1583 1002 1639 dicit
1017 1585 1078 1639 eius

92 1680 158 1720 esse
177 1664 231 1720 loci
252 1665 329 1736 apud
344 1681 426 1735 suos,
451 1665 529 1720 cuius
545 1667 581 1721 sit
594 1667 697 1722 Paulus
713 1666 789 1737 apud
805 1665 986 1722 Christianos.
1026 1667 1077 1722 Hic

93 1753 156 1804 ante
175 1748 317 1804 biennium
335 1764 418 1819 quam
438 1750 536 1805 Petrus
552 1756 578 1806 ct
595 1751 696 1806 Paulus
714 1751 847 1823 martyrio
864 1757 1076 1821 coronarentur,

92 1847 110 1887 a
124 1831 236 1889 Nerone
252 1833 412 1889 interiectus
428 1839 489 1893 est..

484 1991 686 2000 ——.—

460 2115 657 2168 EPISToLA
682 2121 702 2169 1.

387 2199 497 2251 sunnon
513 2201 610 2252 Pauno
629 2214 769 2258 susurru.

153 2309 245 2367 Credo
259 2311 321 2381 tibi,
340 2312 441 2382 Paula,
464 2310 624 2366 nunciatum
636 2328 714 2380 esse,
732 2311 808 2382 quod
818 2310 880 2366 heri
894 2306 943 2385 [de
957 2308 996 2385 te]
1012 2329 1076 2368 cum

89 2395 194 2452 Lucilio
208 2401 303 2452 nostro
316 2397 353 2453 de
367 2395 540 2469 apocryphis
552 2401 579 2452 et
591 2396 651 2450 aliis
667 2397 751 2451 rebus
767 2411 925 2451 sermonem
940 2394 1075 2451 habueri·

89 2497 161 2538 mus.
184 2487 263 2537 erant
275 2481 348 2536 enim
360 2479 473 2553 quidam
485 2480 694 2551 disciplinarum
705 2485 814 2536 tuarum
825 2479 941 2535 comites
953 2496 1066 2536 mecum

89 2583 155 2623 nam
175 2565 204 2621 in
223 2566 319 2622 hortos
340 2563 514 2634 salustianos
528 2580 754 2633 secesseramus,
776 2579 831 2635 quo
845 2567 906 2619 loco
922 2566 1075 2621 occasione

89 2655 185 2708 nostra
205 2651 260 2706 aiio
280 2649 427 2707 tendentes
446 2649 490 2719 hi,
512 2649 549 2705 dc
565 2650 664 2720 quibus
680 2648 752 2717 dixi,
771 2649 840 2706 visis
853 2647 934 2702 nobis
951 2648 1075 2704 adiuncti

90 2740 163 2791 sunt.
186 2740 261 2791 certe
272 2735 348 2806 quod
358 2735 397 2790 tui
407 2733 596 2806 praesentiam
608 2733 780 2807 optavimus,
801 2738 827 2789 et
837 2731 891 2787 hoc
903 2732 979 2787 scias
993 2735 1074 2790 volo:

89 2819 182 2875 libello
199 2825 245 2875 tuo
261 2821 347 2891 tecto,
369 2819 399 2874 id
413 2824 455 2875 est
469 2817 505 2881 dc
520 2818 647 2890 plurimis
676 2819 783 2887 aliquas
805 2813 907 2868 titteras
929 2826 1004 2882 quas
1039 2815 1075 2872 ad

89 2904 211 2974 aliquam
230 2904 369 2961 civitatem
383 2921 436 2961 seu
449 2908 532 2975 caput
545 2903 710 2976 provinciae
724 2900 861 2971 direxisti,
883 2900 955 2955 mira
971 2900 1074 2956 exhor·

88 2989 192 3044 tatione
204 2989 289 3061 vitam
299 2990 434 3046 moralem
445 2977 634 3056 continentes,
648 3003 738 3059 usque
749 2985 846 3042 reiecti
856 3000 965 3040 sumus.
998 2985 1074 3054 Quos

90 3089 191 3129 sensus
205 3089 262 3130 non
275 3079 343 3145 puto
357 3091 393 3130 ex
406 3078 433 3130 te
446 3073 535 3130 dictos
550 3073 603 3128 sed
616 3088 669 3145 per
681 3077 724 3142 te,
746 3075 820 3127 certe
832 3070 986 3141 aliquando
1001 3078 1075 3127 exte

91 3164 118 3214 et
136 3173 188 3231 per
208 3165 248 3215 tce
269 3163 345 3214 tanta
362 3159 436 3216 enim
451 3159 582 3214 maiestas
597 3173 694 3214 earum
709 3161 752 3212 est
766 3172 859 3212 rerum
875 3160 1011 3227 tantaque
1026 3174 1075 3229 ge-

89 3243 240 3301 nerositate
265 3244 376 3314 calens',
398 3248 427 3297 ut
442 3244 489 3300 vix
504 3241 671 3300 suffecturas
686 3247 781 3315 putem
798 3244 904 3297 aetates
918 3239 1076 3309 hominum,

89 3327 189 3401 quibus
217 3327 320 3383 institui
349 3327 503 3398 perficique
530 3329 649 3401 possint.
690 3327 767 3383 Bene
789 3331 816 3381 te
838 3326 954 3398 valere,
980 3327 1076 3394 irater,

89 3429 183 3486 cupro.
