2422 3862
183 247 245 313 114
465 249 498 307 L.
520 246 667 306 ANNAEl
690 242 865 305 SENECAE

181 404 302 477 aliquos
328 399 479 462 amicitiae
499 401 599 461 Asinii
627 400 719 473 Galli,
748 399 889 475 quotiens
916 396 1020 460 Seiani
1048 400 1161 475 odium,

182 487 293 547 deinde
304 501 390 545 amor
402 492 564 566 merserat,
580 499 679 559 acque
693 485 774 543 enirn
789 482 959 544 offendisse
973 485 1058 545 illum
1071 489 1161 560 quaih

180 585 302 630 amasse
314 569 522 644 periculosum
535 569 603 651 111111
614 567 826 628 exclamabant
838 567 993 628 homines:
1011 585 1050 644 „o
1062 570 1162 646 Vatia,

152 656 265 716 tsolus
279 653 341 714 scis
353 652 488 713 vivere.“
512 659 542 712 al
556 654 711 713 1116161616
723 653 854 726 sciebat,
871 669 933 713 non
944 653 1059 714 vivere.
1079 656 1160 716 ,mul-

178 746 242 799 tum
263 744 364 797 autern
383 738 525 810 interest,
547 744 645 797 utrum
661 738 722 797 vita
744 743 795 796 tua
810 737 909 797 otiosa
931 735 971 797 sit
985 753 1022 796 an
1039 738 1158 812 ignava

179 837 344 896 numquam
356 821 443 901 aliter
453 820 532 880 hanc
546 820 646 880 villam
656 822 747 882 Vatia
757 821 828 881 vivo
841 821 1055 896 praeteribam,
1070 839 1159 898 quarn

179 914 211 966 ut
233 901 390 965 dicerem?
409 905 519 978 „Vatia
538 904 588 964 hic
608 906 684 966 situs
705 909 782 969 6611ι
812 906 868 964 sed
884 905 978 980 adeo,
998 906 1039 965 1111
1054 906 1160 982 Lucili

35 1066 38 1073 y
143 971 377 1066 (philosophia
391 1004 513 1049 sacrum
530 988 675 1063 quiddam
690 995 737 1048 661
752 996 781 1048 61
796 989 986 1063 venerabile,-
1009 997 1043 1051 ut
1060 993 1158 1064 ctiam,

180 1075 207 1134 si
228 1073 301 1148 quid
322 1074 364 1132 illi
386 1072 485 1134 simile
506 1070 568 1144 661,
589 1071 750 1133 mendacio
772 1070 910 1147 placeat.)
931 1073 1065 1134 otiosum
1079 1077 1156 1136 enim

180 1158 333 1217 hominem
353 1157 513 1217 seductum
539 1156 690 1217 existimat
709 1157 820 1230 volgus
844 1165 875 1216 ct
899 1173 1042 1218 securum
1071 1167 1102 1220 et
1125 1175 1157 1221 sa

181 1249 370 1315 contentum,
392 1240 451 1301 sibi
468 1242 644 1313 viventem,
661 1258 791 1315 quorum
812 1239 885 1301 nihil
908 1242 961 1302 ulli
983 1244 1158 1318 contingere

180 1327 239 1387 nisi
261 1325 391 1400 sapienti
411 1332 523 1401 potest.
556 1325 607 1384 ille
629 1325 752 1400 quidem
772 1327 855 1385 nulla
877 1341 912 1386 re
932 1327 1081 1387 sollicitus
1103 1329 1159 1388 scit

151 1410 238 1475 16111
250 1411 362 1469 vivere.
386 1409 436 1469 ille
448 1409 545 1483 enim,
563 1411 646 1485 quod
658 1416 707 1470 est
718 1410 865 1484 primurn,
880 1410 938 1470 scit
949 1411 1064 1473 vivere.
1085 1413 1159 1471 Nam

182 1497 232 1572 qui
253 1510 304 1554 res
325 1501 355 1554 61
374 1493 515 1554 homines
531 1495 621 1569 fugit,
645 1510 734 1569 quem
759 1493 958 1569 cupiditatum
976 1511 1100 1556 suarum
1116 1497 1158 1555 in-

180 1581 306 1641 felicitas
321 1579 482 1652 relegavit,
506 1577 558 1653 qui
580 1579 656 1639 alios
680 1577 833 1638 feliciores
849 1578 953 1639 videre
974 1596 1035 1639 non
1051 1581 1157 1654 poluit,

180 1663 232 1741 qui
247 1665 330 1724 velut
346 1662 482 1722 timidum
504 1669 596 1737 atquc
617 1664 699 1723 iners
722 1663 832 1722 animal
853 1670 934 1724 metu
956 1663 1089 1738 oblituit,
1110 1665 1159 1723 ille

180 1749 237 1808 sibi
249 1764 311 1807 non
323 1747 412 1820 vivit,
430 1747 501 1818 sed,
517 1746 600 1821 quod
612 1755 660 1807 661
671 1747 895 1822 turpissimum,
909 1748 1159 1821 ventri,-somno,

179 1831 310 1892 libidini:
348 1848 420 1891 non
450 1831 640 1891 continuo
669 1830 745 1891 sibi
772 1831 884 1901 vivit,
915 1830 979 1905 qui
1006 1831 1158 1892 nemini.

122 1944 128 1953 =
180 1917 258 1976 adeo
275 1923 374 1975 tamen
391 1930 503 1990 magna
516 1930 566 1974 res
582 1922 630 1975 est
650 1915 820 1976 constantia
835 1923 864 1975 61
879 1915 909 1973 111
925 1915 1086 1990 proposito
1101 1932 1158 1976 suo

180 2000 423 2075 perseverantia,
439 2007 471 2059 ut
485 1999 596 2059 habeat
611 1999 819 2059 auctoritatem
835 1999 942 2059 inertia
954 2009 1081 2076 quoque
1093 2016 1157 2076 per-

152 2085 273 2143 6111611.
294 2085 339 2143 Dc
353 2084 423 2158 ipsa
434 2082 505 2141 villa
520 2083 592 2142 nihil
608 2083 662 2143 tibi
678 2100 807 2159 possum
823 2085 896 2143 cerli
908 2084 1055 2144 scribere.
1079 2086 1157 2144 fron-

181 2177 241 2227 16111
264 2167 341 2225 enim
364 2168 431 2227 eius
452 2173 565 2227 tantum
587 2168 660 2228 novi
681 2175 712 2227 et
732 2168 890 2242 exposita,
923 2185 1003 2244 quae
1026 2168 1158 2229 ostendit

182 2251 272 2310 etiam
287 2250 525 2311 transeuntibus.
557 2250 730 2327 Speluncae
746 2259 818 2312 sunt
832 2253 912 2311 duae
926 2251 1030 2328 magni
1045 2252 1157 2328 operis,

182 2336 275 2408 cuiuis
285 2335 356 2395 laxo
370 2336 447 2396 atrio
460 2351 567 2410 pares,
584 2337 799 2411 manufactae,
813 2352 940 2410 quarum
954 2337 1050 2396 altera
1061 2338 1157 2397 solem

181 2436 242 2481 non
257 2419 380 2496 recipit,
396 2422 491 2480 altera
505 2437 607 2496 usque
621 2421 650 2479 in
667 2420 856 2503 occidentem
871 2428 962 2481 tenet.
992 2421 1158 2495 platanona

181 2503 300 2565 medius
323 2505 408 2564 rivus
430 2511 460 2564 ct
482 2520 500 2563 a
520 2506 596 2564 mari
617 2513 647 2565 61
667 2505 705 2565 ab
727 2495 898 2565 Acherusio
920 2505 990 2565 lacu
1016 2512 1158 2581 receptus

181 2589 277 2665 euripi
298 2589 389 2649 modo
412 2588 534 2664 dividit,
561 2589 679 2649 alendis
707 2587 861 2662 piscibus,
890 2589 1008 2648 etiarnsi
1030 2589 1159 2649 adsidue

182 2674 393 2748 exhauriatur,
416 2670 598 2733 sufficiens(
613 2674 669 2736 sed
684 2671 742 2745 1111,
764 2688 832 2732 cum
849 2688 931 2732 mare
945 2679 1044 2747 patet,
1063 2670 1157 2748 parci·

181 2764 243 2816 tur:
267 2773 335 2817 curn
356 2763 523 2831 tempestas
546 2756 751 2831 piscatoribus
768 2757 851 2816 dedit
865 2757 973 2830 ferias,
995 2772 1106 2817 manus
1121 2755 1158 2815 ad

153 2859 168 2913 7
182 2849 288 2915 parata
300 2840 471 2915 porrigitur.
494 2840 561 2900 Hoc
571 2848 672 2900 tamen
685 2847 733 2900 661
745 2838 1025 2901 commodissimum
1039 2840 1158 2912 invilla,

182 2926 266 3000 quod
286 2923 378 2984 Baias
401 2930 485 2984 trans
513 2925 658 2999 parictem
682 2925 788 2986 habet:
816 2924 1020 2985 incommodis
1041 2923 1159 2984 illarum

182 3017 279 3083 caret,
302 3007 511 3082 voluptatibus
534 3010 648 3070 fruitur.
681 3009 745 3069 Has
767 3009 876 3070 laudes
896 3009 963 3069 eius
985 3008 1054 3083 ipse
1072 3007 1159 3070 novi:

182 3109 253 3153 esse
270 3093 351 3152 illam
368 3092 459 3153 totius
476 3095 547 3153 anni
563 3093 665 3153 credo.
687 3095 820 3153 occurrit
834 3093 913 3152 enim
927 3092 1067 3152 Favonio
1082 3101 1113 3152 ct
1126 3093 1158 3150 il-

180 3179 243 3237 lum
257 3177 335 3236 adeo
352 3175 479 3253 excipit,
503 3186 536 3238 ut
548 3176 632 3237 Baiis
648 3185 746 3251 neget.
773 3178 840 3238 Non
857 3177 948 3237 stulte
963 3177 1084 3236 videtur
1099 3178 1157 3234 ele·

181 3262 264 3336 gissa
276 3261 356 3322 hunc
368 3263 467 3322 locum
478 3263 583 3335 Vatia,
598 3262 628 3321 111
644 3277 735 3337 quem
751 3261 843 3322 otium
859 3278 947 3321 suuni
964 3259 1083 3336 pigrum
1099 3260 1158 3320 iarn

151 3351 210 3406 861
233 3347 329 3406 senile
350 3347 510 3408 conferret.
544 3345 606 3406 Sed
627 3362 699 3406 non
723 3348 878 3406 multum
900 3343 1157 3419 6111616611-

178 3430 325 3490 litatem
342 3434 452 3492 locus
473 3431 637 3491 confert:
653 3429 772 3490 animus
788 3437 849 3503 661,
866 3429 919 3506 qui
933 3429 990 3489 sibi
1003 3442 1157 3488 commen·

164 3512 220 3571 det
238 3517 361 3575 omnia.-
388 3515 452 3577 vidi
473 3532 534 3594 ego
556 3515 589 3578 in
609 3516 684 3578 villa
701 3513 793 3576 hilari
815 3522 847 3575 et
864 3528 997 3574 amoena
1009 3518 1159 3585 moestos,
