2422 3862
136 171 199 254 aaa
365 157 369 165 ’
424 190 456 248 0.
473 187 811 249 000001εο00000

136 351 166 404 ει
179 343 274 403 virtus
290 350 320 402 et
332 341 423 400 beata
437 340 499 400 vita
513 339 652 414 contigit:
674 339 765 400 nobis
779 339 887 400 umbra
908 342 1060 416 quaedam
1081 343 1113 403 ii-

135 429 233 488 lorum
259 425 409 486 bonorum
435 431 464 482 ει
486 423 660 498 similitudo.
695 424 871 484 accedimus
897 425 937 484 ad
961 425 1028 503 illa,
1054 443 1116 489 000

135 510 363 586 pervenimus.“
393 508 505 568 Ratio
521 522 595 568 vero
616 507 674 566 dis
694 506 993 584 hominibusque
1015 525 1118 571 0010Ἰ

135 595 258 654 munis
274 600 345 653 est:
367 592 445 652 haec
459 592 490 650 in
505 591 564 650 illis
580 597 789 651 consummata
804 599 865 663 εει,
886 592 917 662 in
938 594 1027 654 nobis
1044 610 1117 657 coa·

93 677 332 746 assummabilis.
358 679 444 752 †per
456 675 535 734 hano
550 681 659 750 potens
672 691 734 737 non
750 677 935 750 poenitenda
949 676 1117 755 agitavit=†

136 760 198 821 Sed
218 761 258 821 ad
279 760 526 835 desperationem
547 773 604 818 nos
627 758 699 818 vitia
719 767 825 818 nostra
841 760 1020 835 perducunt.
1048 779 1116 821 narn

135 846 184 904 ille
207 845 282 905 alter
303 843 459 904 secundus
479 850 527 902 est
548 843 701 917 [prodest
727 849 761 902 ut
781 842 893 917 aliquis
914 860 1022 919 parurn
1044 862 1115 906 con-

135 935 221 988 stans
236 928 276 987 ad
292 927 495 988 custodienda
511 927 639 1002 optima,
655 927 742 986 ouius
757 925 900 987 iudicium
916 929 999 990 labat
1012 931 1116 989 etiam-

135 1028 216 1072 nunc
237 1019 268 1071 ει
287 1010 434 1072 incertum
455 1017 515 1085 est,
539 1008 694 1070 desideret
714 1010 871 1070 oculorum
893 1019 985 1088 atque
1001 1015 1115 1075 aurium

136 1111 277 1168 sensum,
302 1095 413 1155 bonam
434 1094 630 1154 valitudinem
656 1100 686 1153 ει
705 1109 766 1154 000
790 1095 915 1155 foedum
937 1098 1115 1172 adspectum

136 1180 275 1255 corporis
296 1186 326 1238 οι
349 1183 402 1252 [10]
424 1177 529 1239 habitu
543 1185 714 1238 manentem
729 1194 803 1250 suo,
828 1178 936 1240 aetatis
958 1189 1114 1256 praeterea

92 1265 256 1338 atlongius
280 1263 420 1338 spatium.
436 1265 486 1338 ††
526 1262 698 1336 lnperlecto
722 1265 788 1322 vr'ro
812 1262 883 1324 huic
909 1265 1039 1325 malitiae
1067 1265 1115 1324 vis

136 1348 285 1423 quaedam
305 1345 398 1421 inest,
423 1363 484 1421 quc
505 1346 636 1406 animum
657 1345 751 1405 habet
772 1347 930 1406 mobilem:
957 1348 997 1407 ad
1021 1364 1116 1422 prava

134 1431 217 1490 illum
239 1432 301 1506 agit
319 1431 451 1503 haerens
466 1429 579 1490 malitia
593 1437 625 1489 et
638 1446 675 1489 ea
689 1428 825 1504 agitata*
842 1431 941 1504 [abest
956 1432 995 1491 de
1009 1431 1115 1503 bono].

135 1532 196 1575 000
212 1522 260 1575 εει
274 1515 374 1575 adhuc
391 1515 507 1588 bonus,
523 1514 580 1574 sed
594 1513 624 1572 in
640 1514 755 1574 bonum
769 1514 907 1589 fingitor=
934 1516 1117 1590 cuicumque

135 1606 259 1672 [autern]
276 1599 363 1659 abest
377 1599 492 1673 aliquid
508 1597 547 1657 ad
561 1597 689 1671 bonum,
712 1599 812 1659 malus
828 1606 884 1658 est.

93 1699 128 1754 30
219 1684 282 1744 Sed
293 1685 320 1743 se·
335 1685 386 1743 car·
399 1686 490 1743 virtus
505 1684 678 1757 animusque
691 1685 722 1741 r'n
737 1699 861 1758 corpore
871 1697 1029 1757 praesens,

134 1765 184 1826 hic
205 1767 282 1827 deos
303 1773 423 1841 aequat.
451 1765 503 1827 illo
522 1765 619 1825 tendit
635 1764 761 1840 originis
777 1781 851 1827 snae
865 1780 989 1825 memor.
1023 1780 1116 1826 nemo

134 1849 263 1926 inprobe
278 1866 315 1910 eo
332 1856 460 1911 conatur
478 1849 683 1922 adscendere,
697 1850 780 1908 unde
796 1848 1006 1910 descenderat.
1038 1848 1116 1922 Quid

135 1943 296 1996 astantem
313 1949 367 1994 cur
383 1950 444 1994 000
461 1932 617 1994 existimes
631 1933 661 1991 10
673 1948 710 1995 eo
723 1932 816 1992 divini
827 1932 943 2008 aliquid
955 1934 1121 2004 exsistere,

136 2017 188 2092 qui
210 2019 258 2080 dei
281 2034 352 2093 pars
373 2023 441 2077 estr
462 2025 555 2078 toturn
570 2016 645 2088 hoc,
668 2033 730 2092 quo
749 2017 951 2090 continemur,
978 2023 1007 2076 ει
1024 2024 1116 2076 unum.

135 2109 182 2162 εει
202 2108 231 2161 ει
252 2102 344 2161 deus:
373 2109 403 2161 ct
423 2101 499 2161 socii
520 2116 627 2161 sumus
648 2100 716 2161 eius
731 2108 761 2160 et
778 2100 922 2160 membra.
957 2116 1056 2175 capax
1071 2107 1117 2159 est

134 2191 240 2244 noster
263 2185 391 2244 animus.
429 2185 580 2259 perlertur
602 2184 668 2256 illo,
697 2183 724 2243 si
748 2183 821 2244 vitia
849 2200 910 2243 non
937 2185 1115 2258 deprImant.

136 2267 397 2339 Quemadmodum
420 2283 582 2342 corporum
603 2275 778 2329 nostrorum
798 2268 919 2328 habitus
941 2268 1065 2342 angitur
1086 2275 1116 2328 ει

135 2359 254 2426 spectat
273 2351 304 2410 10
324 2352 457 2426 coelum,
478 2351 520 2412 ita
534 2352 669 2427 animuS,
691 2353 739 2411 cui
759 2352 789 2410 10
807 2360 952 2427 quantum
968 2352 1032 2411 vult
1046 2352 1117 2412 licet

134 2433 264 2510 porrigi,
279 2435 308 2494 in
326 2435 386 2494 hoc
401 2452 419 2495 a
433 2443 541 2496 natura
554 2452 655 2497 rerum
673 2437 819 2496 lormatus
835 2444 898 2509 εει,
921 2441 953 2494 ut
968 2436 1052 2510 paria
1067 2436 1116 2496 dis

132 2520 237 2592 vellet,
266 2516 348 2593 [etlsi
369 2525 469 2580 utatur
490 2520 555 2580 suis
576 2519 692 2580 viribus
713 2535 750 2579 ao
772 2535 806 2579 εε
826 2520 856 2578 10
880 2519 1010 2594 spatium
1026 2535 1115 2578 suum

91 2608 123 2664 31
133 2603 285 2664 extendat.
316 2603 383 2663 Non
399 2605 497 2664 aliena
511 2604 561 2663 via
576 2604 615 2663 ad
631 2620 750 2664 summa
765 2604 876 2663 nititur.
905 2618 1035 2677 magnus
1050 2610 1115 2662 erat

132 2687 220 2746 labor
247 2688 290 2745 ire
317 2688 348 2746 10
370 2689 503 2748 00010011
527 2686 614 2748 redit.
649 2704 718 2748 curn
745 2687 804 2748 hoc
825 2688 881 2747 iter
902 2695 1032 2747 nanctus
1058 2692 1113 2756 est,

132 2771 216 2830 vadit
236 2770 392 2829 audaciter
414 2777 604 2847 contemptor
624 2772 772 2830 omnium:
804 2786 861 2830 nec
887 2771 927 2829 ad
954 2770 1114 2845 pecuniam

132 2851 258 2926 respicit
279 2868 447 2928 aurumque
469 2860 499 2913 et
519 2861 676 2928 argentum
695 2854 770 2926 illis,
796 2854 825 2912 in
851 2855 961 2928 quibus
983 2854 1114 2925 iacuere,

131 2934 265 2996 tenebris
282 2934 461 3010 dignissima
481 2953 542 2997 non
565 2939 604 2998 ab
618 2939 677 2998 lroc
693 2939 832 2998 aestimat
847 2938 1028 3012 splendore,
1053 2952 1115 3010 quo

131 3018 326 3094 inperitorum
341 3020 502 3081 verberant
516 3024 638 3094 oculos,
656 3022 711 3082 sed
726 3038 744 3080 a
759 3031 857 3083 vetere
873 3037 985 3096 coeno,
1001 3037 1041 3080 ex
1053 3035 1114 3094 quo

132 3103 182 3162 illa
205 3103 336 3162 secrevit
360 3105 510 3178 cupiditas
532 3113 638 3166 nostra
659 3113 688 3165 ει
707 3105 821 3166 effodit.
861 3103 958 3176 Scit,
980 3105 1112 3178 inquam,

133 3186 256 3246 aliubi
277 3187 430 3261 positas
454 3204 542 3249 esse
565 3189 727 3249 divitias
750 3204 950 3264 quamquo
972 3203 1114 3261 conge·

89 3271 282 3331 barunturz
305 3272 464 3332 animum
480 3271 624 3346 inpleri
645 3272 801 3342 debere,
817 3288 878 3333 000
895 3288 1005 3331 arcam.
1027 3272 1115 3331 Hunc

130 3353 278 3431 inponere
294 3355 428 3415 dominio
439 3372 539 3415 rerum
556 3356 688 3416 omniurn
701 3355 779 3430 licet,
794 3356 875 3416 hunc
890 3357 920 3415 in
938 3352 1115 3430 possessio-

131 3455 198 3500 nem
216 3455 317 3500 rerum
333 3447 457 3499 naturae
472 3439 630 3514 inducere,
658 3448 691 3500 ut
712 3455 768 3499 sua
790 3439 915 3500 orientis
934 3437 1114 3500 occidentis·
