2422 3862
93 231 94 234 ’
115 220 179 285 320
402 217 435 277 L.
456 217 603 278 ANNAEI
627 216 803 278 SENECAE

117 373 183 436 fidit
203 387 260 433 nee
281 385 339 446 spe
358 368 464 431 mertis
479 368 629 443 patienter
644 367 728 428 dolet
742 382 799 428 nec
812 367 915 429 taedio
931 368 1048 431 doloris
1064 371 1098 432 li·

117 457 224 519 benter
238 454 378 518 meritum
399 452 482 513 hunc
497 452 563 526 lert,
579 451 659 511 illam
671 457 843 527 exspectat.
872 452 962 513 Vale.

413 587 628 646 EPISTULA
655 588 702 644 IV.
731 593 744 660 t
780 589 802 657 .)

368 685 479 738 Sernes.
497 685 608 736 Lucrmo
628 694 680 734 sne
699 695 838 735 susurru.

89 795 109 852 i
178 788 356 867 Epistulam,
372 805 463 866 quam
476 788 587 864 scripsi
598 787 735 862 Marullo,
751 803 819 848 cum
831 786 927 848 filium
938 789 1099 864 parvulum

118 875 274 936 amisisset
289 880 319 933 et
333 873 485 934 diceretur
499 873 629 933 molliter
644 871 739 946 ferre,
754 869 822 930 misi
837 871 901 946 tibi,
916 871 945 930 in
963 873 1099 948 quaneh

118 975 186 1019 sum
208 957 328 1018 solitum
349 972 465 1018 merem
484 964 610 1017 secutus
630 970 688 1018 nee
708 953 812 1030 putavi
828 954 936 1015 leniter
949 956 1033 1017 illum
1048 959 1100 1018 de·

117 1042 191 1102 bere
202 1040 409 1112 tramaricam
423 1038 634 1114 obiurgatione
646 1045 729 1099 esset
741 1054 831 1112 quam
844 1039 954 1100 solatio
968 1039 1100 1116 dignior.

118 1123 242 1186 adflicto
265 1123 345 1184 enim
367 1131 398 1184 et
417 1138 559 1199 magnum
582 1123 693 1183 volnus
713 1124 791 1183 male
814 1121 921 1183 lerenti
942 1124 1101 1200 paulisper

119 1208 289 1269 cedendum
312 1215 369 1267 est.
396 1207 526 1268 exsatiet
546 1222 581 1268 se
596 1213 647 1267 aut
664 1213 745 1267 certe
759 1205 889 1282 primum
904 1207 1040 1282 inpetum
1054 1209 1099 1266 ei·

88 1292 237 1354 'lundata
257 1290 303 1366 hi,
320 1289 385 1366 qui
402 1291 476 1352 sibi
491 1291 626 1367 lugere
641 1297 901 1366 sumpserunt,
916 1291 1099 1366 protinus

118 1375 361 1450 castigentur
379 1381 409 1435 et
425 1374 544 1434 discant
557 1374 707 1449 quasdam
722 1374 811 1435 etiam
826 1374 1018 1436 lacrimarum
1034 1374 1099 1435 ine·

117 1460 197 1536 ptias
211 1473 291 1520 esse.
303 1459 411 1519 solatia
423 1465 609 1534 exspectas?
620 1456 760 1518 convicia
769 1458 884 1533 accipe.
897 1464 958 1519 tam
970 1458 1100 1520 molliter

117 1551 150 1605 tu
166 1544 227 1603 iers
242 1549 370 1604 mertem
380 1543 460 1620 filiii
481 1542 555 1618 quid
568 1543 695 1617 laceres,
711 1543 738 1603 si
747 1542 876 1602 amicum
887 1541 1101 1618 perdidisses?

118 1625 253 1688 decessit
266 1627 346 1687 filius
362 1627 495 1687 incertae
511 1626 594 1702 spei,
609 1627 772 1700 parvulus:
792 1625 934 1702 pusillum
949 1626 1098 1701 temperis
1125 1698 1128 1702 A

86 1711 214 1785 aperiit.
261 1710 377 1772 Causas
398 1710 514 1771 doloris
536 1709 744 1786 conquirimus
767 1715 797 1770 et
818 1710 857 1770 de
873 1709 992 1770 lertuna
1006 1710 1099 1770 etiam

117 1793 225 1868 inique
237 1795 324 1870 queri
339 1796 497 1869 velumuS‚
517 1794 605 1869 quasi
620 1810 681 1853 nen
698 1794 737 1855 sit
751 1795 847 1854 iustas
865 1792 1009 1868 querendi
1025 1808 1099 1854 eau-

118 1894 171 1940 sas
191 1879 380 1953 praebitura:
407 1885 438 1937 at
461 1879 651 1939 mehercules
673 1877 748 1938 satis
770 1877 842 1937 mihi
861 1876 922 1937 iam
943 1876 1099 1938 videbaris

117 1961 208 2022 animi
222 1962 336 2023 habere
351 1960 441 2023 etiam
457 1963 607 2022 adversus
623 1963 723 2022 solida
736 1962 824 2033 mala,
841 1962 954 2021 nedum
970 1961 1009 2021 ad
1025 1962 1100 2023 istas

117 2046 241 2107 umbras
269 2046 431 2120 malcrum,
469 2045 579 2121 quihus
607 2045 810 2120 ingemiscunt
835 2045 977 2106 homines
1006 2046 1100 2106 meris

118 2144 223 2190 causa.
269 2131 356 2204 Quod
372 2131 551 2191 damnorum
567 2130 699 2190 emnium
714 2130 877 2189 maximum
899 2137 961 2204 est,
984 2127 1011 2189 si
1026 2128 1100 2189 ami·
1199 2120 1203 2137 '

119 2228 187 2272 cum
210 2214 414 2288 perdidisses,
439 2213 540 2273 danda
560 2230 655 2290 opera
677 2221 754 2289 erat,
775 2221 808 2274 ut
822 2214 918 2289 magis
937 2214 1100 2289 gauderes,

89 2296 203 2372 equod
220 2295 388 2372 habueras,
413 2313 503 2371 quam
526 2313 696 2372 moereres
726 2297 809 2373 qued
832 2298 991 2358 amiseras.
1038 2296 1102 2358 Sed

118 2379 258 2456 plerique
284 2396 346 2440 nen
372 2387 551 2456 scapulam,
579 2388 693 2458 quanta
718 2381 926 2457 perceperint,
954 2388 1101 2457 qllantum

117 2464 217 2539 gavisi
239 2465 308 2525 sint
342 2464 402 2525 hoc
422 2465 514 2526 habet
534 2465 612 2526 inter
632 2465 752 2542 relique
775 2465 846 2525 mali
872 2466 986 2526 deler
1008 2465 1100 2527 iste=

117 2564 190 2611 nen
221 2564 492 2624 supervacuus
526 2556 685 2624 tantum,
721 2549 789 2610 sed
824 2550 1002 2624 ingratus
1032 2556 1100 2610 est.

117 2648 212 2707 „erge
232 2633 316 2708 quod
330 2633 463 2693 habuisti
478 2635 566 2694 talem
583 2634 727 2708 amicum,
747 2633 838 2708 periit
852 2640 969 2708 operat
989 2639 1034 2695 tot
1047 2649 1100 2692 an·

117 2715 181 2789 nis,
197 2723 280 2777 tenta
294 2715 508 2778 coniunctione
527 2717 613 2791 vitae,
632 2725 692 2776 tam
708 2715 847 2777 familiari
864 2716 1034 2778 studiorum
1049 2733 1100 2778 se·

118 2795 226 2860 cietate
241 2800 315 2859 nihil
330 2808 429 2861 actum
444 2807 512 2861 esti
540 2817 608 2862 cum
630 2801 728 2862 amico
749 2800 840 2861 effers
861 2801 1046 2862 amicitiam?
1071 2807 1102 2862 et

119 2881 193 2958 quid
209 2882 296 2942 dales
309 2884 458 2960 amisisse,
475 2884 502 2944 si
513 2884 659 2946 habuisse
670 2902 731 2946 non
744 2886 893 2961 prodestt
914 2883 1100 2960 mihicrede,

1 3041 6 3048 ,
118 2980 228 3040 magna
242 2982 316 3041 pars
334 2983 372 3046 ex
390 2967 427 3027 iis
443 2984 521 3044 quos
536 2969 713 3045 amavimus,
728 2970 800 3031 licet
820 2969 907 3045 ipsos
924 2985 1016 3029 casus
1030 2969 1100 3029 ahs-

116 3049 232 3124 tulerit,
262 3050 343 3126 apud
364 3068 422 3112 nes
444 3059 553 3113 manet.
581 3059 718 3115 nestrum
746 3060 807 3129 est,
835 3054 919 3129 qued
944 3050 1103 3128 praeteriit

118 3139 239 3208 tempus
261 3151 318 3194 nec
339 3137 503 3213 quicquam
525 3143 573 3198 est
592 3140 661 3198 lece
678 3138 788 3199 tutiore
805 3155 895 3213 quam
914 3137 998 3213 qued
1014 3136 1101 3198 suit.“

86 3217 228 3292 elngrati
250 3219 400 3281 adversus
420 3229 567 3297 percepta
587 3237 644 3298 spe
665 3222 756 3283 luturi
777 3240 900 3298 sumus,
927 3221 1016 3298 quasi
1038 3235 1101 3280 nen

118 3303 202 3378 qued
217 3304 348 3366 laturam
363 3312 419 3378 est,
434 3306 461 3365 si
477 3307 568 3367 mede
582 3307 768 3369 successerit
779 3308 879 3384 uehis,
896 3305 955 3368 cite
966 3307 997 3365 in
1009 3319 1102 3384 prae·

116 3383 204 3447 teriia
217 3386 413 3448 transiturum
429 3388 477 3449 sit.
505 3391 645 3466 Anguste
660 3391 777 3454 fructus
791 3408 892 3452 reram
908 3387 1101 3465 determinat,

116 3471 170 3547 qui
180 3478 294 3532 tantum
305 3474 520 3548 praesentibus
536 3474 633 3536 laetus
649 3483 711 3536 est:
733 3485 763 3538 et
777 3478 878 3538 lutura
892 3485 923 3540 et
935 3474 1102 3552 praeterita
