2422 3862
293 226 340 282 itii
355 225 529 283 FORMULA
547 223 738 282 HONESTAE
755 227 874 283 VITAE.
1007 225 1067 286 471

101 384 176 435 stare
202 377 254 432 sibi
277 383 303 432 et
321 376 405 432 finem
424 377 501 447 yitae
520 376 687 449 intrepidum
710 383 885 450 exspectare.
914 375 973 457 [Nil
994 379 1071 434 aliud

102 477 234 532 magnum
256 461 284 515 in
306 467 389 519 rebus
403 458 533 516 humanis
555 461 610 517 nisi
628 461 737 517 animus
759 478 862 536 magna
883 457 1069 540 despiciens]

102 542 131 600 Si
147 545 344 615 magnanimus
360 545 462 614 lucris,
483 560 634 616 numquam
653 543 789 604 iudicabis
811 546 1005 602 contumeliam
1022 547 1099 602 tibia

100 627 172 682 fieri.
195 628 235 682 De
251 628 364 683 inimico
380 627 473 683 dices:
489 644 543 682 non
560 627 655 683 nocuit
666 627 733 684 mihi
749 628 801 684 sed
814 631 935 686 animum
949 629 1069 684 nocendi

100 709 205 767 habuit.
230 718 334 767 etcum
349 711 468 767 illumin
482 716 621 783 potestate
636 716 683 766 tua
696 711 840 781 habueris,
856 713 1009 770 vindictam
1020 729 1070 783 pu·

100 795 171 849 tabis
194 796 320 865 potuisse
341 795 500 852 vindicare:
530 797 599 851 scito
622 796 696 849 enim
717 811 849 867 magnum
876 803 903 851 et
921 796 1069 852 honestum

100 877 240 933 vindictae
256 894 345 951 genus
357 871 452 954 [esse]
469 879 628 950 ignoscere.
654 878 799 935 Neminem
814 896 929 936 susurro
942 884 1069 952 appetas,
1082 882 1099 936 3

99 962 238 1016 neminem
253 959 408 1018 suffodias:
428 963 523 1033 palam
545 960 717 1034 aggredere.
740 979 797 1018 non
812 979 895 1035 geres
910 963 1069 1019 conflictum

99 1045 153 1100 nisi
174 1044 328 1101 indixeris:
350 1061 416 1100 nam
435 1044 550 1100 fraudes
572 1051 598 1099 et
613 1044 669 1100 doli
685 1046 851 1105 imbecillum
867 1047 975 1104 decent.
1007 1047 1098 1103 Eris4

100 1130 310 1200 magnanimus,
326 1130 351 1184 si
365 1128 491 1199 pericula
505 1145 558 1184 nec
573 1134 701 1200 appetas,
715 1134 743 1184 ut
759 1131 932 1198 temerarius,
947 1146 1001 1186 noc
1014 1130 1069 1184 lor·

100 1211 198 1278 mides,
214 1220 243 1268 ut
258 1211 378 1270 timidus.
398 1227 462 1265 nam
476 1212 603 1267 timidum
618 1228 674 1266 non
689 1212 753 1268 iacit
769 1218 890 1268 animum
905 1214 959 1269 nisi
974 1229 1068 1284 repre-

97 1294 244 1351 hensibilis
265 1297 338 1351 vitae
356 1296 538 1351 conscientia.
572 1290 718 1372 [Mensura
742 1311 810 1368 ergo
832 1297 1067 1370 magnanimitatis

98 1385 140 1434 est
155 1395 208 1435 nec
224 1379 349 1435 timidum
365 1395 430 1434 esse
444 1377 586 1435 hominem
600 1395 652 1436 nec
666 1374 826 1458 audacem]

181 1463 229 1518 IV.
249 1464 289 1518 De
306 1463 486 1519 continentia.

161 1544 363 1602 Continentiam
381 1562 449 1602 vero
471 1547 495 1600 si
513 1547 624 1618 diligis,
646 1545 814 1601 circumcide
835 1543 978 1617 superflua
998 1550 1025 1599 ct
1040 1545 1094 1609 inl

98 1634 186 1684 artum
209 1630 353 1686 desideria
371 1636 417 1685 tua
432 1630 603 1702 constringe.
633 1628 790 1686 Considera
806 1634 911 1696 tecum,
935 1633 1066 1700 quantum

96 1720 196 1768 natura
210 1719 323 1784 poscat,
343 1729 399 1768 non
415 1720 546 1785 quantum
563 1713 702 1785 cupiditas
725 1719 844 1784 expetat.
876 1711 906 1769 Si
921 1713 1067 1769 continens
1077 1721 1095 1773 2

97 1796 194 1864 fueris,
210 1812 299 1867 usque
316 1813 350 1851 eo
364 1797 525 1868 pervenies,
541 1801 570 1853 ut
585 1803 611 1851 te
626 1798 688 1868 ipso
705 1801 850 1855 contentus
866 1797 915 1853 sis.
942 1796 1065 1867 namqui

97 1878 150 1934 sibi
164 1880 218 1950 ipsi
234 1881 302 1936 satis
318 1886 368 1945 est,
385 1898 447 1937 cum
463 1880 568 1938 divitiis
582 1888 663 1936 natus
684 1886 734 1935 est.
761 1875 806 1958 [Si
826 1880 862 1936 ad
881 1884 1009 1935 naturam
1025 1880 1065 1934 vi·

98 1977 157 2031 vas,
173 1979 323 2034 numquam
339 1965 394 2020 eris
408 1981 525 2036 pauper.
563 1964 594 2023 Si
611 1965 694 2020 alicui
712 1981 764 2020 sua
784 1980 839 2019 non
856 1962 988 2021 videntur
1009 1979 1066 2016 ani·

94 2046 232 2118 plissima,
248 2047 271 2103 si
287 2048 370 2104 totius
385 2048 481 2104 mundi
494 2048 624 2104 dominus
640 2048 684 2119 sit,
699 2050 784 2106 miser
799 2054 848 2103 est.
882 2047 934 2115 Qui
945 2061 1067 2118 pauper·

98 2130 144 2184 ati
160 2131 321 2201 coneordat,
337 2130 418 2186 dives
433 2138 485 2188 est.
511 2131 586 2189 Nulli
600 2138 693 2204 potest
707 2149 807 2189 secura
821 2132 879 2188 vita
892 2131 1065 2203 contingere,

96 2214 142 2283 qui
153 2213 188 2269 de
200 2231 231 2271 re
242 2217 346 2288 exigua
357 2216 440 2271 nimis
453 2210 580 2293 cogitat]
598 2215 713 2290 Impone
721 2215 964 2288 concupiscentiae
972 2207 1065 2291 [tuae]
1076 2227 1094 2281 3

95 2298 204 2352 lienum
233 2292 274 2373 [et
288 2293 433 2374 modum];
457 2301 550 2354 omnia
571 2316 643 2372 quae
666 2308 730 2356 sunt
749 2300 956 2366 blandimento,
978 2292 1065 2373 [quae

94 2381 205 2434 occulta
219 2380 361 2451 voluptate
382 2381 503 2436 animuin
520 2377 655 2461 trahunt]
672 2384 757 2440 reice.
785 2382 844 2439 Ede
860 2383 930 2438 citra
946 2380 1066 2435 crudita-

95 2469 165 2528 tem,
186 2462 248 2520 bibe
264 2464 332 2518 citra
348 2463 510 2520 ebrietatem
552 2467 688 2535 observa,
708 2482 743 2520 ne
763 2482 792 2520 in
816 2464 948 2520 convivio
970 2462 1016 2519 vel
1037 2463 1065 2515 in

95 2545 215 2615 qualibet
230 2545 303 2600 vitae
319 2548 515 2602 communitate
536 2564 606 2619 quos
627 2563 682 2603 non
697 2552 859 2615 imitaberis,
875 2547 1008 2601 damnare
1023 2545 1064 2601 vi·

94 2627 199 2682 dearis.
233 2628 292 2684 Nee
307 2629 500 2699 praesentibus
523 2630 632 2687 deliciis
648 2629 807 2687 inhaerebis
822 2645 875 2685 neo
890 2626 1095 2691 desiderabis4

93 2713 233 2768 absentes.
256 2712 355 2768 Victus
371 2713 418 2769 tibi
434 2729 470 2768 ex
490 2715 565 2770 iacili
580 2715 630 2783 sit,
654 2729 706 2768 nec
723 2712 760 2768 ad
773 2714 945 2784 voluptatem
961 2709 1012 2766 sed
1028 2710 1064 2767 ad

93 2797 186 2851 cibum
203 2796 318 2854 accede.
349 2797 473 2869 palatum
497 2803 572 2854 tuum
599 2799 687 2853 sames
714 2792 912 2866 excitet,‘non
937 2811 1064 2866 sapores.

93 2879 242 2936 Desideria
259 2886 306 2937 tua
320 2897 410 2951 parvo
426 2880 548 2950 redime,
570 2880 706 2953 quiahoc
724 2885 830 2936 tanturn
851 2895 950 2936 curare
967 2878 1063 2951 debes,

93 2967 123 3017 ut
143 2964 280 3019 desinant.
312 2971 395 3037 atquc
411 2964 449 3021 ita
464 2966 545 3038 qnasi
564 2964 601 3021 ad
621 2965 763 3036 exemplar
785 2963 909 3021 divinum
926 2965 1064 3036 composi-

93 3052 136 3101 tus
149 3063 167 3102 a
178 3064 295 3119 corpore
308 3049 345 3104 ad
357 3049 493 3120 spiritum,
509 3055 643 3120 quantum
654 3053 744 3120 potes,
757 3048 858 3104 iestina
873 3053 899 3103 te
911 3046 1062 3103 adducere.

92 3126 123 3185 Si
139 3132 325 3188 continentiae
342 3131 448 3200 studes,
464 3132 558 3189 habita
569 3149 625 3188 non
637 3149 756 3189 amoene
769 3131 821 3187 scd
838 3133 994 3197 salubriter,
1010 3133 1090 3186 necb

92 3211 236 3270 dominum
254 3216 325 3273 velis
348 3231 412 3271 esse
436 3222 529 3271 notum
548 3232 564 3271 a
580 3216 676 3279 domo.
702 3215 754 3271 sed
775 3214 919 3271 domunia
940 3213 1061 3270 domino.

92 3294 154 3350 Non
170 3298 218 3353 tibi
239 3298 358 3371 affingas
379 3298 454 3371 quod
472 3315 528 3354 non
547 3301 602 3355 eris
624 3293 691 3377 [nee
713 3298 788 3370 quod
809 3291 871 3376 es]‚
900 3313 951 3352 nec
972 3297 1061 3353 maius

92 3392 176 3448 quam
191 3396 238 3447 es,
259 3382 351 3437 videri
366 3383 447 3438 velis.
474 3382 529 3439 hoc
545 3385 637 3456 magis
657 3384 795 3443 observa.
817 3389 848 3436 ut
858 3397 898 3434 ne
909 3383 1075 3462 paupertas

90 3460 141 3518 tibi
156 3461 300 3520 immunda
315 3466 349 3522 sit
361 3482 414 3522 nec
427 3460 530 3546 [vitae]
545 3467 728 3542 parsimonia
740 3463 887 3523 sordida.
899 3473 964 3512 nee
976 3450 1101 3516 simu&-
