2392 3870
169 214 211 276 92
451 212 484 272 L.
506 211 652 273 ANNAEI
676 210 850 273 SENECAE

139 376 237 432 tvota
257 373 361 427 nostra
384 381 452 425 eum
473 367 568 439 votis,
592 365 719 425 consilia
733 379 801 423 cum
818 364 963 424 consiliis.
998 364 1142 426 Adulatio

166 466 258 527 quam
273 449 379 509 similis
392 457 440 510 est
451 449 613 509 amicitiae!
636 464 697 509 uon
709 447 839 508 imitatur
850 455 966 509 tautum
977 447 1067 522 illam,
1086 450 1143 509 sed

164 534 257 595 vincit
278 540 309 593 et
328 532 480 607 praeterit.
513 532 628 608 apertis
649 547 686 592 ac
700 531 841 607 propitiis
856 532 980 592 auribus
995 531 1143 608 recipitur

165 627 194 679 ει
214 618 244 677 in
268 617 447 693 praecordia
468 617 528 676 ima
552 615 724 689 descendit,
753 629 789 674 eo
815 616 884 690 ipso
905 616 1055 690 gratiosa,
1079 632 1141 692 quo

165 701 270 763 laedite
299 700 377 762 doce
402 700 657 776 quemadmodum
677 699 757 758 lianc
777 698 1000 759 similitudinem
1022 700 1142 775 possim

165 786 336 846 dinoscere.
368 785 461 844 Venit
473 783 513 844 ad
528 798 577 843 me
591 799 648 859 pro
663 783 760 843 amico
775 782 906 844 blandus
920 782 1069 845 inimicus.
1079 812 1087 829 ·
1098 783 1142 843 ui·

165 870 206 930 tia
225 868 315 929 uobis
337 867 393 927 sub
412 869 555 929 virtutum
578 868 700 928 nomine
720 866 880 942 obrepunt.
915 868 1068 929 temeritas
1083 868 1141 928 sub

165 954 249 1014 titulo
271 952 453 1012 fortitudinis
474 954 554 1012 latet.
587 950 754 1012 moderatio
774 955 902 1011 vocatur
919 951 1049 1026 ignavia.
1083 966 1141 1028 pro

165 1045 253 1098 cauto
275 1035 398 1096 timidus
420 1036 581 1110 accipitur:
601 1033 633 1095 in
650 1035 698 1094 his
713 1050 823 1109 niagno
839 1035 975 1110 periculo
993 1051 1141 1096 erramus.

136 1121 212 1182 siris
233 1128 331 1180 certas
353 1127 442 1181 notas
464 1117 602 1194 inprime.
639 1119 777 1179 Ceterum
799 1119 850 1194 qui
870 1119 1081 1194 interrogatur,
1103 1135 1141 1179 an

167 1219 281 1266 cornua
303 1203 427 1276 babeat,
456 1218 517 1262 nou
544 1209 591 1264 εει
614 1211 675 1263 tam
701 1205 825 1278 stultus,
854 1209 887 1263 ut
906 1202 1034 1263 frontem
1055 1218 1142 1264 suam

166 1295 306 1363 temptet,
332 1303 390 1348 nec
407 1303 516 1348 rursus
536 1296 597 1348 tam
618 1287 740 1362 ineptus
762 1292 813 1346 aut
833 1286 945 1361 hebes,
969 1292 1002 1348 ut
1016 1286 1142 1363 nesciat,

167 1375 193 1433 si
208 1380 239 1432 tu
253 1368 296 1431 illi
308 1371 505 1432 subtilissima
517 1372 697 1433 collectione
708 1371 911 1447 persuaseris.
942 1370 992 1431 Sic
1003 1372 1062 1432 ista
1074 1370 1142 1432 sine

167 1472 249 1516 noxa
270 1454 439 1531 decipiunt,
468 1456 623 1530 quomodo
645 1454 908 1531 praestigiatorum
934 1455 1093 1517 acetabula
1113 1462 1142 1515 et

168 1537 292 1613 calculi,
318 1540 347 1599 iu
374 1539 485 1616 quibus
506 1554 555 1598 me
575 1540 693 1600 fallacia
714 1538 784 1615 ipsa
804 1539 941 1599 delectat.
975 1540 1078 1614 cilice,
1100 1547 1141 1613 ut,
1181 1548 1183 1553 ·

169 1623 408 1703 quomodoflat,
434 1623 620 1698 intellegam:
647 1622 767 1698 perdidi
788 1639 888 1683 usum.
918 1624 999 1683 idem
1021 1624 1060 1684 de
1075 1625 1141 1683 istis

168 1707 358 1784 captionibus
374 1705 459 1768 dico=
481 1723 541 1782 quo
558 1707 636 1767 enim
651 1705 772 1768 nomine
784 1707 885 1782 potius
901 1723 942 1767 so
950 1707 1073 1783 phism
1083 1714 1143 1768 ata

138 1799 154 1854 9
167 1792 340 1867 adpellemt
366 1807 423 1852 nec
440 1788 590 1867 ignoranti
605 1798 715 1852 nocent
729 1807 786 1851 nec
801 1792 947 1851 scientem
961 1791 1074 1852 iuvant.
1110 1790 1141 1852 Si

167 1876 272 1952 utique
284 1875 330 1936 vis
341 1875 504 1937 verborum
515 1873 727 1950 ambiguitates
740 1875 897 1946 diducere,
914 1874 973 1937 hoc
985 1893 1042 1937 nos
1055 1875 1142 1949 doce,

168 1961 288 2021 beatum
309 1976 370 2020 non
392 1975 461 2020 eum
482 1975 568 2033 essc,
592 1976 683 2036 quem
702 1959 811 2034 volgus
826 1959 974 2034 adpellat,
996 1959 1037 2020 ad
1052 1975 1142 2034 quem

169 2044 300 2118 pecunia
313 2058 423 2118 magna
438 2043 600 2117 confluxit,
622 2043 791 2115 sedilium,
816 2043 864 2103 eui
879 2043 994 2103 bouum
1006 2059 1097 2103 omne
1113 2045 1142 2102 iu

169 2125 269 2186 animo
291 2133 351 2199 est,
375 2134 508 2187 erectum
529 2135 560 2187 ει
580 2129 735 2187 excelsum
757 2135 786 2187 et
803 2126 950 2187 mirabilia
968 2129 1142 2202 calcantem,

171 2208 223 2285 qui
243 2210 393 2270 neminem
411 2210 508 2281 videt,
532 2226 600 2270 cum
622 2227 682 2285 quo
705 2226 740 2271 sc
760 2218 962 2272 conmutatum
982 2213 1068 2286 velit,
1092 2212 1142 2288 qui

168 2293 321 2355 hominem
342 2309 378 2353 ea
399 2295 466 2354 sola
482 2301 568 2369 parte
583 2295 735 2370 aestimat,
760 2312 820 2371 qua
833 2295 924 2355 bomo
940 2304 1000 2370 εει,
1024 2295 1075 2370 qui
1090 2313 1142 2354 ua-

168 2389 236 2441 tura
255 2378 398 2453 magistra
415 2378 514 2451 utitur,
536 2378 576 2438 ad
591 2377 671 2439 illius
687 2380 771 2454 leges
788 2381 977 2455 conponitur‚
999 2382 1045 2440 sic
1061 2378 1142 2454 vivit,

170 2462 325 2541 quomodo
341 2463 391 2523 illa
405 2463 619 2538 praescripsit,
637 2461 685 2523 cui
700 2463 782 2523 bona
796 2479 853 2524 sua
865 2464 947 2524 nulla
961 2463 1008 2524 vis
1021 2462 1144 2538 excutit,

171 2548 222 2625 qui
246 2548 326 2608 mala
349 2546 379 2606 in
404 2546 517 2608 bonum
537 2547 642 2622 vertit,
668 2552 769 2607 certus
790 2546 907 2622 iudicii,
930 2547 1143 2622 inconcussus,

169 2632 349 2708 intrepidus,
368 2647 458 2707 quem
474 2629 576 2706 aliqua
590 2630 637 2691 vis
651 2638 762 2704 movet,
779 2633 860 2692 nulla
873 2632 1037 2706 perturbat,
1055 2648 1143 2709 quem

171 2717 305 2789 fortuna,
338 2731 422 2788 cum,
454 2716 535 2790 quod
567 2714 673 2776 habuit
699 2716 791 2775 telum
820 2715 1084 2790 nocentissimum,
1114 2716 1145 2774 vi

171 2799 301 2859 maxima
316 2799 448 2873 intorsit,
473 2800 589 2876 pungit,
615 2799 838 2874 nonvolnerat,
860 2799 1054 2862 ethoeraro=
1075 2815 1144 2859 nam

172 2890 272 2942 cetera
287 2881 353 2943 eius
367 2885 441 2958 tela,
457 2884 567 2958 quibus
579 2899 676 2958 genus
688 2883 852 2944 humanum
864 2884 1040 2956 debellatur,
1057 2898 1145 2960 gran·

172 2966 251 3026 dinis
273 2981 358 3026 more
372 2966 547 3041 dissultant,
571 2983 651 3044 quac
665 2968 790 3029 incussa
802 2968 890 3029 tectis
905 2968 972 3028 sinc
985 2971 1047 3030 ullo
1062 2967 1146 3027 habi·

133 3049 275 3113 rotatoris
297 3051 489 3113 incommodo
507 3050 635 3127 crepitat
648 3068 685 3112 ao
700 3054 836 3113 solvitur.
873 3051 951 3127 Quid
965 3069 1013 3113 me
1028 3052 1146 3113 detines

171 3135 202 3194 iu
224 3149 276 3208 eo,
299 3149 390 3211 quem
410 3137 529 3212 tuipse
548 3129 757 3216 ψευδόμενον
775 3137 929 3212 adpellas,
952 3138 990 3198 de
1006 3152 1068 3212 quo
1082 3143 1146 3195 tan·

171 3225 233 3279 tum
254 3218 398 3280 librorum
420 3219 612 3295 conpositum
633 3227 701 3281 estt
732 3235 805 3281 ecce
826 3227 888 3282 tota
901 3219 973 3280 milri
987 3221 1048 3281 vita
1065 3236 1146 3279 meu·

172 3303 256 3361 titur:
284 3302 364 3362 banc
378 3318 524 3379 coarguo,
552 3302 633 3364 banc
654 3305 694 3364 ad
714 3320 834 3378 verum,
858 3304 884 3364 si
905 3312 1012 3365 acutus
1030 3320 1078 3376 es,
1100 3319 1147 3363 re·

174 3386 253 3461 dige.
288 3385 470 3447 Necessaria
491 3387 617 3463 iudicat,
639 3403 767 3464 quorum
789 3403 899 3463 magna
914 3403 986 3462 pars
1002 3403 1146 3464 superva-

176 3485 233 3531 cua
248 3477 303 3531 est.
335 3469 423 3530 etiam
441 3487 519 3548 quae
536 3487 597 3534 noo
613 3481 661 3533 est
675 3487 882 3547 supervacua,
902 3471 975 3532 nihil
990 3473 1068 3533 inse
1084 3487 1148 3531 mo·
