2422 3862
254 250 422 311 nrtsrua.
438 249 531 310 uon.
558 250 631 310 nra.
651 250 703 311 vr.
724 249 782 309 aa
797 258 823 312 o.
845 251 918 330 (aa)
1012 249 1073 313 εει

97 401 243 465 orationis
259 402 348 462 etiam
364 403 403 461 ad
418 410 557 463 nostrum
576 402 729 464 fastidium
744 401 867 463 nitidae.
904 400 977 478 quid
993 404 1072 463 enirn

96 488 163 559 liet,
184 486 225 545 mi
245 484 362 547 Lucilia
383 487 538 560 quomodo
561 486 679 571 dicetur
699 477 837 560 oriola,
858 501 909 545 res
926 502 1071 547 necessa-

96 572 153 645 ria,
176 577 285 631 natura
302 569 461 630 continens
483 569 709 631 tundamentum
726 569 882 631 omniomi
913 571 1001 646 Rogo
1018 571 1071 632 ita-

98 670 155 730 que
170 653 327 729 permittas
343 651 416 712 milri
429 653 490 713 hoc
507 653 600 715 verbo
612 653 665 713 uli.
689 652 884 714 nihilominus
900 654 981 714 dabo
998 669 1070 730 ope-

95 754 173 812 ram,
197 746 231 798 ut
251 735 299 797 ius
321 752 339 797 a
362 745 392 797 te
411 738 514 797 datum
537 737 717 812 parcissime
738 753 915 797 exerceam:
938 738 1072 798 sortasse

96 828 256 882 contentus
268 837 321 881 ero
333 820 404 879 mihi
416 821 518 880 licere.
542 820 618 894 Quid
634 821 769 896 proderit
784 820 911 881 facilitas
926 830 987 896 tua,
1003 830 1099 887 euml

95 921 168 966 ecce
190 905 222 965 id
244 905 328 965 nullo
352 906 444 965 modo
466 903 572 964 Latine
594 904 767 980 exprimere
790 905 922 980 possim,
946 914 1072 981 propter

41 1044 57 1067 h
95 989 177 1065 quod
198 990 321 1064 linguae
343 995 467 1049 nostrae
488 989 659 1049 convicium
682 989 762 1049 iecit
796 987 893 1063 magis
911 989 1071 1049 damnabis

94 1073 252 1148 angustias
267 1074 439 1146 Romanas,
455 1072 481 1131 si
494 1072 601 1132 scieris
613 1088 704 1132 unam
719 1072 870 1150 syllabam
886 1088 966 1145 esse,
980 1090 1071 1149 quarn

41 1174 43 1179 ·
94 1164 211 1217 mutare
237 1172 299 1218 non
326 1171 464 1231 possum.
502 1171 582 1231 quae
607 1157 648 1215 sit
671 1157 747 1216 haec
776 1157 921 1231 quaeris?
951 1149 994 1218 τὸ
1016 1149 1071 1218 ὅν.

94 1241 168 1301 Duri
194 1240 249 1301 tibi
270 1240 378 1301 videor
405 1239 533 1314 ingenii:
560 1240 589 1298 in
612 1241 713 1301 medio
735 1241 881 1314 positum,
911 1242 1072 1316 possesio

95 1323 267 1398 transferri,
290 1331 323 1384 ut
343 1324 442 1384 dicam
468 1325 567 1400 quod
591 1331 661 1384 est.
697 1324 752 1384 sed
773 1326 898 1385 multum
920 1325 1072 1385 interesse

95 1409 200 1470 videos
222 1423 319 1482 cogor
340 1408 466 1469 verbum
488 1423 544 1482 pro
562 1408 714 1469 vocabulo
736 1423 862 1483 ponere.
890 1409 946 1467 sed
963 1409 1004 1468 ita
1018 1425 1071 1468 ne·

96 1508 185 1553 cesse
201 1500 250 1553 est
264 1508 376 1567 ponam
392 1491 496 1568 quod
513 1500 581 1552 est.
619 1490 682 1551 Sex
703 1493 802 1554 modis
822 1492 882 1550 hoc
904 1508 924 1549 a
943 1492 1100 1552 Platones

96 1577 154 1653 dici
176 1577 295 1636 amicus
320 1584 440 1650 noster,
462 1576 554 1636 homo
580 1575 821 1648 eruditissimus,
848 1574 996 1635 hodierno
1022 1575 1071 1635 die

95 1659 226 1720 dicebat
249 1674 357 1719 omnes
378 1658 431 1718 libi
452 1675 621 1735 exponam,
645 1660 672 1719 si
692 1667 762 1720 ante
782 1658 960 1720 indicavero
982 1673 1071 1717 esse

95 1743 246 1819 aliquid
268 1759 406 1818 genus,
430 1759 518 1804 esse
541 1750 576 1802 el
598 1745 778 1817 speciem.
811 1748 1071 1816 nunoautemge-

95 1843 164 1889 nus
187 1828 264 1887 illud
284 1828 443 1902 primunr
466 1827 656 1903 quaerimus,
679 1841 718 1886 ex
734 1844 794 1901 quo
811 1833 932 1886 ceterae
947 1826 1071 1901 species

94 1926 269 1987 suspensae
286 1918 370 1982 sunt,
394 1926 413 1969 a
431 1928 492 1986 quo
514 1911 648 1970 nascitur
662 1911 760 1970 omnis
776 1910 904 1983 divisio,
927 1927 988 1986 quo
1005 1907 1071 1968 uni-

93 2011 184 2056 versa
207 1994 423 2071 conprehensa
444 2003 523 2056 sunt.
557 1994 727 2054 invenietur
745 2002 860 2068 autern,
884 1995 910 2053 si
932 1993 1070 2068 coeperi-

93 2093 160 2142 mus
182 2081 303 2154 singula
320 2085 401 2139 retro
423 2079 539 2154 legerer
560 2079 605 2138 sic
625 2079 705 2137 enirn
726 2079 930 2153 perducemur
950 2078 988 2138 ad
1010 2075 1070 2153 pri·

93 2181 183 2226 mum.
220 2162 338 2223 Homo
360 2163 483 2238 species
509 2169 571 2232 est,
594 2171 627 2223 ut
652 2163 835 2224 Aristoteles
859 2161 909 2222 ait.
942 2168 1099 2236 equusll

76 2248 216 2329 xspecies
232 2255 288 2306 est.
324 2248 429 2306 canis
450 2247 573 2323 species
589 2253 644 2306 εει.
678 2261 751 2320 ergo
767 2262 929 2308 commune
944 2246 1071 2321 aliquod

93 2330 305 2408 quaerendum
327 2338 375 2391 est
395 2331 443 2390 his
465 2331 605 2391 omnibus
629 2331 796 2402 vinculum,
821 2332 904 2405 quod
927 2330 978 2389 illa
998 2346 1070 2390 con·

91 2416 243 2491 plectatur
256 2421 287 2474 ει
297 2414 355 2474 sub
372 2430 407 2474 se
422 2414 541 2474 habeat.
564 2414 624 2474 hoe
640 2413 714 2488 quid
725 2421 797 2475 esll
816 2415 969 2474 animal.
996 2428 1070 2487 ergo

92 2502 190 2575 genus
216 2514 288 2559 esse
314 2499 417 2574 coepit
440 2498 549 2559 horum
575 2501 723 2571 omnium,
748 2514 829 2575 quae
853 2498 946 2557 modo
972 2496 1069 2568 retuli,

91 2581 240 2655 hominis,
257 2583 344 2656 equi,
363 2582 463 2654 canis,
481 2583 601 2641 animal.
639 2581 701 2643 Sed
717 2591 789 2643 sunt
805 2582 971 2656 quaedam,
988 2594 1068 2654 quae
1079 2595 1114 2647 10
1145 2642 1147 2646 ,

92 2669 223 2727 animam
243 2665 357 2727 habent
376 2681 434 2726 nec
455 2674 526 2727 sunl
545 2666 695 2725 animalia.
732 2667 832 2742 placet
853 2664 933 2723 enirn
949 2664 1023 2723 satis
1040 2670 1071 2723 et

92 2752 227 2812 arbustis
244 2751 375 2812 animam
392 2751 504 2811 inesse.
536 2751 639 2825 itaque
654 2757 684 2810 ει
700 2749 804 2810 vivere
822 2750 873 2808 illa
888 2757 918 2808 et
932 2747 1008 2809 mori
1026 2748 1069 2807 di·

92 2836 199 2896 cimus.
238 2850 312 2910 ergo
335 2835 547 2895 animantia
570 2832 760 2908 superiorem
786 2833 932 2895 tenebunt
959 2834 1069 2901 locum,

93 2921 164 2994 quia
179 2928 211 2980 et
226 2917 367 2978 animalia
384 2919 414 2978 in
429 2918 487 2978 hac
503 2919 601 2979 forma
617 2925 729 2978 suntet
744 2926 819 2978 sata.
842 2917 904 2978 Sed
919 2918 1071 2990 quaedum

93 3005 193 3064 anima
209 3010 330 3078 carent,
352 3011 385 3064 ut
407 3018 494 3063 saxa.
530 3003 633 3077 itaque
653 3001 710 3061 erit
731 3003 846 3077 aliquid
866 3001 1070 3061 animantibus

93 3087 265 3164 antiquius,
287 3103 353 3146 cor
360 3103 431 3163 pus
454 3087 579 3147 scilicet.
611 3086 671 3145 hoc
692 3085 738 3146 sic
753 3087 900 3157 dividam,
923 3093 956 3146 ut
970 3085 1070 3145 dicam

93 3189 227 3248 corpora
247 3170 349 3231 omnia
363 3181 415 3232 aut
429 3171 560 3231 animata
576 3185 648 3231 esse
663 3177 713 3230 aut
727 3171 868 3230 inanima.
889 3169 1070 3229 Etiamnunc
1081 3173 1113 3225 ll

93 3264 140 3317 est
153 3255 273 3332 aliquid
293 3255 435 3331 superius
458 3272 548 3331 quarn
568 3269 691 3328 corpus.
728 3253 857 3314 dicimus
880 3252 959 3312 eninr
978 3268 1071 3327 quae·

93 3341 163 3402 darn
180 3339 510 3416 corporaliacsse,
528 3338 680 3417 quaedam
695 3337 978 3413 incorporalia.
997 3335 1071 3411 quid

93 3441 166 3500 ergo
196 3425 270 3496 erit,
285 3440 330 3483 ex
358 3441 420 3499 quo
446 3424 523 3483 haec
549 3423 761 3485 deducanturt
779 3423 874 3497 illud,
895 3420 949 3482 otii
963 3433 1087 3480 nomen
1122 3495 1124 3498 y

90 3511 184 3568 modo
192 3523 304 3580 parum
315 3509 476 3582 proprium
492 3509 713 3590 inposuimuS,
730 3510 841 3591 quod
858 3515 935 3571 est.
952 3505 1004 3566 s‘ic
1018 3500 1109 3562 enim
1171 3520 1180 3533 ·
