2422 3862
131 215 195 281 aaa
396 176 453 274 r..
474 213 621 274 anunm
644 213 819 274 sumena

89 371 254 435 nadavere.
297 367 433 442 Aequo
461 366 585 426 animo
608 364 748 440 excipe
768 365 1006 424 necessaria.
1034 364 1112 440 quid

130 450 318 524 incredibile,
335 449 409 523 quid
419 465 530 509 novum
545 449 667 510 evenitt
681 464 773 522 quam
785 449 885 508 multis
898 463 966 508 cum
978 450 1114 509 maxime

131 538 223 596 iunus
240 535 371 594 locatur!
401 549 491 607 quarn
506 533 608 592 multis
625 531 728 592 vitalia
743 537 896 592 emuntur!
917 548 1011 607 quam
1026 533 1112 593 multi

131 625 203 695 post
214 620 326 678 luctum
337 623 421 677 tuum
433 618 550 691 lugenti
567 616 749 691 quotiens
765 615 1007 697 cogitaveris
1023 632 1111 692 pue-

131 719 211 762 rum
227 700 367 771 luisse,
384 699 513 774 cogita
527 706 564 759 et
578 698 781 772 hominem,
796 698 845 759 cui
860 698 933 758 nihil
949 701 1023 760 certi
1039 717 1112 774 pro·

132 785 263 856 mittitur,
278 798 370 858 quem
381 784 501 842 lorluna
512 798 572 842 non
584 784 690 857 utique
706 782 844 856 perducit
855 784 894 843 ad
907 790 1111 844 senectutem

89 869 213 930 abunde
237 867 337 926 visum
366 873 429 938 est,
456 866 583 926 dimittit.
628 867 765 926 Ceterum
791 868 967 942 frequenter
995 867 1038 926 de·
1059 868 1111 929 illo

132 952 260 1025 loquere
285 957 315 1009 et
340 951 557 1009 memoriam
581 951 681 1023 eius,
708 957 884 1024 quantum
906 958 1033 1025 potes,
1055 967 1111 1010 cc-

133 1035 255 1094 lebra=
277 1047 357 1107 quae
371 1032 410 1092 ad
425 1041 455 1093 te
470 1033 595 1108 saepius
610 1041 788 1106 revertetur,
803 1033 830 1092 si
842 1034 898 1094 erit
913 1033 980 1093 sine
995 1033 1111 1093 acerbi·

132 1123 193 1177 tate
213 1121 351 1175 ventura.
379 1132 468 1176 nemo
491 1119 571 1176 enim
585 1117 713 1177 libenter
726 1115 803 1176 tristi
820 1125 1035 1191 conversatur,
1058 1132 1111 1177 ne·

133 1200 204 1259 dum
226 1199 372 1259 tristitiae.
402 1200 429 1259 si
453 1216 532 1274 quos
553 1215 711 1261 sermones
727 1199 808 1275 eius,
831 1202 857 1260 ai
874 1217 954 1275 quos
970 1203 1110 1275 quamvis

133 1282 253 1358 parvoli
275 1282 361 1342 iocos
387 1299 455 1343 cum
481 1284 637 1357 voluptate
658 1282 815 1356 audieras,
843 1285 968 1358 saepius
990 1290 1110 1359 repete:

134 1365 272 1441 potuisse
287 1366 369 1426 illum
382 1365 501 1442 inplere
516 1381 590 1441 spes
602 1372 680 1438 tuas,
696 1383 772 1442 quas
785 1375 912 1442 patema
926 1375 1026 1427 mente
1037 1383 1110 1427 con-

91 1459 126 1513 24
133 1465 277 1526 ceperas,
294 1450 440 1517 audacter
453 1451 591 1510 adlirma.
636 1449 780 1510 Oblivisci
797 1451 918 1524 quidem
935 1467 1057 1511 suorum
1073 1467 1111 1511 ae

133 1535 309 1595 memoriam
333 1550 400 1595 cum
422 1533 603 1609 corporibus
625 1533 734 1594 efferre
761 1542 791 1594 et
815 1533 1001 1596 effusissime
1026 1534 1110 1607 llere,

132 1619 308 1678 meminisse
325 1618 519 1693 parcissime,
540 1616 694 1678 inhumani
712 1618 802 1676 animi
817 1625 878 1678 est=
900 1619 946 1678 sie
960 1632 1049 1689 aves,
1064 1618 1112 1678 sic

134 1702 216 1760 lerne
233 1717 307 1762 suos
325 1701 460 1777 diligunt
478 1717 606 1777 quarum
619 1702 787 1762 concitatus
805 1709 853 1761 est
867 1717 952 1761 amor
965 1707 995 1760 et
1010 1716 1111 1775 paene

132 1784 267 1858 rabidus,
285 1786 341 1845 sed
355 1802 422 1845 cum
438 1786 560 1846 amissis
581 1791 662 1845 tolus
677 1786 869 1860 extinguitur.
899 1785 958 1846 hoc
976 1784 1110 1860 pruden-

133 1874 192 1928 tem
209 1869 304 1929 virum
325 1885 385 1928 non
408 1870 509 1929 decet:
531 1868 706 1928 meminisse
723 1877 912 1944 perseveret,
934 1872 1038 1943 lugere
1057 1869 1110 1928 de-

89 1951 221 2011 lasinat.
265 1952 342 2011 lllud
366 1953 449 2014 nullo
475 1952 566 2013 modo
593 1952 704 2027 probo,
731 1952 814 2028 quod
841 1953 882 2013 ait
901 1953 1111 2013 Metrodorus:

132 2050 204 2094 esse
228 2037 361 2132 aliquam
381 2044 540 2111 cognatam
561 2037 697 2096 tristitiae
718 2038 913 2112 voluptatem.
941 2036 1021 2096 bane
1040 2052 1111 2097 esse

133 2119 344 2190 captandam
336 2136 365 2177 m
387 2119 538 2194 eiusmodi
559 2128 705 2220 tempore.
748 2120 821 2194 ipsa
834 2120 1002 2181 Metrodori
1016 2119 1112 2179 verba

133 2201 313 2297 subscripsi.
337 2190 624 2302 Μητροδώρου
635 2194 912 2264 'Enccnolciv'
895 2227 912 2259 α
928 2198 1025 2282 πρὸς
1038 2195 1112 2282 τὴν

132 2273 324 2363 odelincurt
358 2276 470 2345 Έστιν
489 2279 553 2383 γάρ
574 2309 633 2351 nnc
654 2276 759 2385 ἡδονή
779 2309 821 2355 τις
847 2279 936 2384 λύπῃ
959 2286 1108 2360 [capucia

2 2434 4 2436 ,
90 2364 166 2437 aovin
181 2367 233 2439 χρὴ
248 2362 439 2440 deponendam
453 2361 535 2429 κατὰ
552 2369 672 2430 τοῦτον
694 2361 753 2430 τὸν
775 2365 977 2446 calpiade
999 2372 1111 2445 quibus

131 2465 192 2510 non
208 2451 312 2511 dubito
327 2452 400 2526 qnid
416 2453 459 2512 sis
477 2469 634 2513 sensurus.
663 2454 756 2528 quid
774 2455 852 2514 enim
874 2461 935 2515 est
954 2456 1110 2530 turpius

133 2552 242 2610 quam
265 2537 453 2610 captare
445 2554 482 2595 rn
504 2538 591 2612 ipso
614 2539 720 2598 luctu
742 2539 1027 2611 voluptatem,
1021 2554 1111 2599 immo

133 2635 188 2693 per
201 2621 326 2690 luctum,
352 2627 382 2680 et
395 2621 472 2680 inter
487 2621 628 2680 lacrimas
644 2637 782 2696 quoque,
806 2622 888 2696 quod
905 2621 1000 2694 iuvet,
1018 2637 1111 2696 quae-

132 2710 220 2762 rere‘l
262 2703 300 2762 Hi
315 2711 398 2776 sunt,
415 2706 467 2780 qui
482 2703 570 2764 nobis
586 2703 720 2766 obiciunt
738 2706 859 2765 nimium
874 2703 1006 2779 rigorem
1022 2714 1052 2765 et
1068 2706 1110 2764 in·

133 2784 245 2845 lamant
262 2794 424 2860 praecepta
446 2795 551 2848 nostra
568 2788 691 2861 duritia,
717 2789 801 2863 quod
819 2788 956 2848 dicamus
972 2789 1112 2848 dolorem

132 2874 184 2925 aut
204 2868 420 2928 admittendum
440 2871 470 2929 in
490 2873 622 2931 animum
644 2888 704 2931 non
727 2887 798 2932 esse
813 2879 864 2931 aut
880 2873 939 2933 cito
955 2873 1112 2946 expellen-

132 2949 220 3008 dum:
243 2957 341 3010 utrum
364 2953 484 3012 tandem
500 2962 548 3016 est
562 2961 613 3014 aut
629 2955 837 3015 incredibilius
852 2963 903 3016 aut
917 2955 1111 3015 inhumanius

131 3049 192 3091 non
211 3035 324 3094 sentire
339 3035 453 3096 amisso
470 3039 567 3097 amico
583 3039 719 3099 dolorem
735 3054 772 3097 an
788 3040 974 3113 voluptatem
989 3040 1019 3097 in
1041 3040 1111 3113 ipso

88 3127 122 3183 27
132 3116 239 3176 dolore
254 3118 421 3193 aucupari?
462 3121 525 3182 Nos
540 3124 621 3196 quod
642 3123 853 3197 praecipimus,
870 3122 1031 3183 honestum
1048 3129 1112 3181 est:

132 3217 201 3260 cum
217 3201 329 3277 aliquid
347 3203 537 3264 lacrimarum
552 3206 689 3265 adlectus
703 3205 844 3266 effuderit
855 3215 892 3275 et,
907 3213 939 3266 ut
950 3207 991 3266 ita
1003 3207 1111 3277 dicam,

131 3285 368 3359 despumaverit,
383 3303 445 3347 non
462 3304 533 3348 esse
547 3289 729 3349 tradendum
748 3291 878 3349 animum
892 3291 1006 3349 dolori:
1029 3291 1112 3364 quid,

131 3375 163 3429 tu
179 3368 255 3429 dicis
273 3370 460 3431 miscendam
475 3373 536 3446 ipsi
551 3371 650 3432 dolori
671 3375 877 3448 voluptatem?
904 3375 949 3433 sie
970 3374 1112 3433 consola-

130 3470 198 3513 mur
222 3457 356 3516 cmstulo
378 3471 509 3532 pueros,
537 3454 582 3516 sic
602 3456 759 3518 infantium
783 3457 886 3518 llelum
908 3459 1009 3519 inluso
1035 3460 1112 3517 lacte
