2422 3862
233 255 401 316 EPISTUL.
416 252 510 314 MOR.
531 254 604 314 LIB.
619 254 697 316 XIX.
719 255 776 314 ΕΡ.
790 262 818 317 4.
839 259 928 330 (tta.)
1013 254 1076 319 369

94 410 230 482 corpusl
254 405 334 463 idem
355 403 483 464 uuintus.
507 404 590 479 atqui
610 421 702 465 unum
719 420 835 482 corpus
855 421 928 467 esse
945 407 1075 468 duorum

93 490 267 551 animalium
279 503 340 548 non
356 495 466 562 potest.
489 485 571 561 „Sed
583 487 665 548 idem
677 487 807 564 animus,
822 490 929 565 inquit,
944 490 1118 554 iustitiaelt

93 574 229 634 habitum
244 570 341 631 induit
356 579 387 632 et
400 570 584 632 fortitudinis
600 579 629 632 et
640 572 889 648 totnperutttiae.“
925 575 993 635 Hoc
1007 575 1074 635 fieri

93 664 210 734 posset,
227 655 263 730 εἰ,
280 672 341 730 quo
358 660 495 730 ternpore
511 655 624 716 iustitia
638 665 730 730 esset,
746 657 891 718 tortitudo
906 673 968 718 uon
981 667 1073 734 esset,

95 758 157 818 quo
172 747 310 815 tempore
325 740 469 800 fortitudo
481 746 574 814 esset,
591 740 790 816 temperantia
801 757 863 801 non
879 749 978 803 esset=
992 759 1074 803 nunc

93 842 168 886 vero
191 839 298 886 omnes
319 825 445 884 virtutes
467 823 557 883 simul
577 830 657 884 sunt.
689 825 732 884 ita
753 826 909 900 quomodo
935 826 1075 901 singulae

93 916 182 970 erunt
194 908 343 982 animalia,
360 923 429 968 cum
441 924 521 968 unus
534 909 653 968 animus
665 906 713 981 sit,
730 908 782 983 qui
792 912 864 984 plus
876 925 967 984 quam
980 926 1073 970 unum

93 994 203 1053 animal
224 1009 285 1054 non
307 998 409 1067 potest
425 991 547 1051 iaceret
581 992 722 1068 Denique
743 993 986 1058 nullumanimal
1002 1010 1075 1069 pars
1085 994 1117 1047 15
1150 1029 1153 1034 -

93 1087 141 1138 est
159 1077 283 1137 alterius
307 1073 456 1136 animalis.
487 1074 714 1137 iustitiauntem
729 1091 801 1150 pars
817 1076 985 1138 esturmi:
1012 1094 1074 1138 non

92 1171 140 1223 est
155 1177 228 1236 ergo
243 1161 364 1221 animal.
386 1158 503 1218 Videor
517 1158 589 1218 mihi
603 1159 632 1218 in
647 1175 683 1219 re
697 1159 843 1220 confessa
854 1160 986 1234 perdere
1001 1177 1073 1237 ope-

92 1262 167 1306 ram.
186 1245 285 1320 magis
300 1242 380 1304 enim
395 1243 615 1317 indignandum
626 1244 665 1304 de
676 1243 736 1303 isto
749 1259 840 1318 quum
853 1244 1075 1320 disputandum

93 1338 157 1391 est=
182 1331 295 1390 nullum
317 1327 428 1387 animal
449 1326 534 1387 alteri
550 1342 607 1402 par
628 1335 684 1387 est.
718 1326 920 1405 circumspice
940 1328 1074 1392 omnium

93 1429 241 1489 corpora:
261 1413 334 1474 nulli
355 1426 416 1470 non
431 1417 462 1472 ει
477 1411 563 1471 color
583 1410 726 1487 proprius
744 1414 794 1471 est
815 1420 846 1471 et
860 1412 959 1488 ligura
974 1427 1031 1472 sua
1045 1420 1075 1472 ct

92 1497 280 1572 magnitudo.
307 1496 386 1556 inter
402 1501 512 1569 cetera,
527 1501 656 1571 propter
670 1510 750 1569 quae
764 1495 903 1555 mirabile
918 1496 1011 1555 divini
1026 1511 1073 1554 ar·
1084 1500 1119 1556 16

92 1581 182 1643 tificis
203 1581 357 1655 ingenium
373 1585 433 1652 est,
455 1578 514 1639 hoc
528 1593 654 1654 quoque
668 1578 824 1652 existimo,
849 1578 933 1654 quod
948 1579 977 1637 in
992 1586 1075 1640 tanta

93 1667 185 1739 copia
197 1681 298 1724 rerum
313 1678 479 1738 numquam
493 1663 523 1722 in
536 1663 616 1723 idem
632 1662 752 1722 incidit=
770 1662 859 1722 etiam
875 1677 956 1738 quae
966 1663 1076 1723 similia

92 1749 249 1823 videntur,
269 1764 336 1810 cum
357 1747 538 1821 contuleris,
559 1747 682 1807 diversa
697 1751 777 1806 sunt.
801 1752 847 1806 tot
866 1746 938 1806 iecit
961 1762 1075 1821 genera

93 1834 250 1893 loliorumr
274 1832 389 1893 nullum
409 1845 470 1892 nun
492 1847 549 1892 sua
564 1830 749 1906 proprietate
764 1828 927 1904 signatum.
953 1836 997 1891 tot
1011 1830 1073 1890 ani-

93 1916 198 1977 malia:
218 1917 332 1995 nullius
345 1918 446 1989 imago
457 1923 518 1976 totu
532 1931 602 1976 cum
615 1915 712 1975 altero
728 1913 884 1986 convenit,
899 1913 1005 1987 utique
1020 1913 1075 1972 ali-

95 1999 169 2075 quid
185 2000 319 2060 interest.
340 1999 442 2074 exegit
461 2016 479 2059 a
496 2014 540 2072 se,
556 2006 599 2072 ut,
616 2013 696 2073 quae
710 1995 770 2057 alia
785 2005 879 2069 crant,
896 2003 926 2056 et
941 1997 1072 2058 dissimi-

93 2083 134 2144 lia
145 2090 250 2144 essent
261 2091 292 2144 et
300 2082 434 2159 inpurior
450 2082 577 2144 virtutes
589 2098 705 2157 omnes,
721 2089 754 2142 ut
765 2081 981 2155 dicitis„pares
993 2086 1073 2142 sunt.

93 2183 167 2242 ergo
188 2185 249 2229 non
272 2177 343 2228 sunt
364 2166 516 2227 animalia.
550 2168 670 2228 Nullum
686 2181 747 2227 non
765 2166 876 2226 animal
897 2180 954 2241 per
969 2179 1004 2226 se
1021 2164 1117 2226 ali-li

94 2252 169 2327 quid
184 2253 259 2327 agit:
274 2252 371 2312 virtus
386 2259 488 2311 autem
502 2267 558 2326 per
573 2267 608 2312 se
619 2250 692 2311 nihil
704 2251 775 2324 agit
791 2249 848 2310 sed
862 2265 930 2310 cum
942 2248 1075 2310 homine.

94 2334 201 2395 Omma
217 2335 358 2395 animalia
373 2340 425 2393 aut
440 2334 599 2396 rationalia
613 2343 693 2409 sunt,
710 2342 745 2395 ut
756 2332 908 2409 homines,
921 2341 955 2393 ut
969 2332 1008 2406 di,
1025 2338 1076 2394 aut

94 2417 294 2489 irrationalia,
310 2424 344 2477 ut
358 2418 451 2490 ienae,
464 2425 498 2478 ut
510 2433 640 2493 pecora:
657 2419 781 2481 virtutes
792 2419 900 2492 utique
909 2415 1074 2476 rationales

95 2507 177 2560 sunt.
199 2500 282 2575 atqui
304 2514 362 2558 nec
379 2499 519 2560 homines
534 2508 605 2561 sunt
618 2517 676 2562 noc
690 2501 736 2560 di:
760 2517 834 2575 ergo
851 2515 912 2559 non
927 2505 999 2559 sunt
1011 2499 1074 2558 ani·

93 2585 193 2644 maiia.
232 2581 328 2643 Omne
352 2583 498 2642 rationale
523 2583 634 2644 animal
659 2583 732 2642 nihil
756 2585 832 2657 agit,
859 2581 919 2642 nisi
944 2582 1073 2656 primum
1084 2580 1118 2636 18

95 2669 200 2744 specie
223 2666 351 2727 alicuius
371 2664 417 2725 rei
435 2665 587 2726 inritatum
607 2675 668 2739 est,
691 2666 802 2727 deinde
825 2667 970 2740 impetum
985 2667 1074 2742 cepit,

95 2753 206 2813 deinde
227 2750 373 2812 adsensio
396 2749 587 2811 confirmavit
606 2750 689 2812 hunc
703 2750 849 2825 inpetum.
878 2749 952 2824 quid
967 2750 1006 2811 sit
1023 2751 1075 2811 ad-

94 2838 208 2911 sensio,
221 2836 335 2897 dicam:
352 2842 472 2910 oportet
482 2850 531 2894 me
543 2835 713 2895 ambulare:
728 2842 800 2895 tunc
809 2835 931 2895 demum
944 2835 1073 2908 ambulo,

95 2936 164 2980 cum
187 2921 247 2982 hoc
266 2919 339 2980 milri
359 2919 421 2979 dixi
441 2926 471 2979 et
490 2919 659 2996 adprobavi
674 2918 754 2980 hanc
769 2918 945 2995 opinionem
965 2936 1073 2981 meam.

95 3012 216 3080 oportet
236 3020 284 3065 me
306 3005 431 3064 sedere:
456 3012 527 3064 tunc
549 3005 670 3064 demum
686 3004 783 3066 sedeo
805 3011 883 3078 [cum
898 3007 929 3064 iu
944 3005 1000 3067 loc
1013 3005 1074 3065 ad-

93 3092 192 3161 sensrl.
227 3088 305 3149 haec
320 3087 468 3148 adsensio
482 3089 512 3147 in
528 3089 638 3149 virtute
653 3104 715 3150 non
730 3097 795 3150 estz
819 3096 894 3165 puta
908 3089 987 3149 enim
1002 3097 1118 3166 pru-19

94 3173 228 3233 dentiam
250 3188 339 3247 esse,
362 3173 518 3247 quomodo
532 3173 741 3234 adsentieturt
769 3180 890 3250 oportet
904 3189 953 3233 me
967 3174 1071 3234 ambu-

95 3257 179 3315 laret
192 3256 252 3316 hoc
264 3265 371 3317 natura
385 3271 445 3316 uon
460 3256 577 3332 recipit
592 3256 755 3333 prudentia
767 3257 847 3317 enim
860 3257 897 3329 ci,
914 3258 1002 3319 cuius
1016 3265 1073 3331 εει,

95 3340 258 3415 prospicit,
279 3357 339 3404 nou
356 3341 424 3401 sibi.
439 3355 508 3400 nam
524 3357 582 3402 nec
595 3341 751 3403 ambulare
764 3349 867 3417 potest
880 3356 939 3402 nec
953 3341 1073 3402 sedere.

95 3438 169 3497 ergo
182 3423 397 3486 adsensionem
413 3441 475 3486 non
492 3424 598 3488 habete
613 3424 696 3503 quod
711 3426 930 3488 adsensionem
945 3440 1006 3485 non
1018 3424 1072 3484 hu·

95 3505 159 3578 bet,
174 3505 322 3568 rationale
336 3507 446 3570 unimal
461 3527 523 3572 non
537 3519 598 3571 est
627 3512 724 3573 virtus
737 3510 765 3570 si
779 3508 891 3571 animal
906 3515 968 3583 est,
981 3507 1072 3569 ratio·

136 3609 238 3649 sennen
256 3610 325 3650 rme.
345 3597 389 3657 lli.
876 3598 922 3652 Ἃ
