2422 3862
133 251 196 317 432
442 257 473 312 L.
489 255 627 315 duntur
644 253 807 312 SENECAE

134 410 262 467 deretur:
287 409 455 478 „iecissem
478 411 566 480 inquit
585 410 645 475 illa,
666 410 720 463 nisi
740 413 884 480 putassem
901 408 1033 463 omnibus
1048 407 1117 462 viris

90 500 122 557 71
135 495 176 550 sic
190 511 223 549 os
238 494 346 548 olere.“
373 493 528 549 Laudanda
548 495 577 549 in
596 499 714 564 utroque
728 492 832 564 pudica
847 497 874 547 et
888 492 989 547 nobilis
1005 492 1116 555 femina,

135 583 162 634 et
177 578 201 633 si
215 577 356 649 ignoravit
368 577 466 633 vitium
479 579 533 634 viri
549 583 576 633 et
592 576 616 632 si
632 577 770 648 patienter
783 577 855 644 tulit,
871 581 898 630 et
910 575 988 647 quod
1001 575 1118 629 maritus

134 662 322 717 infelicitatem
342 661 480 732 corporis·
492 662 536 716 sui
559 677 617 716 non
636 662 732 716 uxoris
752 659 863 715 fastidio
883 658 936 714 sed
966 659 1117 714 maledicto

135 746 223 800 sensit
237 744 350 799 inimici.
386 743 468 800 Certe
483 761 556 816 quae
573 744 727 800 secundum
744 743 819 799 ducit
832 745 974 812 maritum,
989 742 1046 798 hoc
1060 759 1117 796 non

135 834 228 901 potest
244 828 349 882 dicere.

90 919 124 975 72
199 911 318 975 Marcia,
334 908 446 967 Catonis
460 909 518 965 tilia
531 913 637 980 minor,
652 927 737 982 quum
755 915 938 981 quaereretur
950 911 986 966 ab
1002 925 1052 978 ea,
1068 924 1117 962 cur

133 1000 199 1068 post
213 995 348 1048 amissum
362 995 491 1049 maritum
510 994 603 1051 denuo
623 1011 681 1050 non
694 996 826 1063 nuberet,
850 994 997 1065 respondit
1011 1009 1069 1047 non
1085 1010 1116 1047 se

134 1078 261 1155 invenire
271 1079 377 1144 virum,
395 1079 442 1149 qui
455 1095 487 1134 se
498 1081 589 1152 magis
599 1080 684 1136 vellet
696 1093 778 1149 quam
790 1093 851 1132 sua.
867 1093 923 1148 quo
935 1077 1010 1133 dicto
1022 1081 1115 1131 osten-

135 1162 174 1217 dit
189 1161 300 1217 divitias
316 1163 406 1234 magis
426 1163 454 1216 in
475 1164 608 1218 uxoribus
624 1163 688 1234 eligi
703 1162 795 1216 solere
812 1176 895 1230 quam
910 1159 1076 1233 pudicitiam
1090 1164 1117 1214 et

133 1247 234 1301 multos
251 1261 307 1300 non
322 1247 411 1301 oculis
424 1245 477 1301 sed
492 1245 586 1318 digitis
600 1262 703 1300 uxores
718 1245 838 1300 ducere:
853 1245 958 1315 optima
973 1260 1044 1299 sane
1060 1259 1115 1310 res,

87 1336 123 1392 73
134 1346 217 1400 quam
238 1330 355 1385 avaritia
377 1330 515 1385 conciliat.
556 1329 662 1385 Eadem
685 1344 770 1399 quum
783 1329 893 1400 lugeret
906 1329 999 1384 virum
1015 1334 1043 1383 et
1057 1343 1115 1381 ma·

134 1421 232 1469 tronae
254 1416 288 1469 ab
304 1430 338 1470 ea
354 1418 536 1484 quaererent,
559 1430 642 1484 quem
658 1413 732 1467 diem
746 1410 861 1467 haberet
875 1411 966 1466 luctus
982 1412 1114 1474 ultimum,

135 1499 187 1552 ait:
205 1514 313 1569 „quem
330 1502 357 1553 et
368 1497 473 1553 vitae.“
496 1498 638 1566 Arbitror,
654 1512 727 1566 quae
739 1496 776 1550 ita
791 1496 882 1551 virum
897 1497 1052 1566 quaerebat
1068 1494 1115 1547 ab·

135 1585 258 1650 sentem,
274 1580 310 1636 de
322 1580 447 1636 secundo
464 1581 638 1636 matrimonio
654 1595 710 1634 non
727 1580 874 1650 cogitabat.

88 1674 123 1731 74
197 1664 299 1719 Brutus
310 1665 437 1720 Porciam
448 1665 589 1737 virginem
601 1664 680 1719 duxit
690 1679 817 1731 uxorem,
830 1662 963 1717 Marciam
977 1659 1045 1715 Cato
1059 1677 1117 1715 non

133 1748 282 1819 virginem.
304 1747 355 1802 sed
374 1747 479 1803 Marcia
496 1749 567 1803 inter
585 1747 763 1802 Hortensium
780 1744 968 1816 Catonemque
984 1743 1118 1798 discurrit

135 1838 162 1887 et
181 1832 242 1886 sine
263 1829 368 1886 Catone
383 1832 483 1887 vivere
497 1831 603 1886 Marcia
623 1831 725 1902 potuit,
748 1830 847 1885 Porcia
868 1831 928 1885 sine
950 1827 1036 1882 Bruto
1059 1844 1117 1882 non

134 1915 231 1985 potuit.
247 1915 338 1986 magis
355 1915 428 1970 enim
444 1933 475 1970 se
491 1915 580 1970 unicis
594 1915 663 1971 viris
681 1914 821 1986 applicant
838 1914 974 1983 laminae,
996 1918 1025 1967 et
1048 1911 1117 1966 nihil

90 2007 124 2062 75
135 1999 210 2054 allud
225 2014 310 2053 nosse
325 2014 458 2069 magnum
473 1999 598 2054 arctioris
612 1998 803 2069 indulgentiae
817 1998 959 2053 vinculum
975 2001 1028 2050 est.
1056 1996 1118 2050 An·

136 2081 209 2136 niam
232 2097 294 2135 eum
313 2082 487 2153 propinquus
503 2088 645 2150 moneret,
665 2086 694 2136 ut
715 2082 793 2136 alteri
812 2082 875 2138 viro
895 2082 1029 2135 nuberet:
1052 2096 1116 2134 esse

136 2165 209 2218 enirn
224 2165 249 2219 ei
272 2170 299 2218 et
320 2170 438 2220 aetatem
453 2167 590 2238 integram
605 2171 632 2219 et
646 2166 746 2221 taciem
766 2167 883 2220 bonam:
906 2179 1117 2233 „nequaquam

135 2247 236 2317 inquit,
259 2246 313 2302 hoc
333 2248 443 2302 faciam.
465 2250 489 2304 si
511 2251 584 2305 enim
603 2250 695 2306 virum
709 2251 813 2303 bonum
832 2249 985 2315 invenero,
1002 2248 1068 2302 nolo
1085 2248 1117 2300 ti-

135 2345 226 2398 mere,
248 2331 426 2401 neperdamr
452 2333 476 2388 si
497 2335 615 2402 malum,
638 2332 705 2402 quid
727 2348 846 2387 necesse
869 2337 911 2386 est
931 2336 997 2402 post
1011 2332 1118 2386 bonum

88 2422 122 2481 76
133 2413 287 2485 pessimum
307 2416 494 2471 sustineret“
514 2417 613 2472 Porcia
640 2416 731 2470 minor
751 2431 835 2486 quum
855 2414 1019 2470 laudaretur
1041 2413 1118 2486 apud

135 2512 197 2551 eam
215 2496 354 2566 quaedam
369 2502 441 2555 bene
456 2507 577 2570 morata,
589 2516 661 2571 quae
676 2498 830 2555 seeundum
845 2497 967 2554 habebat
979 2499 1117 2565 maritum,

133 2580 293 2651 respondit:
320 2584 410 2651 „lelix
432 2589 459 2638 et
480 2584 584 2656 pudica
606 2589 732 2638 matrona
752 2598 903 2653 numquam
918 2588 1118 2653 praeterquam

136 2665 224 2717 semel
239 2666 342 2723 nubit.“
363 2667 495 2722 Marcella
509 2668 598 2722 maior
612 2672 710 2738 rogata
724 2673 839 2721 amatre
854 2683 920 2735 sua,
941 2664 1117 2737 gauderetne

88 2752 122 2806 77
135 2759 166 2796 se
179 2747 319 2818 nupsisse,
332 2751 492 2822 respondit:
507 2752 563 2821 „ita
573 2750 667 2815 valde,
681 2756 710 2804 ul
725 2751 844 2821 amplius
854 2749 971 2804 nolim.“
992 2749 1118 2817 Valeria,

135 2823 330 2885 Messallamm
350 2850 445 2903 soror,
466 2836 568 2889 amisso
591 2832 692 2890 Servio
709 2834 771 2889 viro
787 2834 854 2889 nulli
868 2834 983 2888 volebat
999 2835 1117 2888 nubere.

136 2919 209 2997 quae
224 2909 393 2985 interrogata
405 2934 454 2972 eur
465 2921 585 2986 laceret,
601 2918 638 2972 ait
654 2917 705 2972 sibi
721 2933 833 2990 semper
843 2918 972 2972 maritum
985 2914 1116 2972 Servium

135 3002 245 3044 vivere.

88 3069 125 3124 73
200 3069 271 3128 Ibfd·
286 3095 318 3150 p·
336 3086 397 3140 192.
419 3085 576 3140 Doctissimi
591 3086 645 3143 viri
657 3100 714 3141 vox
731 3089 788 3153 est,
810 3082 972 3155 pudicitiam
990 3082 1118 3153 inprimis
1149 3089 1151 3094 '

137 3165 202 3241 esse
218 3158 404 3232 retinendam,
422 3183 477 3238 qua
491 3170 595 3225 amissa
611 3168 700 3224 omnis
715 3168 803 3224 virtus
822 3167 890 3221 ruit:
904 3167 933 3220 in
946 3165 1001 3221 hac
1018 3166 1119 3220 mulie·

136 3229 228 3327 bitum
247 3243 376 3302 virtutum
395 3251 566 3324 principatus
580 3257 637 3310 ,est
656 3251 728 3307 haec
748 3266 903 3323 pauperem
928 3248 1119 3317 commendat,

137 3309 253 3375 divitem
276 3331 397 3401 extollit,
415 3334 569 3391 deformem
581 3335 706 3402 redimit,
728 3339 845 3390 exornat
863 3332 1021 3406 pulchram.
1044 3336 1118 3389 bene

135 3406 260 3488 tueretur
276 3408 312 3464 de
323 3416 489 3488 maioribus,
514 3435 632 3489 quorum
647 3419 812 3490 sanguinem
828 3418 929 3473 lurtiva
944 3418 1045 3473 sobole
1062 3431 1118 3472 non

128 3478 224 3557 mair
248 3491 374 3560 bellede
392 3503 505 3579 liberis,
526 3504 629 3579 quibus
651 3521 708 3560 nec
728 3502 875 3558 demetra
893 3501 1118 3556 erubescendum
