2422 3862
230 239 400 301 Eplsrlll.
416 238 509 301 molt.
533 239 605 300 LlB.
618 240 683 300 XV.
706 239 763 298 ΕΡ.
775 249 801 301 2·
823 243 893 313 (sl.)
992 236 1055 303 287

73 401 133 468 aut,
148 393 334 454 etiamsinon
343 398 391 452 est
405 393 490 453 salsis
499 401 676 468 occupatus,
686 394 725 452 ad
734 395 811 454 falsa
819 395 963 470 proclivis
972 403 1019 456 est
1027 403 1057 456 et

73 481 133 539 cito
148 478 254 553 speeie
270 494 331 551 quo
346 493 407 537 non
423 483 545 552 oportet
558 477 697 537 trahente
711 480 929 553 conrumpitur.
954 480 1057 555 itaque

73 564 223 623 debemus
245 568 296 620 aut
316 577 479 636 pererrare
493 569 623 622 mentem
640 577 762 636 aegram
777 568 808 622 et
821 560 899 622 vitiis
914 562 1053 636 liberare,

71 654 124 707 aut
140 652 296 705 vacantem
314 645 451 720 quidem,
483 645 539 705 sed
561 645 600 704 ad
622 644 729 720 peiora
743 661 872 727 pronam
887 662 1054 722 praeoccu-

73 746 161 807 pare=
190 736 352 804 utrumque
369 729 492 790 decreta
507 727 723 804 philosophiae
745 730 873 790 iaciunt:
900 746 974 804 ergo
994 731 1056 791 tale

73 813 286 890 praecipiendi
300 829 397 887 genus
414 813 455 873 nil
477 814 546 887 agit.
576 813 737 873 Praeterea
760 814 786 874 si
808 822 974 889 praecepta
996 812 1098 874 sin-14

72 897 152 974 gulis
168 897 285 968 damus
301 895 601 972 inconprehensibile
619 914 699 972 opus
716 905 772 958 est.
810 897 868 957 alia
888 896 968 957 enim
983 898 1056 957 dare

73 981 222 1041 debemus
234 982 391 1055 feneranti,
406 981 466 1040 alia
478 981 589 1042 colenti
604 997 719 1057 agrum,
735 982 794 1041 alia
807 981 982 1057 negotianti,
998 980 1057 1040 alia

72 1081 176 1140 regum
192 1064 338 1124 amicitias
355 1065 508 1140 sequenti,
526 1064 585 1125 alie
604 1082 707 1140 pares,
726 1066 784 1126 alia
798 1067 959 1127 interiores
975 1082 1057 1125 ama-

74 1159 150 1210 turo.
174 1150 206 1208 ln
220 1149 409 1228 matrimonio
422 1147 604 1224 praecipias
617 1149 773 1225 quomodo
785 1151 868 1209 vivat
880 1166 949 1209 cum
961 1157 1098 1210 uxorelb

72 1234 192 1308 aliquia,
210 1248 300 1307 quam
315 1233 462 1306 virginem
480 1233 573 1306 duxit,
591 1234 746 1309 quomodo
763 1249 892 1305 cumea,
910 1250 988 1308 quae
1003 1233 1057 1292 ali-

74 1317 160 1376 cuius
176 1324 246 1376 ante
260 1316 481 1377 matrimonium
496 1324 623 1392 experta
637 1325 699 1392 est,
716 1318 973 1393 quemadmodum
988 1332 1057 1377 cum

72 1402 240 1475 locuplete,
264 1401 521 1475 quemadmodum
543 1417 610 1461 cum
632 1401 777 1462 indotata.
823 1416 943 1462 annon
966 1407 1056 1477 putas

74 1484 188 1559 aliquid
204 1499 275 1544 esse
291 1483 475 1545 discriminis
490 1484 568 1545 inter
582 1487 714 1545 sterilem
737 1494 766 1546 et
781 1485 957 1556 secundam,
979 1485 1058 1542 inter

75 1570 297 1643 provectiorem
313 1573 343 1626 et
358 1571 499 1644 puellam,
514 1569 592 1629 inter
604 1577 729 1628 matrem
744 1577 774 1628 et
789 1574 974 1628 novercam?
989 1565 1056 1626 Om-

72 1668 128 1713 nes
146 1653 268 1728 species
285 1654 436 1727 conplecti
451 1670 512 1712 non
528 1669 709 1728 possumus:
726 1652 810 1726 atqui
825 1651 963 1725 singulae
986 1666 1056 1725 pro-

74 1739 140 1812 pria
156 1737 298 1811 exigunt,
329 1737 413 1811 leges
441 1743 542 1796 autem
568 1736 783 1812 philosophiae
803 1734 914 1795 breves
936 1741 1058 1795 suntet

74 1821 176 1880 omnia
190 1822 332 1895 adligant.
361 1821 460 1880 Adice
475 1837 568 1893 nune,
597 1822 680 1895 quod
702 1820 870 1895 sapientiae
892 1824 1098 1893 praeceptalti

73 1905 159 1965 linita
175 1904 285 1965 debent
300 1921 372 1965 esse
388 1912 417 1965 et
433 1913 531 1965 certa:
549 1905 576 1964 si
594 1921 655 1979 qua
669 1903 749 1964 finiri
764 1920 823 1964 non
841 1910 988 1978 possunt,
1004 1918 1057 1962 ex-

72 1998 120 2047 tra
137 1988 315 2062 sapientiam
330 1996 410 2050 sunt.
427 1989 576 2064 sapientia
589 2004 690 2049 rarum
706 1988 851 2049 terminos
867 1988 960 2048 novit.
975 1987 1056 2060 Ergo

73 2075 132 2132 ista
147 2074 343 2148 praeceptiva
361 2089 433 2148 pars
454 2073 667 2135 submovenda
681 2081 742 2146 est,
759 2072 831 2147 quie
848 2071 932 2147 quod
949 2070 1056 2146 paucis

74 2156 227 2232 promittit,
246 2164 403 2233 praestare
421 2157 563 2219 omnibus
578 2174 639 2218 non
657 2154 1055 2232 potest,sapientiaaute1n

74 2256 182 2301 omncs
199 2247 289 2302 tenet.
322 2242 402 2301 lnter
418 2242 566 2304 insaniam
584 2242 737 2317 publicam
753 2248 782 2301 et
796 2241 884 2315 hane,
901 2255 980 2316 quae
994 2254 1055 2297 me·
1065 2249 1098 2305 17

74 2324 151 2384 dicis
173 2325 310 2396 traditur,
328 2325 400 2385 nihil
416 2329 555 2401 interest,
580 2327 638 2386 nisi
656 2326 740 2402 quod
755 2326 832 2385 haec
848 2325 956 2386 morbo
972 2323 1057 2383 labo-

72 2416 128 2481 rat,
144 2409 194 2466 illa
210 2407 407 2482 opinionibus
423 2410 528 2470 falsis:
545 2411 640 2471 altera
655 2425 766 2470 causas
784 2410 896 2469 furoris
912 2406 1004 2467 traxit
1018 2421 1057 2465 ex

72 2490 248 2563 valitudine,
264 2491 359 2550 altera
376 2492 467 2550 animi
481 2494 561 2552 mala
574 2494 709 2553 valitudo
724 2499 781 2552 est.
811 2492 837 2551 si
854 2491 923 2566 quis
939 2487 1056 2550 furioso

73 2579 239 2649 praecepta
258 2572 323 2646 det,
342 2576 496 2646 quomodo
520 2575 606 2650 loqui
625 2576 752 2646 debeat,
776 2575 932 2648 quomodo
949 2588 1058 2647 prooe-

73 2659 157 2730 dere,
177 2657 333 2731 quomodo
348 2657 378 2716 in
394 2657 516 2731 publico
532 2672 567 2718 se
581 2673 698 2732 gerere,
715 2658 871 2731 quomodo
883 2658 911 2715 in
928 2657 1056 2731 privato,

73 2743 130 2800 erit
150 2741 230 2815 ipso,
250 2757 340 2816 quem
355 2743 498 2815 monebit,
516 2742 667 2806 insaniora
680 2739 750 2800 bilis
766 2741 852 2816 nigra
863 2739 999 2801 curanda
1010 2746 1058 2799 est

74 2834 104 2884 et
118 2827 187 2899 ipsa
203 2826 314 2886 luroris
331 2842 426 2887 causa
442 2826 639 2887 removenda.
673 2825 753 2886 idem
768 2825 798 2885 in
814 2826 874 2886 hoc
890 2825 949 2886 alio
965 2823 1057 2883 animi

75 2911 177 2968 lurore
194 2911 366 2972 laciendum
381 2918 437 2972 est.
452 2912 521 2988 ipse
536 2909 648 2971 discuti
662 2911 767 2970 debet=
785 2910 919 2984 alioquin
932 2909 1058 2969 abibunt

74 2993 103 3050 in
121 3009 231 3053 vanum
255 2996 441 3056 monentium
464 2997 566 3056 verba.
608 2996 710 3055 Haeo
731 2995 775 3054 ab
797 2995 986 3055 Aristone
1007 2992 1101 3062 di-1s

75 3086 226 3152 cuntur,
244 3081 305 3139 oui
322 3081 649 3155 respondebimus
666 3080 711 3139 ad
732 3079 895 3154 singula.
925 3077 1058 3137 Primum

74 3162 225 3222 adversus
241 3164 330 3237 illud,
357 3164 440 3238 quod
456 3165 511 3236 ait,
536 3163 563 3225 si
579 3164 653 3239 quid
668 3164 770 3225 obstat
791 3163 880 3223 oculo
896 3169 926 3222 et
941 3160 1060 3236 inpedit
1106 3180 1110 3185 ’

74 3247 182 3318 visum,
200 3247 312 3307 debere
327 3249 495 3308 removeri:
512 3249 611 3308 fateor
625 3247 696 3307 huie
712 3263 772 3307 non
786 3263 867 3321 opus
879 3261 951 3305 esse
970 3260 1059 3320 prae-

74 3330 172 3404 ceptis
187 3330 226 3388 ad
249 3330 429 3405 videndum,
446 3332 501 3391 sed
517 3332 670 3406 remedio,
688 3347 749 3405 quo
770 3337 916 3405 purgetur
931 3329 1014 3389 ecies
1029 3343 1059 3393 et

75 3414 259 3474 officientem
287 3416 345 3475 sibi
365 3431 481 3476 moram
501 3415 638 3490 effugiat
681 3421 789 3474 natura
807 3413 886 3472 enim
907 3413 1057 3481 videmus,

74 3501 123 3560 eui
144 3514 233 3559 usum
256 3498 304 3558 sui
327 3499 427 3559 reddit
448 3499 499 3574 qui
520 3499 649 3560 removit
669 3497 837 3562 obstantia:
867 3495 941 3570 quid
955 3501 1054 3554 autem
