2422 3862
130 211 193 277 286
422 208 457 267 L.
478 206 626 267 ANNAEI
648 207 823 267 SENECAE

130 378 209 438 gnus
225 375 297 421 esse
313 375 370 420 nec
386 361 439 436 qui
460 370 509 421 est
527 375 673 434 magnus,
696 358 830 419 extendi.
874 358 975 420 omnia
997 360 1112 422 sortiter

103 444 324 522 concipienda,
341 460 420 520 quae
435 445 524 505 nobis
538 442 643 504 mundi
654 444 823 503 necessitas
838 444 976 518 imperat.
991 445 1047 506 His
1059 446 1112 505 de-

130 529 296 590 oretiscum
307 528 392 589 ilium
403 528 641 603 inconspectum
654 542 729 587 suae
742 528 931 589 condicionis
945 529 1112 590 adduxeris

130 621 160 674 et
176 613 354 688 cognoverit
367 612 486 674 beatam
503 628 574 673 esse
587 613 678 672 vitam
692 628 754 673 non
776 627 856 687 quae
871 612 1042 673 secundum
1057 631 1111 674 vo-

130 699 273 774 luptatem
289 705 351 770 est,
368 698 424 757 sed
439 698 609 758 secundum
626 703 779 770 naturam,
803 712 871 756 cum
891 697 1030 757 virtutem
1046 691 1111 757 uni-

131 798 199 842 cum
214 783 328 842 bonum
343 781 475 843 hominis
490 781 685 852 adamaverit,
701 779 918 855 turpitudinem
934 783 1035 841 sotum
1049 798 1112 841 ma-

130 869 191 927 lum
207 866 325 940 fugerit,
341 864 460 940 reliqua
481 866 597 938 omnia,
612 862 748 937 divitias,
765 865 916 938 honores,
932 864 1045 925 bonam
1060 882 1112 925 va-

129 949 296 1024 litudinem,
311 949 402 1021 vires,
417 948 545 1024 imperia
559 948 663 1009 scierit
677 962 749 1008 esse
762 948 894 1008 mediam
910 958 1037 1024 partem,
1055 965 1112 1009 nec

128 1033 219 1095 bonis
245 1034 505 1093 adnumerandam
532 1048 590 1093 nec
618 1031 721 1092 malis:
742 1033 922 1093 monitorem
944 1050 1006 1095 non
1031 1035 1112 1095 desi-

130 1118 248 1178 derabit
263 1118 303 1177 ad
319 1119 452 1192 singula,
475 1118 527 1193 qui
541 1117 623 1178 dicat
636 1114 704 1192 „sic
721 1117 846 1192 incede,
862 1117 908 1178 sic
923 1134 1030 1178 coena.
1052 1119 1112 1177 huc

100 1202 206 1275 ovino,
222 1203 281 1261 hoc
297 1202 437 1275 feminae,
452 1202 512 1262 hoc
528 1201 645 1276 marito,
661 1202 720 1260 hoc
732 1201 840 1262 caelibi
858 1203 1032 1263 convenit.“
1053 1202 1111 1261 ista

130 1288 208 1344 enim
228 1285 279 1358 qui
295 1285 526 1360 diligentissime
541 1292 679 1358 monent,
700 1285 760 1360 ipsi
775 1287 877 1346 iacere
892 1302 953 1346 non
970 1293 1110 1362 possunt.

128 1369 205 1428 baec
226 1370 427 1444 paedagogus
451 1385 563 1445 puero,
591 1371 669 1429 haec
688 1371 757 1430 avia
778 1370 882 1445 nepoti
908 1371 1058 1445 praecipit
1082 1377 1112 1429 et

129 1453 323 1513 irascendum
345 1471 407 1515 non
429 1470 501 1514 esse
521 1454 666 1528 magister
686 1452 942 1516 iracundissimus
965 1455 1111 1528 disputat.

130 1539 156 1600 si
176 1538 280 1600 ludum
304 1537 465 1598 literarium
491 1539 667 1611 intraveris,
692 1539 772 1599 scies
793 1539 867 1611 ista,
889 1553 968 1614 quae
996 1539 1112 1612 ingenti

130 1622 294 1698 supercilio
317 1619 632 1698 philosophi-iactant,
651 1623 681 1681 in
698 1623 806 1697 puerili
821 1639 892 1683 csse
908 1623 1111 1698 praescripto.

90 1708 234 1768 10Utrum
250 1708 362 1767 deinde
378 1707 539 1767 manifesta
554 1724 593 1767 an
615 1707 708 1766 dubia
724 1707 917 1782 praecipies?
944 1722 1005 1764 non
1028 1706 1111 1765 desi-

129 1793 236 1852 derant
250 1792 411 1852 manifesta
424 1792 614 1852 monitorem.
634 1791 832 1866 praecipienti
850 1791 942 1851 dubia
961 1806 1024 1850 non
1042 1804 1110 1849 cre-

128 1877 222 1936 ditur:
235 1892 461 1953 supervacuum
472 1883 520 1936 est
532 1890 604 1951 ergo
617 1877 806 1951 praecipere.
819 1875 850 1934 id
863 1876 940 1935 adeo
953 1874 998 1934 sic
1010 1875 1110 1934 disee:

127 1960 155 2021 si
169 1961 200 2019 id
214 1977 339 2033 mones,
371 1962 455 2036 quod
481 1960 645 2021 obscumm
670 1967 718 2020 est
737 1969 767 2021 et
781 1959 971 2034 ambiguum,
1001 1959 1109 2033 proba·

26 2092 29 2109 .
127 2045 261 2105 tionibus
280 2046 485 2105 adiuvandum
502 2043 567 2105 erit.
594 2046 620 2104 si
637 2045 821 2120 probaturus
837 2059 880 2118 es,
896 2045 946 2103 illa
962 2058 1017 2118 per
1032 2057 1112 2117 quae

89 2128 258 2203 11probas,
284 2130 353 2202 pius
374 2131 476 2189 valent
498 2129 637 2204 satisque
658 2144 713 2204 per
734 2145 769 2188 se
792 2137 871 2188 sunt.
913 2127 986 2201 „Sic
1014 2127 1111 2186 amico

127 2219 227 2284 utere,
250 2213 295 2271 sic
311 2213 392 2283 cive,
417 2214 462 2272 sic
489 2214 607 2274 socio.“
636 2212 757 2286 Quare?
784 2213 878 2287 „quia
898 2213 1112 2272 iustum.est.“

129 2293 235 2354 Omnia
248 2296 307 2355 ista
323 2296 395 2354 mihi
410 2298 449 2356 de
464 2297 577 2357 iustitia
592 2298 680 2358 locus
696 2297 796 2357 tradit.
839 2296 899 2356 iitic
923 2296 1044 2355 invenio
1061 2310 1112 2354 ae·

129 2378 273 2454 quitatem
289 2395 345 2455 per
360 2395 394 2439 se
408 2382 621 2455 expetendam.
644 2396 702 2441 neo
717 2386 799 2440 metu
815 2396 874 2440 nos
890 2380 1024 2439 odiliam
1043 2379 1112 2452 cogi

127 2480 184 2524 nec
199 2465 341 2524 mercede
356 2466 498 2526 conduci.
527 2481 588 2526 non
604 2482 677 2526 esse
690 2467 818 2536 iustum,
835 2464 884 2524 cui
901 2464 1064 2538 quicquam
1080 2464 1111 2521 in

126 2549 183 2609 bac
193 2550 302 2610 virtute
317 2551 418 2625 placet
429 2558 551 2626 praeter
562 2551 672 2626 ipsam.
687 2550 747 2609 hoc
763 2565 830 2609 cum
842 2546 984 2623 persuasi
998 2546 1070 2606 mibi
1083 2553 1113 2606 et

126 2634 260 2708 perbibi,
283 2634 358 2709 quid
377 2635 435 2696 ista
455 2642 622 2710 praecepta
646 2634 823 2709 proficiunt,
852 2647 931 2706 quae
959 2632 1111 2691 eruditum

128 2718 258 2778 docenti
277 2727 442 2794 praecepta
454 2720 527 2779 dare
540 2718 648 2779 scienti
660 2733 883 2793 supervacuum
897 2723 953 2789 est,
963 2715 1112 2775 nescienti

128 2817 243 2874 pamm.
273 2802 378 2861 audire
393 2804 472 2861 enim
487 2802 580 2863 debet
596 2819 657 2863 non
674 2809 804 2875 tantum,
829 2802 903 2876 quid
920 2799 980 2860 sibi
995 2800 1112 2874 praeci-

88 2884 235 2958 tapiatur,
251 2885 307 2943 sed
324 2884 413 2944 etiam
430 2902 534 2961 quare.
555 2886 671 2957 Utrum,
688 2887 823 2961 inquam,
840 2901 931 2944 veras
948 2883 1111 2958 opiniones

127 2966 250 3026 habenti
276 2967 315 3026 de
341 2968 431 3030 bonis
458 2971 609 3046 malisque
634 2979 705 3032 sunt
727 2970 906 3030 necessaria
922 2985 959 3028 an
980 2985 1041 3027 non
1057 2968 1110 3026 ha·

126 3050 232 3110 bentii
261 3050 312 3125 qui
328 3054 510 3127 nonhabet,
534 3054 609 3114 nibil
623 3071 641 3113 a
658 3062 687 3115 te
705 3055 908 3114 adiuvabitur.
937 3069 1028 3113 aures
1044 3053 1111 3112 eius

128 3136 280 3197 contraria
293 3139 509 3199 monitionibus
521 3139 581 3199 tuis
593 3141 673 3198 tama
688 3139 837 3214 possedit.
865 3137 918 3212 qui
933 3137 1025 3197 habet
1040 3152 1113 3195 exa-

128 3228 207 3280 ctum
222 3221 366 3283 iudicium
378 3224 417 3283 de
428 3222 582 3298 fugiendis
596 3224 808 3298 petendisque,
825 3223 891 3294 scit,
908 3221 982 3296 quid
996 3220 1082 3281 sibit
1100 3252 1112 3261 -

127 3306 267 3366 ciendum
282 3309 322 3368 sit
337 3309 426 3368 etiam
442 3318 471 3369 te
487 3315 616 3369 tacente.
646 3315 709 3368 tota
721 3323 794 3382 ergo
808 3323 881 3382 pars
902 3306 961 3365 ista
977 3305 1113 3379 philoso-

90 3389 401 3465 13phiaesnbmoveri
419 3399 529 3467 potest.
544 3394 611 3452 Duo
627 3401 706 3464 sunt,
723 3399 849 3468 propter
865 3405 944 3466 quae
962 3388 1112 3462 delinqui-

128 3493 210 3537 mus:
226 3484 279 3537 aut
290 3478 370 3538 inest
382 3478 481 3538 animo
497 3477 601 3552 pravis
617 3476 813 3553 opinionibus
825 3474 939 3535 malitia
957 3478 1115 3532 eontracta
