2422 3862
220 213 392 275 EPISTUL.
405 215 499 277 Mon.
520 215 592 276 LlB.
606 219 643 276 V.
667 216 723 275 ΕΡ.
736 225 762 279 6.
775 226 802 281 'i-
823 226 880 292 (47.
891 222 949 290 le.)
1034 217 1074 281 97

94 348 313 428 timorissdabo
335 368 527 429 consularem
548 370 687 430 aniculae
704 369 902 443 servientem,
926 369 1006 432 dabo
1022 387 1074 431 an·

95 452 212 513 cillulae
227 449 368 524 divitem,
383 453 543 513 ostendam
557 453 765 514 nobilissimos
781 454 908 514 iuvenes
923 455 1076 528 mancipia

95 535 366 612 pantomimorum:
394 537 477 596 nulla
499 540 631 597 servitus
653 537 770 612 turpior
790 544 838 597 est
860 554 952 612 quam
968 539 1073 598 volun-

95 619 175 680 taria.
213 618 316 693 Quare
336 634 398 678 non
419 628 480 694 est,
505 621 589 696 quod
610 620 763 682 fastidiosi
783 621 828 682 isti
845 629 875 682 te
892 621 1073 693 deterreant,

96 720 152 779 quo
168 703 273 763 minus
289 702 388 762 servis
403 703 463 765 tuis
478 705 605 764 hilarem
620 713 649 765 te
664 712 804 781 praestes
820 712 849 764 et
863 721 923 766 non
940 707 1074 781 superbe

94 787 301 862 superiorem=
324 787 427 847 colant
438 788 541 864 potius
554 797 585 850 te
598 805 688 865 quam
700 790 833 850 timeant.
866 789 951 849 Dicet
964 791 1073 864 aliquis
1084 795 1116 850 18

95 887 169 932 nunc
192 886 244 931 me
260 885 373 932 vocare
389 871 428 931 ad
444 873 558 948 pileum
572 888 682 933 servos
697 881 727 933 et
741 873 882 935 dominos
898 873 937 933 de
953 874 1073 949 lastigie

94 972 147 1016 suo
170 955 312 1029 deicere,
341 956 426 1030 quod
447 956 527 1016 dixi=
556 957 658 1017 colant
681 959 783 1032 potius
805 956 962 1018 dominum
983 974 1074 1033 qnam

93 1038 228 1104 timeant=
250 1039 327 1113 „ita,
349 1038 462 1115 inquit,
483 1056 628 1115 prorsus,
646 1043 746 1103 colant
768 1049 922 1117 tamquam
939 1042 1072 1113 clientes,

93 1133 248 1201 amquam
269 1123 493 1184 salutatorest“
533 1125 599 1186 Hoc
620 1126 672 1199 qni
688 1126 811 1198 dixerit,
832 1126 1028 1186 obliviscetur
1043 1127 1074 1187 id

92 1208 225 1270 dominis
247 1223 356 1284 parum
377 1223 438 1267 non
459 1223 544 1283 esse,
569 1209 651 1285 qnod
673 1209 732 1270 deo
751 1216 799 1269 sat
813 1219 874 1270 est.
899 1210 951 1286 qui
967 1209 1074 1271 colitur

92 1301 121 1354 et
135 1299 270 1352 amatura
292 1307 354 1351 non
371 1298 471 1367 potest
485 1309 571 1354 amor
585 1308 654 1354 cum
668 1292 775 1354 timore
791 1294 921 1353 misceri.
958 1295 1073 1355 Rectis·
1083 1302 1115 1357 19

94 1378 169 1438 simo
185 1392 261 1453 ergo
277 1375 423 1436 lacerate
439 1376 558 1451 iudico,
582 1377 666 1453 quod
680 1377 777 1439 timeri
793 1395 811 1438 a
825 1379 925 1437 servis
940 1379 999 1439 tuis
1011 1395 1073 1437 non

92 1462 153 1536 vis,
176 1460 262 1537 quod
277 1459 440 1520 verborum
456 1461 655 1537 castigatione
667 1463 776 1523 uteris:
799 1460 979 1522 verberibus
991 1470 1073 1522 muta

92 1546 306 1607 admouentur.
340 1543 408 1604 Non
427 1546 573 1620 quicquid
594 1563 653 1606 nos
676 1544 817 1618 offendit,
838 1552 868 1605 et
884 1545 984 1605 laedit.
1017 1546 1074 1604 sed

93 1629 131 1690 ad
144 1629 261 1689 rabiem
276 1644 334 1689 nos
350 1637 463 1705 cogunt
478 1631 638 1704 pervenire
651 1629 792 1701 deliciae,
810 1638 842 1690 ut
853 1628 1000 1704 quicquid
1012 1645 1071 1688 non

93 1730 131 1774 ex
150 1712 308 1784 voluntate
328 1712 510 1788 respondet,
533 1715 608 1774 iram
630 1720 747 1774 evocet.
785 1715 902 1787 Regum
923 1711 1012 1773 nobis
1030 1712 1116 1776 into

93 1798 214 1859 duimus
235 1797 365 1858 animos.
394 1813 464 1857 nam
486 1797 527 1857 illi
545 1813 668 1875 quoque
684 1795 767 1858 obliti
781 1805 811 1858 et
825 1812 950 1857 suarum
965 1795 1073 1856 virium

94 1891 122 1943 et
143 1879 349 1942 inbecillitatis
372 1882 489 1942 alienae
515 1883 560 1941 sic
585 1881 828 1953 excandescunt,
854 1879 899 1940 sic
925 1880 1073 1952 saeviunt,

94 1966 183 2044 quasi
203 1965 343 2026 iniuriam
364 1965 547 2042 acceperint.
584 1966 703 2025 aculus
718 1964 762 2023 rei
777 1965 913 2040 periculo
928 1965 997 2024 illos
1013 1964 1073 2024 lor-

93 2057 185 2111 tunae
200 2065 277 2111 suae
292 2050 468 2125 magnitudo
483 2051 652 2111 tutissimos
669 2055 812 2125 praestat
842 2048 905 2109 Nec
917 2048 976 2109 hoc
988 2049 1072 2124 igno·

94 2143 174 2211 rant,
198 2135 255 2194 sed
270 2134 465 2195 occasionem
480 2135 611 2195 nocendi
629 2141 767 2210 captant:
791 2133 967 2210 quaerendo
986 2148 1072 2193 acce·

95 2225 206 2295 parunt
219 2218 358 2280 iniuriam
372 2226 405 2280 ut
419 2218 563 2279 lacerent.
599 2218 718 2279 Diutius
732 2227 761 2278 te
778 2220 888 2278 morari
906 2219 987 2279 nolo.
1012 2225 1112 2278 nouat

94 2310 141 2364 est
155 2303 237 2364 enirn
251 2301 304 2363 tibi
321 2303 532 2364 exhortatione
549 2319 638 2378 opus.
673 2303 740 2363 Hoc
754 2301 867 2362 babent
880 2302 957 2362 inter
972 2309 1074 2362 cetera

93 2387 168 2448 boni
190 2403 308 2461 mores,
336 2389 457 2463 placent
478 2387 550 2461 sibi,
574 2394 767 2463 permanent=
796 2387 871 2447 levis
887 2392 934 2446 est
952 2385 1072 2458 malitia,

94 2487 192 2548 saepe
206 2478 346 2544 mutatur,
369 2486 430 2533 non
445 2471 475 2530 in
491 2473 615 2546 melius,
638 2471 693 2532 sed
710 2470 741 2529 in
757 2469 848 2530 aliud.
885 2470 972 2528 Vale.

381 2571 597 2666 nursrurn
624 2610 684 2665 vu.
713 2609 784 2679 (la.)

347 2704 456 2758 sanson
476 2707 586 2757 Lucrnro
607 2716 658 2756 suo
678 2715 818 2756 saturnu.

159 2810 209 2870 Ad
224 2809 401 2884 epistulam,
422 2825 514 2885 quam
529 2807 599 2868 mibi
615 2824 653 2867 ex
669 2807 774 2868 itinere
789 2804 912 2878 misisti,
933 2808 994 2863 tam
1009 2806 1099 2868 lou-1

93 2909 165 2968 gam
188 2909 279 2969 quam
300 2893 401 2968 ipsum
422 2894 479 2954 iter
498 2893 566 2964 luit,
588 2898 698 2966 postea
713 2889 890 2951 rescribam.
924 2887 1075 2948 seducere

95 2994 144 3038 me
165 2976 264 3038 debeo
286 2985 317 3038 et
337 2977 409 3054 quid
428 2977 574 3038 suadeam
591 2975 834 3051 circumspicere.
864 2989 933 3032 nam
948 2980 981 3033 tu
998 2988 1073 3047 quo-

95 3078 172 3139 que,
201 3062 252 3138 qui
268 3061 420 3136 consulis,
443 3061 547 3121 dinan
564 3063 758 3132 consuleres,
781 3056 936 3133 cogitasti:
960 3063 1073 3132 quanto

94 3149 194 3223 magis
212 3146 273 3206 hoc
290 3145 362 3206 mibi
384 3145 556 3206 iaciendum
571 3153 632 3219 est,
657 3161 724 3204 cum
740 3144 878 3218 longiore
894 3157 979 3201 mora
995 3157 1074 3217 opus

94 3233 149 3305 sit,
179 3238 214 3292 ut
235 3232 340 3291 solvas
363 3230 572 3307 quaestionem
593 3246 685 3306 quam
705 3237 737 3289 ut
758 3232 938 3304 proponas?
969 3226 1075 3302 utique

95 3332 166 3377 cum
188 3313 271 3375 aliud
292 3315 345 3375 tibi
366 3315 526 3390 expediat,
556 3312 640 3374 aliud
664 3313 744 3373 mibi.
789 3312 900 3371 lterum
921 3325 979 3385 ego
1003 3317 1104 3370 tam-u

95 3417 189 3474 qnam
209 3398 380 3475 Epicureus
402 3401 533 3476 loquort
558 3397 631 3459 mihi
645 3414 720 3460 vero
736 3397 815 3459 idem
829 3395 976 3472 expedit,
996 3393 1088 3469 anob

94 3485 164 3544 libiz
191 3492 243 3543 aut
263 3500 325 3542 non
350 3501 419 3544 snm
440 3485 573 3562 amicus,
602 3485 680 3565 nisi,
703 3482 863 3566 quicquid
881 3481 987 3559 agitur
1010 3476 1058 3536 ab
1071 3481 1108 3531 ts

125 3581 223 3620 senum
238 3583 306 3623 nm.
321 3570 366 3625 ΙΙΙ.
626 3576 630 3584 “
921 3575 942 3632 't
