2422 3862
263 223 435 290 EPISTUL.
449 224 543 287 Moe.
565 226 637 286 LIB.
650 226 700 286 111.
721 225 779 287 ΕΡ.
791 237 817 290 1.
838 232 909 302 (22.)
1035 228 1079 292 49

99 375 253 440 incidisse.
291 376 350 437 ista
364 377 459 452 enirn,
483 392 562 452 quae
577 377 636 437 dici
653 378 766 449 solent,
791 378 869 438 falsa
884 387 967 439 sunt:
993 396 1075 452 „nou

100 462 177 538 potui
193 461 316 522 aliter.“
346 459 433 536 quid,
456 461 483 522 si
497 462 630 522 nollem?
656 477 807 534 „necesse
820 466 914 524 erat.“
937 465 1009 524 nufii
1024 481 1076 524 ue·

100 561 181 606 cesse
196 553 249 606 est
266 544 436 605 felicitatem
452 560 545 606 cursu
559 545 662 620 sequi:
685 553 733 606 est
744 546 868 622 aliquid,
884 545 1076 608 etiamsinon

99 644 285 705 repugnare,
304 627 473 689 subsistere
488 645 544 690 nec
559 628 673 689 instare
688 630 827 690 fortunae
842 631 959 690 ferenti.
985 631 1104 694 Num—5

100 714 165 789 quid
187 713 377 787 offenderis,
400 711 476 773 siin
500 713 658 774 consilinm
680 731 740 774 non
757 716 847 776 venio
866 722 997 789 tantum,
1021 718 1077 777 sed

100 797 229 871 advoco,
253 804 284 856 et
300 795 422 871 quidem
435 798 649 872 prudentiores
662 815 751 872 quam
764 800 832 872 ipsc
844 816 927 873 sum,
944 801 984 860 ad
996 817 1076 875 quos

99 883 178 943 soieo
202 881 341 953 deferre,
371 880 397 940 si
419 882 494 956 quid
515 881 672 942 delibero?
703 882 828 956 Epicuri
853 881 1016 958 epistulam
1037 885 1076 944 ad

99 965 170 1025 hanc
185 981 254 1025 rem
269 965 469 1040 pertinentem
491 964 564 1039 iegi,
588 966 754 1027 Idomeneo
770 982 850 1043 quac
869 968 1075 1043 [iancribitur,

99 1065 184 1125 quem
207 1056 313 1125 rogat,
336 1056 368 1109 ut
386 1058 532 1125 quantum
547 1057 663 1124 potest,
687 1049 781 1125 fugiat
796 1058 826 1111 et
841 1060 1001 1127 properet,
1024 1070 1076 1112 an·

97 1141 217 1210 tequam
238 1132 344 1208 aliqua
364 1132 411 1193 vis
426 1135 523 1194 maior
538 1134 717 1194 interveniat
731 1142 761 1194 et
775 1135 894 1195 auferat
908 1136 1076 1197 libertatem

96 1218 272 1278 recedendi.
308 1217 392 1277 idem
413 1227 512 1280 tamen
536 1217 661 1279 subicit:
684 1218 757 1278 nihil
773 1234 844 1279 esse
859 1223 1105 1296 tennptandum,6

96 1301 152 1362 nisi
177 1319 247 1375 cum
268 1309 341 1376 apte
360 1302 471 1376 poterit
489 1301 732 1377 tempestiveque
753 1305 901 1377 temptari.
933 1305 988 1365 sed
1008 1322 1077 1366 cum

95 1387 166 1447 iliud
180 1394 304 1462 tempus
320 1393 472 1461 captatum
488 1385 541 1446 diu
556 1387 685 1460 venerit,
705 1386 906 1448 exsiliendum
921 1387 970 1449 nit.
1000 1391 1075 1451 Dor-

95 1470 200 1531 mitare
215 1471 256 1530 de
272 1472 343 1546 fuga
358 1471 538 1545 cogitantem
554 1478 635 1531 vetat
651 1478 681 1531 et
694 1478 799 1546 sperat
810 1473 973 1533 salutarem
986 1475 1075 1533 etiam

95 1569 133 1614 ex
154 1553 343 1615 difficillimis
367 1554 495 1630 exitum,
523 1556 548 1615 si
571 1571 628 1615 nec
650 1571 853 1630 properemus
869 1563 940 1615 ante
955 1563 1076 1633 tempus

95 1654 149 1698 nec
165 1654 327 1700 cessemus
342 1639 373 1698 iu
388 1645 535 1715 tempore.
569 1639 646 1701 Puto
661 1655 742 1700 nunc
760 1649 790 1700 et
806 1639 939 1700 Stoicam
956 1647 1105 1702 senten-7

93 1724 163 1784 tiam
187 1724 322 1799 quaeris.
352 1732 495 1798 nonest,
520 1725 603 1800 quod
624 1725 786 1799 quisqaum
807 1723 985 1784 temeritatis
1008 1723 1076 1783 ilios
1181 1736 1185 1743 ·

95 1807 177 1883 opud
198 1816 228 1868 te
249 1807 390 1868 infamet:
413 1808 565 1869 cautiores
588 1824 678 1883 quarn
697 1808 838 1869 fortiores
854 1815 934 1868 sunt.
964 1823 1075 1881 exspe-

95 1899 158 1953 ctas
175 1892 320 1967 forsitan,
336 1899 369 1969 ut
381 1891 434 1952 tibi
446 1891 523 1952 haec
537 1891 655 1952 dicant=
678 1901 787 1966 „turpe
799 1899 847 1952 est
859 1892 969 1951 cedere
981 1893 1076 1951 oneri.

95 1978 211 2037 luctare
233 1992 301 2038 cum
322 1976 442 2050 officio,
473 1976 556 2052 quod
578 1977 672 2036 semei
694 1975 848 2051 recepisti.
882 1992 943 2036 non
964 1982 1011 2036 est
1032 1975 1077 2034 vir

94 2061 180 2122 fortis
202 2077 240 2121 ac
262 2068 404 2121 strenuus
420 2060 472 2136 qui
493 2060 627 2121 faborem
643 2059 732 2134 fugit,
756 2061 814 2120 nisi
830 2061 940 2121 crescit
955 2058 998 2119 iiii
1012 2059 1075 2120 ani·

93 2161 160 2206 mus
181 2146 253 2220 ipsa
275 2161 376 2205 rerum
392 2143 601 2205 difficultate.“
635 2144 781 2205 Dicentur
794 2144 847 2206 tibi
863 2146 936 2218 ista,
960 2144 986 2205 si
1003 2152 1105 2221 ope-8

93 2244 146 2290 rae
162 2228 294 2304 pretium
305 2228 429 2290 habebit
441 2229 685 2305 perseverantia,
701 2230 726 2289 si
739 2228 811 2290 niinif
823 2230 980 2304 indiguum
993 2230 1076 2291 bono

93 2315 159 2374 viro
183 2312 356 2373 faciendum
378 2312 592 2388 patiendumve
609 2313 678 2373 erit:
702 2314 838 2389 alioquin
854 2315 981 2375 sordido
998 2330 1032 2374 se
1047 2319 1077 2373 et

93 2397 318 2459 contumelioso
339 2396 445 2458 labore
466 2413 526 2456 non
549 2404 685 2458 conteret
700 2399 800 2458 necin
818 2397 948 2473 negotiis
963 2396 1076 2472 negotii

93 2497 188 2543 causa
209 2481 275 2540 erit.
317 2480 361 2540 Ne
381 2480 454 2541 iilud
478 2482 617 2563 qvnidcm,
640 2483 723 2557 quod
749 2482 906 2543 existimas
927 2483 1076 2541 facturum

93 2581 178 2640 cum,
202 2565 306 2638 faciet,
329 2572 363 2625 ut
376 2565 544 2626 ambitiosis
559 2566 652 2627 rebus
668 2567 819 2641 inplicitus
836 2582 958 2640 semper
972 2574 1077 2626 aestus

93 2665 197 2711 earum
211 2649 297 2709 ferat.
312 2649 370 2709 sed
382 2665 450 2709 cum
463 2649 572 2710 viderit
582 2650 696 2725 gravia,
711 2651 741 2709 in
754 2651 866 2726 quibus
873 2650 1077 2722 volutabatur,

92 2732 225 2807 incerta,
249 2732 407 2809 ancipitia,
430 2734 541 2794 referet
560 2734 684 2809 pedem,
709 2750 769 2794 non
783 2741 880 2794 vertet
894 2741 994 2810 terga,
1019 2734 1076 2795 sed

94 2818 210 2880 sensim
230 2818 356 2878 recedet
374 2818 404 2877 in
426 2826 531 2879 tutum.
576 2818 677 2879 Facile
694 2826 745 2881 ,est
766 2826 884 2892 autem,
910 2818 950 2879 mi
971 2819 1105 2893 Luciii,9

94 2901 315 2978 occupationes
341 2903 488 2975 evadere,
518 2904 543 2961 si
566 2902 801 2978 occupationum
822 2903 920 2978 pretio
942 2911 1075 2965 contem·

93 2985 206 3062 pscris.
237 2986 288 3046 iiia
310 2981 395 3060 s'unt,
419 3002 499 3062 quae
520 3003 577 3047 nos
595 2993 750 3047 morantur
765 2995 795 3047 et
810 2987 957 3047 detinent:
980 2987 1076 3063 „quid

94 3077 190 3146 ergo?
211 3077 272 3130 tam
286 3087 413 3146 magnas
429 3086 503 3145 spes
518 3070 708 3145 retinquamn
730 3071 768 3130 ab
781 3070 851 3146 ipsa
861 3087 963 3132 messe
976 3072 1075 3132 disce-

94 3155 186 3215 dam?
214 3154 330 3215 nudum
350 3155 406 3215 enit
426 3156 526 3215 fatus?
552 3153 726 3215 incomitata
747 3156 876 3215 tectione
898 3154 1006 3218 atrium
1022 3172 1075 3215 vn-

95 3243 225 3299 cuum2“
261 3237 310 3297 Ab
331 3239 379 3299 inis
401 3255 474 3314 ergo
496 3237 581 3300 inviti
598 3238 737 3299 homines
752 3240 901 3299 recedunt
914 3248 944 3300 ct
958 3255 1073 3300 merce·

95 3323 164 3383 dem
183 3322 375 3384 miseriarum
398 3331 513 3397 amant,
536 3324 622 3399 ipsas
643 3330 852 3384 exsecrantur.
888 3323 939 3384 Sic
955 3325 993 3384 de
1013 3329 1118 3383 am-lo

94 3403 208 3469 bitione
228 3407 386 3483 quomodo
409 3407 448 3467 de
468 3405 566 3467 amica
588 3414 769 3483 queruntun=
798 3405 910 3484 idest,
927 3407 1083 3469 siveram

95 3491 248 3553 adfectum
274 3507 378 3552 eorum
402 3490 567 3569 inspicias,
598 3510 661 3558 non
691 3494 847 3574 oderunt,
877 3494 943 3558 sed
960 3492 1104 3566 tunnam.

126 3591 226 3630 mm
238 3591 306 3631 eum.
325 3579 370 3632 111.
922 3589 945 3643 a
