2422 3862
117 228 179 294 164
392 223 425 285 L.
446 226 592 287 ANNAEI
613 225 787 287 SENECAE

117 397 221 445 ramus
234 379 417 456 adpositum.
454 395 512 439 nec
532 380 634 441 multis
654 378 757 439 verbis
772 395 830 438 nec
845 377 971 440 circuitu
986 381 1090 455 longo,

119 467 202 544 quod
219 463 258 526 sit
272 480 422 526 summum
436 463 563 535 bonum,
587 461 727 538 colliges:
750 463 860 538 digito,
875 471 908 524 ut
923 464 964 523 ita
979 463 1090 539 dicam,

118 549 389 612 demonstrandum
401 555 449 607 est
462 563 520 606 nec
531 548 561 605 in
576 549 669 609 multu
683 548 898 623 spargendum.
921 547 996 622 qnid
1009 549 1089 608 enim

118 635 237 695 adrem
251 633 381 708 pertinet
394 632 423 690 in
442 631 606 706 particulas
621 631 694 693 illud
710 630 876 693 diduceret
899 647 967 691 cum
985 635 1090 706 possis

119 720 236 779 dicere:
253 731 433 777 summum
447 714 584 776 bonum
598 721 670 789 est,
688 715 789 789 quod
804 714 1005 776 honestum
1021 725 1088 776 est.

119 810 149 864 et
170 801 254 878 quod
274 801 371 874 magis
392 799 568 859 admireris=
599 815 711 859 unum
734 798 871 858 bonum
895 808 967 873 est,
989 802 1089 875 quod

120 887 323 948 lronestum
343 889 417 944 esu
440 890 542 942 cetera
563 884 640 943 lalsa
669 890 700 943 et
719 882 887 942 adulterina
907 882 988 945 bona
1008 894 1090 944 sunt.

90 971 185 1037 5Hoc
210 970 236 1030 si
260 965 451 1044 persuaseris
476 966 529 1026 tibi
550 973 580 1028 et
601 965 739 1027 virtutem
759 966 965 1027 adamaveris:
987 983 1090 1028 amare

120 1055 200 1114 enim
215 1069 322 1128 parum
339 1058 400 1112 est=
425 1048 572 1126 quicquid
586 1051 636 1110 illa
653 1051 826 1126 contigerit,
849 1051 879 1111 id
894 1050 962 1125 tibi,
985 1054 1089 1126 quale-

119 1153 250 1212 cumque
264 1137 332 1197 aliis
346 1134 508 1209 videbitur,
521 1135 653 1200 faustum
669 1135 804 1210 felixque
818 1135 888 1195 erit:
903 1143 934 1196 et
943 1136 1088 1210 torqueri,

119 1221 252 1281 simodo
273 1218 404 1280 iacueris
425 1220 494 1294 ipso
516 1226 677 1296 torquente
697 1220 849 1292 securior,
872 1226 902 1279 et
921 1227 1088 1294 aegrotare,

120 1304 147 1366 si
178 1321 238 1365 non
265 1304 458 1363 maledixeris
488 1303 640 1376 fortunae,
664 1304 689 1362 si
717 1319 778 1363 non
808 1303 940 1364 cesseris
970 1303 1087 1375 morbo,

120 1389 221 1449 omnia
236 1386 383 1464 deniqne,
407 1401 486 1461 quae
502 1388 611 1448 ceteris
629 1387 769 1447 videntur
789 1387 882 1461 mala,
904 1395 934 1447 et
946 1403 1088 1447 mansue-

119 1480 207 1533 scent
221 1479 251 1532 et
268 1472 297 1530 in
312 1472 425 1531 bonurn
439 1468 579 1546 abibunt,
595 1471 627 1531 si
643 1486 738 1545 snper
751 1471 802 1531 illa
815 1470 988 1530 eminueris.
1023 1471 1090 1530 Hoc

118 1557 246 1631 liqueat,
268 1555 340 1615 nihil
359 1569 431 1616 esse
452 1554 565 1618 bonum
585 1555 643 1615 nisi
667 1555 842 1616 honestumr
865 1562 894 1615 et
919 1554 1021 1615 omnia
1046 1554 1088 1613 in-

120 1632 281 1702 commoda
295 1653 353 1700 suo
368 1639 436 1698 iure
452 1639 534 1699 bona
553 1637 757 1712 vocabuntur,
781 1654 860 1715 qnae
884 1639 977 1699 modo
995 1640 1090 1700 virtus

91 1724 334 1788 dhonestaverit.
378 1721 480 1783 Multis
502 1723 638 1783 videmur
658 1721 773 1785 maiora
798 1723 973 1798 promittere
999 1739 1090 1798 quarn

119 1809 228 1883 recipit
241 1806 373 1868 humana
388 1804 543 1868 condicio=
566 1822 627 1866 non
644 1807 792 1867 inmerito.
828 1807 867 1867 ad
882 1823 998 1881 corpus
1009 1807 1090 1868 enim

118 1892 300 1967 respiciuntr
322 1896 512 1951 revertantur
532 1891 572 1950 ad
596 1889 741 1951 animum:
763 1891 823 1950 iam
850 1890 1003 1952 hominem
1030 1892 1089 1951 deo

118 1977 287 2036 metientur.
330 1975 420 2049 Erige
434 1981 480 2049 te,
502 1975 598 2036 Lucili
610 1975 744 2035 viromm
759 1975 886 2050 optime,
907 1982 938 2036 et
950 1974 1090 2052 relinque

118 2061 208 2124 istum
222 2060 325 2120 ludum
344 2057 508 2120 literarium
530 2057 796 2134 philosophorum,
821 2058 873 2134 qui
892 2073 957 2118 rem
974 2060 1089 2135 magni-

119 2143 346 2203 ficentissimam
370 2141 411 2202 ad
435 2143 572 2220 syllabas
597 2149 724 2216 vocant,
748 2141 800 2218 qui
822 2143 954 2202 animum
975 2145 1089 2204 minuta

120 2225 261 2287 docendo
286 2225 444 2285 demittunt
471 2234 502 2287 et
526 2233 700 2288 canterano
720 2226 777 2287 fies
804 2226 910 2287 similis
937 2227 1013 2300 illis,
1037 2229 1086 2303 qui

119 2310 300 2370 invenerunt
314 2308 386 2380 ista,
410 2324 470 2369 non
488 2311 539 2383 qui
554 2310 666 2371 docent
680 2316 710 2370 et
728 2310 760 2371 id
775 2317 883 2384 agunt,
905 2316 938 2372 ut
951 2312 1088 2385 philoso-

90 2409 106 2463 7
119 2391 191 2469 phia
205 2393 306 2468 potins
318 2392 451 2454 difficilis
463 2409 554 2467 quam
565 2409 675 2467 magna
686 2393 833 2455 videatur.
855 2393 1000 2456 Socrates
1013 2397 1087 2472 [qui]

118 2484 211 2538 totam
228 2475 452 2552 philosophiam
466 2477 621 2536 revocavit
635 2476 675 2537 ad
688 2493 791 2538 mores
806 2486 836 2538 et
847 2479 926 2539 hanc
938 2494 1087 2541 summam

119 2561 193 2621 dixit
219 2577 289 2623 esse
306 2560 502 2636 sapientiam,
529 2559 611 2621 bona
625 2561 766 2635 malaque
786 2561 990 2638 oisnnguere=
1019 2580 1087 2638 „se-

119 2660 228 2720 quere,
251 2645 362 2718 inquit,
384 2643 468 2716 illos,
491 2644 518 2703 si
533 2643 607 2718 qnid
622 2644 705 2719 apud
720 2652 751 2706 te
770 2645 870 2707 habeo
890 2648 1085 2717 auctoritatis,

119 2736 150 2789 ut
166 2729 209 2789 sis
226 2728 347 2799 beatus,
370 2733 400 2785 et
421 2734 450 2785 te
469 2727 557 2788 alicui
575 2729 698 2789 stultum
718 2728 815 2788 videri
835 2729 913 2791 sine.
948 2731 1086 2806 quisquis

118 2813 215 2885 volet,
234 2809 287 2870 tibi
302 2810 514 2873 contumeliam
529 2811 620 2871 laciat
634 2819 664 2872 et
677 2812 832 2873 iniuriamr
850 2821 884 2874 tu
898 2821 997 2874 tamen
1015 2815 1087 2873 nihil

118 2892 258 2972 patieris,
282 2893 307 2952 si
322 2892 414 2952 modo
429 2899 528 2954 tecum
547 2895 603 2954 erit
622 2896 728 2957 virtus.
759 2897 786 2955 si
802 2896 865 2971 vis,
887 2897 994 2973 inquit,
1016 2898 1085 2958 bea·

118 2986 167 3038 tus
183 2992 270 3048 osse,
293 2977 319 3036 si
336 2976 398 3036 lide
410 2975 493 3037 bona
512 2978 558 3037 vir
578 2977 692 3054 bonus,
714 2979 781 3040 sine
801 2988 975 3042 contemnat
991 2989 1020 3042 te
1035 2982 1086 3042 ali-

120 3060 220 3136 quis.“
262 3059 328 3120 Hoc
343 3075 431 3121 nemo
447 3061 627 3137 praestabit,
645 3061 703 3123 nisi
719 3062 773 3140 qui
784 3065 886 3125 omnia
899 3065 982 3126 bona
996 3081 1086 3124 exae-

120 3143 272 3220 quaverit,
293 3144 362 3219 quia
377 3146 595 3206 necbonum
610 3146 876 3210 sinehonesto
897 3156 1006 3210 estet
1021 3149 1086 3209 ho⁴

87 3234 266 3288 tinestum
286 3228 321 3288 in
344 3229 522 3289 omnibus
546 3246 614 3303 par
634 3238 702 3292 est.
739 3231 816 3305 Quid
838 3240 933 3309 ergot
954 3232 1026 3294 nihil
1041 3233 1084 3291 in-

114 3317 207 3370 teresi
226 3311 302 3371 inter
322 3321 493 3387 praeturam
511 3313 634 3375 Catonis
652 3323 682 3374 et
702 3317 880 3391 repulsamr
901 3317 973 3377 nihil
995 3317 1085 3376 inter-

115 3402 177 3467 est,
200 3402 297 3456 utrum
311 3396 485 3459 Pharsalica
499 3397 565 3456 acie
580 3398 652 3459 Cato
672 3398 811 3462 vlncatur
825 3417 863 3462 an
885 3401 1006 3461 vincatt
1027 3401 1085 3460 hoe

103 3479 174 3537 esus
192 3479 321 3555 bonum,
347 3497 410 3559 quo
439 3481 528 3544 victis
551 3483 688 3559 partibus
707 3501 770 3546 non
798 3492 898 3566 potest
912 3486 1007 3560 vinci,
1031 3501 1085 3561 par
