2422 3862
121 257 163 316 94
408 252 441 311 L.
464 249 609 311 ΑΝΝΑΕΙ
631 248 808 310 SENECAE

120 407 182 480 dis,
205 411 325 465 erectus
341 418 391 463 es:
412 402 472 463 hoc
487 410 517 462 te
531 402 602 463 volo
618 408 736 474 tenere,
757 400 870 462 sicine.
898 401 970 462 feeit
982 401 1097 479 aliquid

120 499 150 551 et
168 489 309 550 materia=
338 486 409 549 ideo
431 485 572 561 eligenda
592 493 640 546 est
660 486 781 559 fertilis,
804 501 884 560 quac
899 487 1000 562 capiat
1014 487 1097 564 inge·

89 574 215 646 onium,
240 589 319 649 quae
333 571 445 632 incitet
480 572 525 630 De
539 571 616 630 libro
632 571 721 645 pluro
732 569 863 630 scribam
874 584 946 631 eum
956 571 1097 633 11111011-

117 665 305 720 traetaverot
335 670 416 716 none
434 671 542 731 parum
561 652 635 714 milti
656 654 743 714 sedet
759 652 920 728 iudicium,
942 661 1100 731 amquam

118 741 267 804 audierim
281 741 348 812 illa,
373 755 434 799 nun
448 739 583 813 legerim.
607 738 674 799 sine
687 753 737 798 me
749 745 780 799 et
791 737 955 814 inponere
978 747 1098 802 nonest

119 828 203 903 quod
226 826 377 886 verearis:
405 839 512 884 verum
533 823 651 884 audies.
690 822 713 882 Ο
735 830 765 883 te
789 822 944 883 hominem
968 823 1097 901 felicem,

120 911 203 987 quod
224 908 298 970 nihil
312 908 423 981 habes,
446 907 670 983 propterquod
685 908 849 984 quisquam
865 905 994 969 libitam
1009 911 1099 985 longe

118 995 293 1056 mentiatur!
326 993 386 1053 nisi
407 992 491 1067 quod
516 992 575 1052 iam
599 991 688 1052 etiam
714 993 767 1053 ubi
787 1007 882 1053 cansa
902 993 1023 1054 sublata
1042 1001 1097 1068 est,

119 1080 279 1140 mentimur
293 1076 525 1139 consuetudinis
537 1091 646 1137 recusa.
681 1076 768 1137 Vale.

414 1212 629 1272 EPISTULA
655 1214 703 1270 Vl.
731 1216 803 1286 (47.)

372 1310 482 1362 Sennea
498 1311 612 1361 Luotmo
632 1321 684 1361 010
705 1321 843 1362 setonam.

92 1433 107 1484 1
182 1415 365 1474 Libenter
386 1427 430 1472 ex
451 1411 527 1487 itis,
551 1413 616 1489 qui
635 1421 711 1475 ate
734 1413 908 1490 veniunt,
931 1415 1098 1490 cognovi

120 1497 370 1560 familiariter
398 1506 433 1558 te
463 1512 546 1558 cum
578 1498 708 1558 servis
741 1500 819 1560 tuis
850 1498 995 1560 ninere.
1027 1499 1098 1560 hoc

120 1583 367 1660 prudentiam
407 1590 524 1656 taam,
566 1581 638 1642 froc
677 1582 935 1645 eruditionem
978 1583 1097 1643 decet.

120 1667 229 1744 „Servi
250 1671 350 1728 sunt.“
383 1667 473 1726 immo
490 1665 640 1726 homines.
673 1667 775 1741 „servi
791 1673 892 1728 sunt.“
918 1669 1097 1728 111110001-

120 1753 304 1814 tubernales.
342 1751 567 1833 „servi-suntf‘
600 1751 692 1810 immo
712 1750 843 1812 humiles
864 1751 963 1812 amici.
997 1750 1099 1825 „servi

120 1842 221 1899 sunt.“
241 1835 333 1896 immo
346 1835 488 1896 00101111
497 1857 503 1891 =
513 1836 554 1907 tsi
566 1834 748 1910 cogitaveris
759 1837 944 1898 tantumdem
956 1837 987 1896 in
1000 1844 1099 1897 utros·

90 1931 180 1999 aque
196 1922 455 2006 licerefortupagt
490 1920 596 1995 ltaque
611 1920 698 1981 rideo
712 1919 805 1995 istos,
826 1921 878 1996 qni
892 1928 981 1997 turpe
996 1919 1098 1981 existi·

119 2015 202 2066 mant
226 2021 293 2066 cum
316 2020 407 2066 servo
430 2020 488 2065 010
510 2018 658 2064 coenare:
685 2012 802 2079 queret
826 2005 886 2065 nisi
902 2005 974 2081 quia
992 2021 1103 2080 super·-

119 2089 248 2150 bissima
268 2089 459 2149 consuetudo
481 2090 621 2149 coenanti
642 2088 766 2150 domino
784 2089 925 2157 stantium
940 2104 1099 2151 servorum

121 2173 240 2235 turbam
261 2172 469 2233 circumdedit.
500 2180 547 2233 est
566 2171 617 2233 ille
634 2174 703 2249 plus
719 2190 810 2249 quam
826 2175 921 2250 capit,
942 2181 972 2235 et
986 2173 1100 2250 ingenti

120 2257 264 2319 aviditate
279 2264 385 2318 onerat
399 2257 563 2318 distentum
578 2264 713 2318 ventrem
729 2274 765 2319 ac
776 2258 936 2319 desuetum
951 2257 1011 2319 iam
1027 2274 1099 2318 ven·

120 2345 174 2404 tris
191 2342 309 2415 officio,
328 2337 367 2433 pl
379 2341 493 2402 maiore
509 2357 604 2417 opera
619 2343 719 2402 omnia
733 2350 838 2417 egerat
850 2359 941 2419 quam
956 2337 1101 2418 ingessit}

91 2437 150 2495 dat
169 2426 342 2489 infelicibus
364 2427 462 2513 servis
483 2441 607 2486 movere
628 2427 713 2486 labra
733 2443 772 2486 ne
786 2428 817 2486 in
831 2427 891 2488 hoc
907 2426 1047 2503 quidem,
1068 2379 1106 2488 11

120 2517 292 2590 loquantur,
315 2511 395 2573 licet.
416 2507 514 2586 'iirga
534 2526 669 2591 murmur
682 2526 773 2571 omne
788 2512 993 2588 conpescitur,
1019 2519 1101 2573 et-ne

120 2598 242 2660 fortuita
258 2597 382 2672 quidem
398 2595 576 2656 verberibus
592 2603 722 2671 excepta
742 2602 827 2669 sunt,
851 2595 961 2671 tussis,
981 2603 1099 2656 sternu-

119 2691 234 2758 menta,
265 2682 427 2756 singultus.
453 2694 565 2754 magno
585 2680 666 2739 malo
692 2679 754 2740 ulla
778 2695 857 2741 voco
875 2681 1101 2756 interpellatum

89 2779 108 2831 4
121 2767 272 2828 silentium
293 2765 393 2825 luitur.
422 2772 514 2824 nocte
527 2769 591 2824 tola
604 2763 699 2824 ieiuni
714 2762 852 2841 mutique
868 2772 1015 2840 perstant.
1051 2764 1101 2826 Sic

119 2852 167 2924 fit,
190 2857 224 2911 ut
243 2849 292 2908 1011
315 2848 354 2908 de
376 2847 500 2908 domino
523 2847 695 2923 loquantur,
716 2848 830 2924 quibus
851 2865 955 2910 coram
974 2849 1101 2911 domino

119 2935 203 3011 loqui
224 2948 287 2993 non
309 2931 392 2992 licet:
417 2940 450 2992 at
469 2929 526 3006 illi,
549 2932 661 3008 qulbus
675 2949 737 2995 non
753 2939 869 2994 tantum
885 2948 989 2995 eoram
1004 2933 1101 2994 domi·

118 3020 182 3091 nis,
210 3017 266 3079 sed
287 3033 355 3077 curn
374 3016 455 3091 ipsis
473 3022 542 3077 erat
555 3031 672 3093 sermo,
696 3034 824 3093 quorum
839 3032 877 3079 os
892 3035 955 3080 non
970 3034 1101 3080 consue

118 3105 216 3176 batur,
240 3099 338 3177 parati
353 3109 438 3162 erant
451 3118 508 3176 pro
524 3101 647 3162 domino
662 3103 821 3178 porrigere
836 3103 1004 3178 cervicem,
1020 3103 1101 3179 peri-

120 3190 222 3249 culum
240 3183 393 3246 inminens
408 3186 439 3246 in
452 3195 546 3262 eaput
560 3202 650 3246 suum
666 3195 818 3248 averterer
844 3188 874 3246 in
890 3188 1042 3249 conviviis
1057 3189 1100 3248 lo·

89 3274 298 3349 tenebantur,
324 3271 431 3331 sedin
452 3269 611 3331 tormentis
631 3271 782 3331 tacebant.
817 3271 936 3332 Deinde
961 3272 1101 3333 eiusdem

119 3357 311 3433 arrogantiae
332 3355 527 3432 proverbium
547 3356 690 3415 iactatum
717 3356 834 3418 totidem
847 3357 943 3418 101110
955 3374 1020 3418 esse
1033 3361 1104 3433 quot

116 3459 224 3504 serum
260 3441 327 3501 Non
343 3440 492 3502 habemus
506 3441 575 3501 illos
590 3439 713 3514 hostes,
737 3441 793 3500 sed
809 3439 948 3501 facimus.
970 3441 1041 3500 Alia
1055 3441 1101 3500 in·

99 3524 191 3584 terrio
211 3523 365 3602 crudelia,
390 3526 562 3589 inhumana
586 3535 769 3606 praetereo,
792 3525 877 3601 quod
893 3539 937 3583 ne
950 3531 1109 3597 tamuuum
