2422 3862
128 243 191 308 388
422 242 456 303 L.
476 241 624 303 ANNAEI
645 239 820 302 SENECAE

127 399 215 459 melis
230 393 357 472 possim.
380 395 537 470 quomodo
548 394 625 456 istas
634 393 822 455 calamitates
832 409 1017 469 removeam,
1030 413 1113 471 quae
1210 465 1211 475 ἶ

127 482 168 543 ad
188 497 238 541 me
256 481 449 555 inruperunt,
476 477 632 554 quomodo
653 477 737 550 illas,
763 479 801 537 ad
825 494 903 553 quas
924 493 983 553 ego
997 479 1111 556 inrupi.
1210 495 1211 503 ¹

126 566 222 638 Doce,
240 564 396 640 quomodo
412 563 507 622 ieram
523 577 698 622 aerumnam
713 560 781 621 sine
796 561 909 636 gemitu
921 577 1002 637 meo,
1016 562 1111 625 lelici·

127 656 219 710 tatem
242 649 308 709 sine
329 647 440 708 alieno.
475 645 631 722 quomodo
658 645 794 705 ultimum
815 646 874 724 [ac]
899 649 1112 708 necessarium

126 734 219 812 [vitae
232 731 404 810 terminum]
420 745 481 790 non
497 737 685 804 exspectem,
700 730 757 789 sed
772 730 912 805 ipsemet,
927 745 997 790 cum
1008 732 1112 793 visum

84 816 196 890 merit,
219 815 401 890 profugium.
445 813 523 872 Nihil
539 812 611 872 mihi
624 813 746 874 videtur
759 813 878 889 turpius
894 829 986 889 quarn
1002 824 1113 890 optare

126 907 264 961 mortem.
292 914 363 957 nam
384 898 469 971 si[oc]
489 898 537 957 vis
560 898 678 972 vivere,
704 896 778 973 quid
807 904 897 972 optas
917 899 1017 958 mori?
1044 901 1112 960 sive

126 999 189 1044 non
205 982 268 1056 vis,
292 982 366 1057 quid
382 982 459 1042 deos
473 996 582 1055 rogas,
605 979 689 1056 quod
709 981 762 1041 tibi
783 981 921 1042 nascenti
937 983 1112 1044 dederunt?

126 1082 197 1126 nam
212 1071 244 1125 ιιι
259 1066 446 1141 quandoque
461 1066 617 1139 moriaris,
641 1065 731 1125 etiam
745 1065 840 1125 invito
855 1066 990 1140 positum
1005 1074 1063 1141 est,
1078 1075 1111 1129 ut

127 1166 196 1211 cum
210 1151 313 1223 voles,
327 1148 358 1208 in
374 1155 425 1209 tuo
437 1165 530 1209 manu
544 1156 602 1208 εει.
625 1151 752 1209 alterum
766 1149 819 1209 tibi
834 1164 967 1209 necesse
981 1159 1045 1224 est,
1066 1153 1109 1211 al·

84 1241 221 1298 ueterum
242 1234 322 1294 licet.
365 1233 588 1308 Turpissimum
607 1232 656 1293 his
677 1232 787 1293 diebus
803 1232 986 1309 principium
1002 1235 1109 1294 diserti

125 1317 316 1377 mehercules
332 1316 389 1377 viri
404 1317 479 1391 legi:
504 1316 587 1389 dtu,
604 1315 715 1390 inquii,
732 1320 950 1394 quamprimum
964 1322 1108 1378 moriar.“

124 1402 218 1463 homo
234 1402 376 1475 demens,
399 1407 488 1475 optas
505 1416 570 1460 rem
585 1407 677 1460 tuam.
721 1401 790 1474 ,Jtu
806 1404 1025 1477 quamprimum
1041 1419 1108 1463 mo-

124 1488 220 1546 rior.“
242 1485 376 1546 sortasse
392 1485 470 1544 inter
484 1483 541 1544 has
560 1499 654 1544 voces
670 1498 766 1544 senex
781 1485 880 1562 lactus
896 1500 940 1544 εε.
969 1484 1107 1561 alioquin

127 1570 200 1643 quid
215 1559 245 1627 in
261 1585 347 1630 mora
362 1575 430 1628 esti
449 1583 540 1627 nemo
555 1574 586 1627 te
601 1575 697 1627 tenet:
720 1569 833 1641 evade,
857 1584 919 1644 qua
933 1569 1033 1629 visum
1048 1578 1107 1630 εει.

125 1653 204 1726 elige
220 1653 386 1727 quamlibet
396 1667 497 1712 rerum
508 1659 634 1712 naturae
643 1660 770 1727 partem,
789 1669 880 1727 qtram
892 1651 945 1713 tibi
958 1652 1108 1727 praebere

127 1736 242 1795 exitum
256 1737 378 1796 iubeas:
400 1736 477 1795 haec
489 1751 600 1810 nempe
611 1742 683 1795 sunt
695 1742 738 1810 [ει
748 1738 918 1810 elementa],
933 1735 1044 1811 quibus
1055 1736 1108 1796 hic

127 1819 259 1880 mundus
276 1820 517 1893 administratur,
540 1835 635 1895 aquo,
657 1826 752 1893 terra,
768 1821 909 1894 spiritus:
931 1820 1032 1879 omnia
1046 1820 1107 1880 istu

83 1906 185 1962 litam
202 1919 314 1964 causae
333 1902 458 1964 vivendi
479 1911 551 1963 sunt
565 1919 655 1978 quam
670 1903 739 1963 viae
754 1905 869 1965 mortis.
914 1903 982 1976 „Ita
995 1920 1107 1980 quum-
1187 1970 1190 1977 ,

118 1990 252 2062 primum
270 1991 420 2048 moriar“:
447 1986 723 2062 quamprimum
746 1988 829 2048 istud
850 1988 924 2063 quid
945 1988 1108 2047 essenis?
1186 2042 1189 2049 .

126 2085 217 2144 quem
237 2072 278 2130 illi
300 2071 379 2130 diem
402 2070 513 2146 ponist
543 2071 632 2131 citius
653 2072 719 2130 fieri
746 2089 837 2147 quani
862 2076 967 2145 optas,
994 2077 1106 2146 potest.

123 2152 286 2213 Inbecillae
307 2154 415 2214 mentis
436 2156 585 2216 istasunt
606 2154 699 2214 verba
714 2164 744 2215 et
757 2156 815 2215 hac
835 2154 1037 2216 detestatione
1051 2156 1106 2214 mi·

124 2236 323 2296 sericordiam
340 2238 507 2312 captantis=
528 2255 588 2298 non
605 2241 668 2299 vult
682 2240 768 2312 mori,
787 2239 837 2314 qui
853 2245 946 2314 optat.
968 2239 1046 2299 deos
1063 2241 1106 2297 vi-

123 2327 183 2379 tam
196 2328 226 2381 ει
238 2322 365 2380 salutem
375 2337 465 2396 roga:
481 2323 507 2381 si
519 2323 595 2383 mori
607 2323 729 2396 placuit,
741 2323 792 2382 hic
801 2322 907 2383 mortis
919 2329 967 2382 est
978 2323 1105 2396 fructus,

81 2412 114 2464 ιι
124 2412 231 2478 optare
246 2405 398 2464 desinere.
420 2407 513 2478 Haec,
526 2407 566 2465 mi
575 2406 679 2481 Lucili,
692 2414 865 2480 tractemus,
876 2407 924 2465 his
937 2407 1106 2467 formemus

124 2488 265 2547 animum.
293 2488 353 2549 hoc
367 2496 414 2550 est
429 2487 593 2563 sapientia,
611 2489 671 2549 hoc
685 2497 733 2550 est
748 2506 858 2565 sapere
866 2505 950 2573 „non
967 2490 1106 2564 disputa·

123 2572 265 2632 tiunculis
286 2571 427 2633 inanibus
451 2572 646 2633 subtilitatem
666 2574 864 2634 vanissimam
880 2573 1005 2648 agitare.
1050 2573 1107 2634 Τοι

123 2657 319 2730 quaestiones
347 2658 468 2717 fortuna
493 2656 547 2717 tibi
573 2657 690 2732 posuit:
721 2658 856 2718 nondum
878 2658 946 2717 illas
967 2656 1104 2718 solvisti:

120 2741 181 2798 iam
208 2741 381 2799 cavillaris?
410 2757 501 2816 quarn
523 2742 646 2801 stultum
668 2747 729 2814 est,
756 2757 825 2801 cum
846 2743 966 2815 signum
981 2756 1106 2816 pugnae

122 2823 294 2896 acceperis,
314 2825 468 2884 ventilare.
490 2841 616 2885 remove
631 2825 689 2883 istu
705 2825 820 2885 lusoria
843 2841 941 2885 erma:
964 2825 1104 2887 decreto·

121 2904 174 2962 riis
189 2921 269 2978 opus
285 2913 340 2965 est.
365 2908 423 2981 dic,
440 2925 501 2983 qua
514 2909 631 2969 ratione
642 2908 724 2968 nulla
736 2909 865 2968 animum
876 2909 1005 2982 tristitia,
1022 2911 1104 2970 nulla

122 2988 251 3047 lormido
274 2991 444 3064 perturbet,
467 3008 526 3067 qua
546 2990 663 3051 ratione
678 2992 737 3052 hoc
752 2999 937 3052 secretarum
954 2992 1102 3067 cupidita-

78 3071 193 3136 sotium
210 3073 332 3145 pondus
349 3072 512 3134 effundam.
535 3081 641 3150 agatur
652 3074 777 3150 aliquid.
799 3075 976 3151 „Sapientia
987 3077 1102 3138 bonum

122 3161 175 3224 est,
193 3171 303 3230 sapere
319 3174 379 3218 non
397 3166 445 3218 εει
457 3159 608 3218 bonum“=
632 3160 677 3219 sle
691 3160 733 3233 iit,
749 3159 802 3238 [ut]
817 3176 964 3234 negemur
979 3176 1102 3237 sapere,

120 3244 152 3296 ut
172 3236 232 3298 hoc
251 3247 346 3300 tolum
369 3243 502 3302 studium
519 3242 692 3304 derideatur
705 3252 859 3317 tamquam
874 3251 1036 3318 operatum
1051 3261 1102 3304 su·

119 3325 302 3396 pervacuis..
319 3324 406 3397 Quid,
423 3324 449 3384 si
465 3326 560 3387 scires
577 3327 667 3387 etiam
681 3327 754 3387 illud
771 3327 885 3403 quaeri,
901 3343 945 3386 an
960 3328 1102 3388 bonum

120 3403 170 3465 sit
190 3408 320 3466 lutura
341 3409 558 3482 sapientiai
580 3411 653 3485 quid
667 3409 747 3470 enim
762 3410 845 3471 dubii
862 3419 917 3486 est,
935 3427 990 3472 oro
1006 3421 1046 3487 te,
1063 3428 1101 3471 an
1190 3422 1194 3458 ι

119 3505 176 3548 nec
198 3505 331 3551 messem
359 3494 488 3554 futurem
515 3494 574 3553 iam
595 3495 725 3555 sentiant
748 3494 861 3556 horrea
884 3511 943 3556 nec
969 3497 1102 3557 laturam
