2422 3862
136 234 201 301 ³54
426 233 628 298 L.Altttntt1
652 231 827 294 SENECAE

138 403 210 450 esse
231 387 383 448 credebat,
394 394 424 447 et
444 385 631 446 crudelitatis
648 387 900 447 consuetudinem
915 387 998 460 fleri,
1019 385 1072 448 ubi
1088 405 1120 449 rn

137 474 324 550 voluptatem
343 477 428 531 esset
446 468 580 530 adducta
594 469 747 530 laceratio.
770 470 922 532 adiciebat
936 471 1120 532 contrahen-

138 555 208 616 dam
224 555 379 614 materiam
399 569 471 615 esse
491 552 638 613 luxuriae.
662 554 830 628 colligebat
844 553 946 614 bonae
959 554 1120 615 valitudini

138 638 290 700 contraria
303 653 374 698 esse
389 637 531 697 alimenta
545 636 630 696 varia
640 644 670 697 et
681 637 795 696 nostris
807 638 906 697 aliena
917 638 1118 715 corporibusx

96 725 129 780 19
137 730 167 783 at
180 722 373 801 Pythagoras
388 719 522 781 omnium
541 719 619 780 inter
635 720 738 780 omnia
756 720 970 794 cognationem
985 737 1058 782 esse
1074 723 1117 782 di-

137 807 225 867 cebat
246 813 276 866 et
296 805 464 865 animorum
482 803 696 866 commercium
717 804 746 862 in
764 805 840 864 alias
856 812 950 880 atque
965 804 1042 866 alias
1058 807 1117 866 lor·

136 906 202 950 mas
216 889 446 950 transeuntium.
475 890 571 963 nulla,
593 889 620 948 si
634 888 676 948 illi
691 889 816 962 credas,
832 887 932 949 anima
946 888 1047 950 interit
1062 905 1118 949 nec

137 980 241 1033 cessat
258 973 382 1047 quidem
398 970 457 1031 nisi
470 978 607 1047 tempore
621 972 747 1047 exiguo,
767 971 839 1032 dum
853 973 884 1031 in
904 973 987 1032 eliud
1003 988 1117 1048 corpus

138 1056 366 1118 transfunditur.
409 1055 605 1130 Videbimus,
626 1071 682 1130 per
702 1072 781 1131 quus
801 1063 973 1131 temporum
988 1057 1074 1116 vices
1089 1063 1118 1116 et

138 1140 261 1216 quaudo
279 1138 443 1214 pererratis
467 1136 603 1212 pluribus
624 1139 784 1200 domiciliis
801 1138 831 1199 in
846 1139 1001 1201 hominem
1014 1155 1116 1200 rever-

136 1231 230 1285 tatur:
252 1221 372 1284 interim
392 1222 517 1282 sceleris
535 1223 708 1283 hominibus
723 1239 759 1283 ac
777 1223 930 1298 parricidii
946 1231 1059 1285 metum
1075 1223 1088 1281 l
1105 1255 1116 1264 -

136 1307 191 1381 cit,
215 1325 284 1368 eum
306 1309 427 1382 possint
446 1305 475 1365 in
498 1307 633 1382 parentis
653 1307 783 1368 animam
803 1306 892 1368 inscii
912 1308 1069 1368 incurrere
1089 1314 1118 1367 et

136 1391 217 1453 terro
233 1406 377 1452 morsuve
391 1391 521 1462 violare,
543 1391 569 1450 si
590 1392 620 1451 in
638 1407 699 1466 quo
715 1397 864 1465 cognatus
880 1391 976 1466 aliqui
991 1392 1117 1467 spiritus

94 1477 351 1550 aohospitaretur.
394 1475 478 1534 Haec
498 1490 566 1534 cum
581 1473 780 1550 exposuisset
795 1475 902 1536 Sotion
921 1484 951 1537 et
966 1475 1115 1550 inplesse·

137 1559 322 1634 argumentis
336 1558 416 1619 suist
438 1575 517 1633 „non
534 1558 648 1631 credis,
664 1559 776 1633 inquit,
795 1560 913 1619 animas
927 1559 958 1620 in
975 1560 1035 1619 alia
1050 1575 1117 1619 cor·

138 1660 213 1718 pora
231 1652 323 1718 atque
338 1643 397 1703 alia
411 1643 544 1703 describi
559 1650 589 1703 et
603 1643 813 1717 migrationem
829 1658 917 1718 esse,
941 1644 1025 1717 quod
1040 1641 1103 1703 dici

136 1743 204 1787 ntus
225 1733 372 1787 morteml
396 1743 457 1787 non
480 1727 581 1787 credis
603 1728 631 1786 in
654 1727 703 1788 his
730 1726 901 1802 pecudibus
923 1727 1039 1787 ,ferisve
1064 1734 1118 1786 aut

136 1826 217 1885 aqua
243 1810 352 1870 mersis
378 1809 461 1871 illum
487 1811 642 1886 quondam
669 1811 800 1871 bominis
824 1812 956 1871 animum
981 1809 1119 1870 nrorarit

136 1910 197 1957 non
214 1893 314 1954 credis
329 1893 402 1953 nihil
417 1894 517 1970 perire
531 1894 560 1954 in
577 1895 636 1955 lroe
655 1895 783 1969 mundo,
805 1895 863 1954 sed
885 1901 1001 1954 mutare
1014 1893 1113 1968 regio-

136 1986 227 2038 nemt
247 1993 305 2037 nec
319 1985 433 2038 tantum
448 1979 594 2039 coelestia
608 1993 664 2053 per
677 1985 779 2039 certos
795 1979 938 2040 circuitus
952 1978 1044 2052 verti,
1060 1978 1119 2037 scd

136 2063 278 2122 animalia
293 2076 418 2137 quoque
435 2078 491 2137 per
507 2062 591 2122 vices
605 2061 651 2123 ire
665 2070 695 2123 et
717 2063 836 2124 animos
853 2077 907 2137 per
924 2063 1030 2123 orbem
1047 2061 1118 2135 agit

93 2151 127 2204 tl
134 2144 237 2218 Magni
250 2147 309 2205 ista
321 2145 514 2206 crediderunt
527 2145 599 2204 viri:
622 2147 724 2220 itaque
739 2146 884 2207 iudicium
896 2146 1022 2222 quidem
1036 2153 1118 2206 tuum

136 2228 262 2300 sustine,
278 2235 411 2289 ceterum
427 2229 528 2288 omnia
542 2229 595 2289 tibi
609 2230 639 2290 in
654 2228 771 2304 integro
788 2246 894 2290 servat
917 2230 946 2290 si
959 2246 1035 2290 vera
1047 2236 1119 2289 sunt

135 2313 202 2386 ista,
218 2312 405 2372 abstinuisse
416 2312 597 2372 animalibus
612 2313 785 2375 innocentia
796 2321 852 2376 est.
868 2313 895 2373 si
910 2314 997 2386 salsa,
1015 2315 1118 2388 lruga·

31 2459 37 2467 ,
135 2395 204 2457 litas
226 2404 282 2457 est.
314 2396 398 2471 quod
423 2394 491 2456 istic
510 2396 695 2458 credulitatis
714 2404 783 2458 tuae
805 2398 948 2458 damnum
970 2404 1038 2458 esti
1063 2396 1117 2456 ali·

93 2479 303 2542 lamentanti
317 2480 440 2540 leonum
454 2487 484 2541 et
492 2482 647 2542 vulturum
658 2481 786 2556 eripio.“
814 2481 869 2542 His
882 2497 940 2556 ego
952 2480 1118 2542 instinctus

135 2564 288 2627 abstinere
309 2563 490 2625 animalibus
513 2565 602 2639 coepi
626 2571 657 2626 et
675 2582 755 2627 anno
779 2572 901 2641 peracto
923 2581 985 2625 non
1002 2571 1119 2626 tantum

135 2649 233 2710 lacilis
247 2655 313 2710 erat
327 2648 400 2709 mihi
415 2647 616 2723 consuetudo,
632 2649 688 2709 sed
704 2649 813 2709 dulcis.
839 2647 1030 2722 agitatiorcm
1046 2648 1119 2709 mihi

135 2734 266 2794 animum
288 2749 360 2793 esse
382 2733 545 2793 credebam
560 2749 617 2793 nec
632 2733 685 2794 tibi
706 2732 798 2793 hodie
813 2733 1054 2805 adfirmaverim,
1079 2748 1118 2791 an

135 2816 238 2876 luerit:
260 2817 398 2890 quaeris,
421 2817 576 2891 quomodo
597 2817 761 2878 desierim?
791 2816 821 2876 in
842 2816 953 2877 Tiberii
976 2816 1118 2876 Caesaris

134 2897 336 2974 principatum
358 2900 500 2961 iuventae
521 2909 641 2976 tempus
666 2901 823 2963 inciderat.
856 2900 1029 2975 alienigena
1056 2907 1118 2959 tum

135 2997 225 3042 sacra
239 2981 447 3056 movebantur,
464 2985 521 3045 sed
535 2985 613 3045 inter
627 2991 805 3060 argumenta
819 2982 1049 3060 superstitionis
1063 3000 1117 3059 po-

134 3066 262 3126 nebatur
277 3068 478 3142 quorumdam
494 3069 666 3128 animalium
688 3069 879 3129 abstinentia.
911 3075 998 3143 patre
1015 3069 1119 3142 itaque

133 3164 202 3211 meo
228 3160 368 3227 rogante,
393 3152 445 3227 qui
467 3169 528 3213 nun
550 3153 729 3213 calumniam
744 3153 881 3226 timebat,
904 3152 961 3212 sed
980 3151 1118 3226 pbiloso-

133 3233 236 3309 phiam
258 3235 378 3308 oderat,
408 3236 448 3296 ad
470 3235 626 3311 pristinam
652 3237 904 3297 consuetudinem
931 3234 1025 3295 redii:
1044 3248 1119 3293 nec

134 3317 298 3381 difficulter
317 3319 404 3393 mihi,
424 3324 458 3379 ut
476 3319 643 3395 inciperem
660 3321 768 3382 melius
783 3335 930 3393 coenare,
952 3317 1119 3394 persuasit.

90 3403 271 3465 ibbaudare
286 3403 405 3465 solebat
415 3403 536 3463 Attalus
550 3401 699 3477 culcitam,
714 3420 794 3480 quae
807 3403 965 3464 resisteret
977 3401 1118 3478 corporlt

133 3489 183 3548 tali
205 3496 276 3550 utor
297 3487 386 3548 etiam
410 3501 522 3559 senex,
551 3486 581 3545 in
608 3504 669 3562 qua
694 3486 855 3563 vestigium
882 3486 1035 3563 adparere
1055 3501 1118 3548 non
