2422 3862
235 239 405 301 εειειει.
422 227 904 318 nuntiante-nator.)
1000 240 1062 307 ιιι

80 393 162 455 ιιιιιιι.
196 402 304 454 natura
324 395 404 453 enim
424 394 517 454 homo
534 395 681 454 mundum
695 402 725 454 ει
739 396 865 469 elegans
880 396 990 455 animal
1005 404 1062 456 est.

79 481 182 554 itaque
202 494 263 537 non
279 485 327 537 εει
341 477 454 538 bonum
475 493 580 552 perse
596 478 709 538 munda
725 480 833 552 vestis,
861 480 917 538 sed
932 480 1064 540 mundae

80 563 175 624 vestis
191 563 309 635 ειεειιο,
326 563 475 636 quianon
491 563 520 621 in
536 578 569 621 re
584 562 699 622 bonurn
716 571 771 634 est,
788 563 844 622 sed
860 565 890 623 in
903 564 1061 637 electione,

79 648 163 723 quali
186 647 322 707 actiones
351 652 476 707 nostrae
503 645 651 706 honestae
671 653 756 720 sunt,
782 662 844 706 uon
871 647 954 720 ipsa,
983 663 1063 722 quae

78 740 218 806 aguntur.
254 730 342 803 Quod
356 730 396 789 de
412 737 480 790 vest
481 745 498 788 e
514 729 586 801 dixi,
601 729 682 788 idem
697 745 745 788 me
761 729 863 790 dicere
879 730 917 789 de
933 745 1106 805 corpore13

78 815 331 876 existimabam
354 813 413 874 hoc
435 830 559 889 quoque
580 820 687 872 natura
710 821 741 872 ut
762 814 925 910 quamdam
947 822 1100 874 vestem

78 901 179 960 animo
207 898 415 958 circumdedit.
450 899 653 957 velamentum
678 897 745 957 ειιιε
775 904 836 956 est:
868 899 936 973 quis
962 906 1064 958 autem

77 999 224 1057 umquam
244 982 426 1042 vestimenta
447 981 617 1041 aestimavit
638 982 763 1040 arcula?
790 997 848 1041 nec
871 983 985 1044 bonum
1007 998 1064 1042 nec

77 1068 190 1127 mulum
212 1066 324 1140 vagina
344 1066 478 1139 gladium
499 1066 580 1125 lacit.
616 1065 697 1138 Ergo
721 1066 760 1124 de
786 1081 917 1140 corpore
939 1082 1064 1141 quoque

78 1151 158 1211 idern
179 1150 232 1210 tibi
254 1149 447 1224 respondem
478 1158 668 1225 sumpturum
693 1149 816 1223 quidem
837 1166 901 1225 me,
929 1151 955 1209 ει
976 1151 1065 1210 detur

78 1235 203 1306 electio,
219 1242 250 1293 ει
263 1234 421 1294 sanitatem
437 1242 468 1294 ει
482 1232 579 1306 vires,
594 1233 708 1295 bonum
723 1241 824 1293 autem
839 1236 971 1295 luturum
987 1233 1063 1294 iudi-

78 1320 159 1378 clum
177 1317 217 1378 de
231 1318 291 1377 illis
306 1334 422 1392 meum,
438 1334 499 1378 non
515 1318 593 1391 ipsa.
635 1317 710 1389 „Est
723 1318 862 1393 quidem,
878 1317 992 1393 inquit,
1013 1327 1107 1382 stt-14

78 1403 167 1477 piens
181 1401 305 1461 beatus:
321 1418 473 1461 summum
491 1409 590 1461 tamen
605 1401 681 1460 illud
695 1402 808 1461 bonum
823 1418 885 1462 non
898 1403 1063 1477 consequi-

77 1495 134 1560 tur,
149 1486 210 1545 nisi
224 1485 268 1545 illi
282 1494 313 1546 et
327 1486 476 1546 naturalia
491 1485 692 1545 instrumenta
704 1482 923 1559 respondeant.
950 1487 994 1544 lta
1009 1486 1063 1544 rni-

79 1587 130 1630 ser
147 1570 272 1645 quidem
286 1585 373 1642 esse,
389 1570 440 1643 qui
455 1569 597 1628 virtulem
611 1568 716 1642 habet,
732 1585 794 1629 non
810 1575 926 1644 potest:
950 1569 1063 1628 beatis-

77 1655 173 1714 simus
194 1661 296 1713 autem
316 1669 378 1711 non
400 1660 462 1726 est,
489 1653 542 1727 qui
562 1652 751 1712 naturalibus
773 1652 864 1713 bonis
880 1651 1063 1723 destituitur,

76 1737 304 1808 invalitudine,
326 1744 359 1796 ut
375 1736 579 1796 membrorum
594 1735 796 1809 integritate.“
829 1736 917 1809 Quod
933 1735 1106 1796 incredi-15

77 1822 169 1880 bilius
184 1821 320 1892 videtur,
343 1821 375 1879 id
390 1821 551 1894 concedis,
574 1821 706 1894 aliquem
721 1819 752 1879 in
767 1819 907 1880 maximis
923 1827 954 1880 ει
969 1822 1063 1880 εοιιιι-

77 1903 148 1963 ιιιιιε
170 1903 328 1965 doloribus
350 1921 411 1965 ιιοιι
431 1920 503 1964 εεεε
526 1905 686 1977 miserum,
713 1919 784 1964 esse
813 1904 903 1963 etiam
924 1904 1063 1964 beatum:

79 1988 166 2063 quod
179 1989 277 2048 levius
293 1995 349 2062 est,
365 2004 477 2063 negas,
492 1988 703 2048 beatissimum
718 2003 799 2048 esse.
823 1988 906 2063 atqui
922 1987 949 2046 si
964 1994 1065 2063 potest

76 2073 174 2132 virtus
193 2073 334 2146 efficere,
361 2089 399 2132 ne
415 2072 508 2132 miser
523 2070 635 2146 aliquis
657 2073 710 2144 sit,
737 2073 857 2132 facilius
879 2071 1007 2145 efficiet,
1033 2080 1065 2132 ut

77 2155 275 2217 beatissimus
292 2157 342 2216 ειι.
374 2159 475 2217 minus
492 2157 573 2217 enim
587 2156 736 2218 intervalli
752 2157 874 2217 abeato
895 2157 934 2216 ad
951 2154 1064 2217 beatis-

78 2240 188 2301 simum
209 2247 306 2301 restat
325 2258 416 2316 quarn
439 2257 457 2299 a
478 2241 591 2301 misero
614 2241 653 2300 ad
669 2241 791 2301 beatum
800 2264 809 2297 ι·
834 2257 889 2314 an,
911 2253 1063 2315 quaeres

76 2332 192 2384 tanturn
209 2324 305 2398 valet,
319 2332 353 2386 ut
366 2332 504 2399 ereptum
520 2324 740 2385 calamitatibus
756 2324 835 2386 inter
848 2325 956 2385 beatos
972 2327 1062 2399 locet,

77 2425 137 2468 non
161 2415 264 2483 potest
286 2409 422 2481 adicere,
446 2408 529 2481 quod
553 2416 710 2483 superest,
738 2417 770 2470 ut
789 2409 1000 2469 beatissimum
1019 2409 1063 2467 la-

78 2492 158 2552 ciatt
184 2493 214 2551 in
236 2508 354 2552 summo
376 2492 479 2552 deficit
499 2491 601 2553 clivo?
633 2492 799 2552 Commoda
819 2499 891 2553 sunt
910 2493 940 2551 in
957 2491 1020 2551 vita
1033 2486 1106 2552 et16

76 2575 288 2649 incommoda,
307 2583 437 2651 utraque
452 2583 538 2635 extra
553 2592 622 2636 nos.
653 2574 686 2636 Si
700 2592 761 2635 non
772 2585 827 2644 ,est
838 2577 931 2635 miser
945 2577 992 2634 vir
1010 2576 1062 2636 bo-

76 2675 152 2732 ιιιιε,
177 2660 319 2734 quamvis
338 2659 479 2721 omnibus
497 2667 648 2734 prematur
661 2658 881 2730 incommodis,
905 2659 1063 2733 quomodo

76 2759 138 2802 non
166 2751 214 2803 εει
237 2743 451 2816 beatissimus,
477 2741 505 2803 si
530 2742 683 2818 aliquibus
710 2742 879 2803 commodis
905 2743 1065 2803 deficitur?

76 2843 146 2886 nam
164 2826 424 2901 quemadmodum
445 2827 708 2888 incommodorum
722 2842 815 2887 onere
830 2843 931 2902 usque
946 2828 986 2887 ad
1010 2828 1063 2886 mi-

76 2925 179 2970 serum
201 2927 263 2970 non
287 2911 479 2986 deprimitur,
503 2910 548 2970 sic
569 2911 799 2973 commodorum
815 2910 919 2986 inopia
933 2928 994 2972 non
1011 2911 1062 2970 de·

77 2994 200 3055 ducitur
215 3011 234 3053 a
250 2993 441 3068 beatissimo,
456 2995 587 3054 sedtum
602 2995 669 3054 sine
684 2994 855 3057 commodis
867 2995 1064 3056 beatissimus

77 3087 139 3148 est,
166 3094 257 3153 quam
271 3094 333 3138 non
349 3087 397 3138 est
413 3079 471 3138 sub
487 3078 689 3138 incommodis
708 3079 815 3140 miser:
839 3086 891 3138 aut
906 3087 1008 3154 potest
1022 3077 1065 3138 illi

76 3163 153 3236 eripi
168 3163 282 3222 bonurn
300 3178 404 3235 suum,
425 3162 452 3221 si
472 3168 576 3236 potest
596 3161 698 3222 minui.
729 3162 823 3224 Paulo
839 3171 908 3223 ante
924 3164 1063 3224 dicebam
1073 3175 1105 3233 lt

75 3246 241 3319 igniculum
256 3245 329 3305 nilril
346 3247 486 3305 coulerre
506 3246 611 3306 lumini
627 3246 712 3306 solis.
750 3247 885 3306 claritate
902 3247 982 3307 enim
997 3246 1064 3305 eius

76 3331 225 3405 quicquid
248 3331 314 3389 sine
336 3330 386 3389 illo
410 3331 540 3402 luceret,
563 3329 770 3392 absconditur.
804 3328 886 3403 „Sed
902 3330 1063 3404 quaedam,

75 3413 189 3489 inquit,
217 3415 275 3474 soli
299 3427 423 3488 quoque
446 3413 598 3485 [obstant.“
627 3413 666 3473 Αι
677 3416 747 3492 sutis
760 3415 804 3472 cis
817 3419 847 3474 et
857 3417 924 3484 lux]
946 3413 1065 3485 integra

75 3505 123 3557 est
145 3500 236 3558 etlam
257 3499 336 3558 inter
357 3497 501 3571 obposita
521 3505 566 3571 et,
587 3495 859 3587 quamvis‘aliquid
875 3496 1062 3567 interluceat,
