2422 3862
242 207 413 268 EPISTUL.
427 206 522 292 ΜΘΗ.
543 207 615 269 LIB.
630 208 710 269 XVI.
732 207 789 268 ΕΡ.
804 217 831 271 3.
853 215 925 286 (98)
1014 209 1079 275 319

94 361 184 422 Cato:
207 374 237 419 et
251 375 310 419 nos
324 359 484 420 vincamus
498 357 624 434 aliquid.
655 360 774 422 Rursus
788 359 857 436 ista,
872 378 953 438 quae
963 369 997 423 ut
1006 379 1077 439 spo·
1087 371 1122 429 1³

94 446 181 505 ciosa
203 451 233 504 et
253 443 352 503 felicia
373 443 496 504 trahunt
516 445 655 519 volgum,
681 460 700 504 a
720 443 822 505 multis
842 453 872 506 et
892 461 988 521 saepe
1007 461 1079 507 con·

93 535 210 604 tempta
224 533 308 587 sunt:
335 525 493 588 Fabricius
510 526 631 588 divitias
648 529 813 603 imperator
827 529 945 601 reiecit,
968 545 1080 592 censor

94 612 221 672 notavit.
264 611 385 670 Tubero
408 617 617 685 paupertatem
639 619 725 673 etse
746 610 869 686 dignam
886 620 916 673 et
930 612 1080 688 capitolio

93 695 255 767 iudicavit,
280 709 348 753 cum
370 693 513 755 fictilibus
534 696 564 755 in
587 695 709 769 publica
728 710 826 756 coena
846 712 922 756 usus
938 698 1079 772 ostendit,

96 780 211 839 debere
225 777 264 839 iis
279 777 433 838 hominem
446 793 518 839 esse
533 785 716 851 contentum,
733 780 846 855 quibus
861 780 892 839 di
908 780 1094 844 etiamnunc.

94 870 262 923 uterentur.
290 861 427 922 honores
442 863 576 938 reppulit
595 869 682 938 pater
697 861 836 938 Sextius,
858 863 910 939 qui
925 863 965 923 ita
979 873 1079 940 natus,

94 955 130 1007 ut
150 945 367 1021 rempublicam
391 945 517 1005 deberet
536 961 719 1022 capessere,
746 947 840 1007 latum
863 949 982 1007 clavum
1007 949 1080 1009 divo

93 1032 172 1091 lulio
199 1030 290 1089 dante
316 1045 378 1089 non
402 1028 529 1104 recepit.
563 1027 757 1105 intellegebat
782 1031 878 1104 enim,
904 1033 990 1104 quod
1014 1031 1081 1093 dari

96 1122 213 1192 posset,
230 1120 259 1173 et
270 1112 348 1188 eripi
360 1128 470 1188 posse:
486 1129 543 1173 nos
556 1129 681 1189 quoque
692 1112 808 1188 aliquid
819 1120 849 1173 et
859 1113 920 1188 ipsi
932 1115 1080 1177 iaciamus

97 1199 251 1259 animose:
274 1197 370 1257 simus
386 1197 464 1255 inter
479 1198 629 1273 exempla.
667 1197 768 1272 Quare
783 1196 966 1258 deficimust
988 1214 1082 1275 quare
1089 1205 1124 1260 14

97 1282 322 1357 desperamus?
355 1280 503 1355 quicquid
528 1280 595 1340 fieri
619 1282 731 1357 potuit,
758 1287 876 1356 potest:
908 1298 966 1342 nos
987 1284 1081 1344 nrodo

98 1381 264 1440 purgemus
285 1365 419 1426 animum
439 1380 669 1441 sequamurque
691 1374 843 1439 naturam,
871 1381 889 1425 a
911 1382 972 1440 qua
995 1367 1081 1426 aber-

96 1449 175 1509 ranti
190 1447 376 1524 cupiendum
388 1446 619 1524 timendumque
631 1456 679 1511 est
690 1456 719 1509 et
730 1448 861 1509 fortuitis
875 1450 1080 1509 serviendum.

96 1532 182 1592 Licet
195 1531 307 1592 reverti
322 1532 351 1591 in
369 1532 464 1605 viam,
487 1533 556 1593 licet
577 1533 607 1592 in
622 1533 771 1607 integrum
786 1532 919 1592 restitui:
940 1532 1080 1592 restitua-

97 1612 179 1689 mur,
204 1610 240 1677 ut‘
265 1616 423 1691 possimus
448 1617 588 1689 dolores,
624 1631 820 1691 quocumque
845 1614 938 1674 modo
967 1631 1081 1691 corpus

97 1700 272 1771 invaserint,
288 1702 424 1775 perterre
440 1707 471 1760 et
485 1703 624 1761 fortunae
639 1699 757 1759 dicere:
777 1715 867 1773 „cum
882 1698 948 1758 viro
963 1699 1015 1760 tibi
1028 1715 1081 1759 ne-

98 1785 213 1859 gotium
229 1790 292 1844 est:
316 1799 440 1859 quaere,
456 1800 546 1858 quem
564 1783 702 1843 vincas.“
714 1780 778 1820 ***

162 1864 226 1904 ***
241 1867 295 1927 His
321 1868 515 1928 sermonibus
540 1876 570 1928 et
593 1867 641 1928 his
665 1867 815 1927 similibus
837 1866 948 1926 lenitur
968 1865 1122 1928 illavis15

97 1948 226 2023 ulceris,
247 1968 337 2026 quam
360 1960 433 2028 opto
448 1952 640 2012 mehercules
656 1949 784 2025 mitigari
803 1956 833 2009 et
847 1956 899 2011 aut
913 1947 1016 2009 sanari
1030 1956 1082 2009 aut
1173 1968 1176 1973 ·

99 2044 181 2096 stare
202 2042 231 2094 et
252 2051 319 2097 cum
341 2037 410 2112 ipso
433 2051 607 2096 senescere.
641 2036 697 2096 sed
719 2050 847 2095 securus
869 2032 982 2106 deitlo
998 2049 1080 2094 sum:

99 2120 144 2178 de
173 2127 309 2180 nostro
337 2121 473 2182 damno
495 2120 639 2195 agitur,
667 2119 809 2194 quibus
830 2134 952 2178 senex
973 2133 1080 2192 egre·

98 2203 185 2278 gius
211 2203 387 2279 cripitur.
421 2221 490 2265 nanr
514 2204 582 2281 ipsc
606 2204 687 2264 vitae
712 2204 823 2279 plenus
844 2209 905 2276 est,
932 2202 981 2262 cui
1003 2200 1082 2262 adici

97 2287 171 2347 nihil
192 2287 347 2347 desiderat
367 2305 425 2348 sua
445 2305 554 2362 causa,
576 2288 632 2348 sed
655 2304 775 2361 eorum,
801 2282 913 2364 quibus
929 2286 1009 2346 utilis
1025 2291 1081 2345 est.

96 2370 275 2431 Liberaliter
301 2371 385 2442 lacit,
417 2372 500 2447 quod
530 2371 614 2432 vivit.
652 2373 729 2432 alius
758 2373 819 2432 iam
843 2371 901 2431 hos
928 2369 1081 2429 cruciatus
1091 2370 1124 2425 16

97 2453 233 2513 finisset:
261 2453 311 2511 bic
336 2461 397 2512 tarn
421 2461 511 2530 turpe
536 2462 622 2529 putat
647 2463 773 2515 mortem
799 2457 905 2529 lugere
930 2450 1082 2526 quemad

98 2543 227 2595 mortem
249 2536 425 2609 confugere.
469 2537 569 2610 „Quid
589 2545 684 2611 ergo?
711 2553 787 2608 non,
809 2538 836 2596 si
859 2533 1001 2595 suadebit
1021 2549 1082 2607 res,

99 2619 240 2679 exibit‘t“
265 2617 394 2692 ,Quidni
414 2625 519 2692 exeat,
541 2619 569 2678 si
590 2635 680 2680 nemo
696 2621 758 2678 ianr
772 2619 816 2679 uti
836 2634 874 2678 eo
894 2617 1029 2692 poterim
1055 2617 1082 2675 si

98 2701 173 2763 nihil
199 2702 282 2764 aliud
305 2718 394 2776 quarn
417 2703 516 2764 dolori
537 2717 662 2779 operam
685 2701 790 2762 dabitt
830 2700 911 2762 Hoc
937 2708 1011 2774 est,
1035 2698 1124 2762 utili

97 2787 240 2861 Lucili,
256 2786 598 2862 plrilosophiamin
620 2801 739 2862 opere
755 2785 913 2845 discere
932 2784 1016 2844 etad
1031 2798 1082 2843 ve·

98 2887 165 2931 rum
181 2871 334 2932 exerceri:
355 2872 507 2946 videre,
524 2871 615 2946 quid
637 2869 750 2930 homo
772 2869 945 2945 prudens
969 2867 1083 2928 animi

99 2953 242 3015 habeat
266 2962 402 3016 contra
429 2963 604 3031 mortem,
632 2961 767 3015 contra
794 2953 984 3025 dolorem,
1014 2967 1084 3012 eum

99 3039 150 3098 illa
171 3039 312 3114 accedat,
335 3039 384 3098 hic
403 3047 531 3115 premat.
561 3039 635 3114 quid
650 3038 822 3099 laciendum
841 3037 894 3112 sit,
917 3037 1083 3096 ataciente

99 3123 280 3183 discendum
296 3130 352 3183 est.
395 3124 507 3184 Adhuc
521 3121 708 3199 argumentis
724 3130 823 3182 actum
839 3127 901 3197 est,
923 3136 961 3180 an
974 3126 1084 3194 posset
1093 3129 1127 3184 18

99 3206 210 3281 aliquis
227 3207 326 3268 dolori
339 3208 500 3280 resistere,
524 3223 563 3266 an
578 3222 661 3267 mors
677 3222 806 3281 magnos
824 3219 950 3281 quoque
964 3203 1083 3264 animos

100 3290 223 3350 admota
245 3291 432 3351 submittere.
461 3289 535 3367 quid
557 3307 636 3366 opus
659 3297 707 3351 est
721 3289 847 3351 verbist
868 3289 899 3348 in
913 3303 978 3347 rem
993 3301 1085 3362 prae-

101 3380 217 3432 sentem
239 3390 361 3436 eamus:
384 3390 443 3435 nec
463 3391 546 3435 mors
561 3375 645 3435 illurn
660 3382 766 3435 contra
782 3373 921 3433 dolorem
936 3371 1008 3429 tacit
1022 3371 1084 3429 lor·

100 3454 206 3516 liorem
227 3473 287 3519 nec
307 3459 397 3520 dolor
418 3465 525 3520 contra
544 3466 688 3520 mortem:
718 3463 825 3519 contra
845 3462 1009 3528 utrumque
1024 3449 1083 3511 sibi
