2422 3862
150 238 212 302 460
451 244 481 297 t..
493 241 664 300 ANNAEUS
680 241 821 300 SENECA

150 397 221 452 lecto
232 394 326 466 ligneo
339 411 375 450 an
386 395 415 448 in
425 411 510 450 aureo
523 397 659 450 colloces=
675 411 850 467 quocumque
862 396 936 450 illum
948 399 1136 469 transtuleris,

150 480 276 534 morbum
292 495 372 558 suum
389 495 484 534 secum
498 480 660 534 transieretr
677 478 717 533 sic
733 478 802 534 nihil
819 480 917 548 refert,
934 486 1025 535 utrum
1044 498 1135 554 aeger

150 563 259 618 animus
278 563 306 617 in
331 562 433 620 divitiis
454 578 490 617 an
511 563 539 617 in
559 566 723 636 paupertate
745 562 793 618 sit:
825 563 927 618 malum
950 579 1031 619 suum
1055 564 1134 620 illum

151 647 285 717 sequitur.

83 731 142 795 tat
212 728 258 785 Ad
276 729 454 784 securitatem
472 743 528 783 non
549 734 591 782 est
613 745 684 800 opus
702 729 821 785 fortuna.
845 728 920 801 quod
939 731 1013 786 enim
1031 747 1133 788 neces-

150 813 222 869 sitati
242 817 284 868 sat
303 817 360 880 est,
383 810 473 880 dabit,
494 811 558 866 licet
572 811 649 866 irata.

82 898 142 967 18ss
210 895 252 951 Ne
266 895 417 966 imparatos
434 910 485 949 nos
502 895 611 950 fortuna
626 893 836 967 deprehendat,
857 895 905 950 fiat
915 896 995 952 nobis
1007 913 1134 969 pauper-

148 986 192 1035 tas
206 978 357 1034 familiaris.
388 975 520 1034 Securius
535 976 636 1034 divites
649 978 766 1047 erimus,
784 979 807 1033 si
819 980 955 1050 sciemus,
978 996 1063 1051 quam
1075 997 1134 1036 non

150 1062 185 1117 sit
201 1078 289 1134 grave
303 1077 444 1132 pauperes
463 1078 537 1117 esse.
973 1120 977 1124 ,

66 1149 144 1215 18,Ιῖ
212 1145 306 1216 Incipe
322 1161 385 1200 cum
399 1150 564 1217 paupertate
581 1143 686 1200 haltere
702 1146 921 1200 contubernium.

234 1228 312 1284 Aede
324 1229 423 1301 ltospea
437 1234 609 1285 contemnere
622 1243 699 1300 opes,
717 1234 744 1285 et
754 1234 778 1285 te
792 1245 897 1302 quoquc
910 1230 1019 1302 dquam

234 1312 320 1384 Finpe
333 1313 392 1369 dco.

149 1394 238 1450 Nemo
256 1396 326 1450 alius
346 1394 448 1467 dignus
465 1395 519 1450 deo
535 1400 590 1466 est,
613 1396 666 1451 nisi
682 1395 729 1467 qui
743 1411 813 1466 opes
828 1397 1000 1468 contempsit.
1038 1396 1134 1464 Quare

149 1479 346 1550 possessiones
368 1480 414 1535 tibi
434 1495 491 1534 non
505 1478 654 1545 interdico,
679 1479 732 1534 sed
745 1478 857 1535 efficere
872 1481 953 1550 volo,
969 1485 999 1535 ut
1012 1481 1075 1536 illas
1090 1483 1133 1536 in-

149 1563 258 1635 trepide
277 1562 435 1635 possideas.
460 1563 536 1634 quod
556 1579 611 1617 uno
634 1563 815 1632 consequeris
838 1563 937 1633 modo,
959 1563 982 1618 si
1002 1570 1029 1619 te
1049 1567 1133 1621 etiam

150 1647 210 1701 sine
232 1647 285 1702 illis
307 1648 379 1702 bene
401 1647 537 1704 victurum
558 1646 732 1718 speraveris,
758 1652 785 1700 et
800 1645 823 1700 si
838 1647 898 1701 illas
916 1652 1057 1718 tamquam
1073 1650 1133 1704 exi-

149 1736 225 1785 turas
247 1730 421 1801 adspexeris.

81 1818 142 1883 20st
212 1812 345 1868 Discedat
356 1814 480 1884 quisquis
492 1829 547 1868 non
562 1819 596 1880 te,
609 1813 661 1868 sed
673 1812 749 1867 aliud
760 1814 825 1868 inte
838 1816 1015 1884 sequebatur.
1029 1817 1064 1870 ob
1076 1815 1132 1872 hoc

149 1912 235 1951 unum
252 1901 295 1951 est
309 1896 430 1953 amanda
445 1902 613 1968 paupertas,
630 1897 706 1967 quod
721 1897 848 1967 aquibus
861 1898 978 1968 ameris,
997 1900 1130 1955 ostendit.

64 1985 143 2049 idid
212 1980 327 2035 Multum
339 1987 395 2049 est,
410 1997 466 2036 non
478 1981 617 2052 corrumpi
629 1979 786 2038 divitiarum
797 1982 986 2037 contubernio.
1009 1982 1132 2055 Magnus

148 2064 193 2119 ille
210 2070 264 2133 est,
287 2062 334 2135 qui
349 2065 377 2118 in
392 2064 494 2121 divitiis
508 2079 617 2136 pauper
632 2070 683 2118 est.

65 2152 142 2214 20,13
211 2146 299 2202 Nemo
321 2148 442 2203 nascitur
463 2147 552 2204 dives.
586 2145 715 2218 Quisquis
737 2146 792 2202 exit
812 2148 840 2201 in
852 2149 956 2217 lucem,
979 2149 1073 2204 iussus
1089 2157 1133 2206 est
1164 2218 1167 2223 ι

148 2246 222 2301 panc
246 2235 273 2284 et
294 2231 364 2285 laete
387 2248 450 2286 esse
471 2235 634 2286 contentus:
664 2233 698 2286 ab
720 2229 764 2285 his
785 2231 869 2286 initiis
891 2248 979 2304 regna
998 2249 1050 2288 nos
1074 2251 1131 2290 non

151 2314 273 2386 capiunt.

80 2401 143 2470 aad
210 2398 315 2453 Panem
332 2402 358 2452 et
374 2413 475 2468 aquam
491 2401 589 2452 natura
605 2395 756 2452 desiderat.
784 2413 867 2454 nemo
883 2397 1005 2455 adhaec
1020 2416 1132 2472 pauper

149 2488 200 2537 est.
223 2482 294 2538 intra
308 2497 380 2552 quae
395 2481 418 2536 si
434 2481 495 2551 quis
511 2479 683 2536 desiderium
698 2497 780 2535 suum
795 2482 888 2552 clusit,
907 2499 968 2537 eum
984 2483 1046 2555 ipso
1062 2486 1131 2543 Iove

149 2565 185 2623 de
200 2566 329 2623 felicitate
344 2564 503 2621 contendat.

80 2651 140 2720 36,l
210 2650 267 2705 Res
286 2650 409 2721 inquieta
429 2649 544 2704 felicitas
566 2654 622 2718 est,
648 2648 710 2719 ipsa
730 2665 761 2703 se
778 2650 911 2720 exagitat,
935 2656 1030 2708 movet
1051 2669 1131 2707 cere-

146 2735 226 2787 brum
242 2750 298 2788 non
313 2735 341 2787 in
357 2749 413 2788 uno
429 2748 548 2803 genere:
572 2734 642 2788 alios
659 2733 687 2785 in
705 2733 806 2788 cultum
821 2734 924 2802 irritat,
949 2734 1019 2790 alios
1036 2737 1064 2790 in
1078 2754 1130 2808 po·

147 2816 277 2885 tentiam,
299 2818 368 2872 alios
386 2815 477 2885 inflat,
497 2817 566 2871 alios
580 2816 676 2871 mollit.

79 2901 141 2968 80,6
210 2897 240 2955 Si
261 2900 306 2955 vis
329 2901 415 2969 scire,
439 2915 522 2971 quam
537 2899 604 2954 nihil
620 2899 685 2955 mali
700 2900 734 2954 sit
748 2901 776 2955 in
790 2906 968 2972 paupertate,
996 2918 1130 2973 compara

147 2983 218 3037 inter
236 2999 267 3036 se
280 2983 388 3038 vultum
401 2984 534 3055 pauperis
550 2990 577 3039 et
591 2984 698 3040 divitisz
722 2984 835 3055 saepius
849 3001 958 3056 pauper
974 2990 1002 3040 et
1016 2985 1129 3041 fidelius

147 3066 235 3120 ridet:
265 3068 339 3122 nulla
361 3067 545 3122 sollicitudine
568 3068 735 3137 concutitur,
757 3069 786 3122 in
806 3069 861 3124 alto
884 3075 935 3124 est.
963 3085 1031 3124 cura
1051 3072 1129 3126 velut

147 3151 236 3204 nubes
250 3150 320 3206 levis
334 3152 443 3206 transit:
460 3150 577 3222 horum,
594 3153 641 3223 qui
653 3151 747 3208 felices
759 3157 911 3220 vocantur,
927 3152 1052 3209 hilaritas
1063 3153 1129 3208 ficta

148 3239 205 3289 est:
227 3231 292 3288 huic
307 3235 403 3306 gravis
426 3241 453 3290 ct
469 3251 601 3307 suprema
616 3236 761 3307 superbia,
786 3236 850 3292 licet
873 3253 930 3292 non
949 3239 1056 3309 palam,
1080 3239 1127 3291 tri·

147 3318 219 3373 stitia
236 3324 290 3384 est,
314 3336 348 3374 eo
366 3318 479 3389 quidem
493 3320 619 3391 gravior,
639 3320 714 3391 quod
729 3320 869 3375 interdum
882 3337 939 3376 non
955 3323 1020 3377 licet
1033 3323 1127 3393 palam

147 3420 211 3458 esse
232 3403 364 3473 miseros,
387 3401 440 3458 sed
461 3404 532 3458 inter
555 3421 700 3460 aerumnas
723 3421 771 3459 cor
792 3405 883 3477 ipsum
906 3406 1060 3462 exedentes
1077 3422 1126 3460 ne-

133 3503 218 3545 cesse
239 3493 284 3545 est
298 3505 389 3563 agere
404 3489 526 3547 felicem.
