2422 3862
216 226 387 288 EPlSTUL.
402 225 498 289 Mon.
519 227 591 288 LlB.
605 227 654 287 IX.
675 228 733 288 ΕΡ.
749 239 771 289 t.
783 237 810 290 2.
824 236 882 304 (72.
894 236 953 301 73.)
1018 230 1079 296 173

100 381 249 458 gratiores
264 387 352 441 sunta
367 395 425 440 aec
439 378 589 440 inmerito.
620 380 711 442 nullis
734 381 814 440 enirn
832 382 901 456 plus
925 390 1081 457 praestant

100 482 190 542 qaam
204 465 320 542 qulbus
340 464 399 525 lrui
421 463 584 540 tranquillo
599 463 662 526 otio
679 464 758 524 licet.
788 465 894 541 ltaque
908 465 944 538 li,
967 466 1106 542 quibusa

97 551 222 611 nattam
248 549 288 610 ad
314 547 508 625 propostam
532 549 612 609 bene
636 548 760 609 vivendi
780 551 901 611 confert
930 551 1079 612 securitas

97 635 238 711 publica,
265 648 397 694 necesse
418 640 467 694 est
487 640 643 695 auctorem
664 634 755 695 buius
776 634 850 696 boni
870 640 903 693 ut
923 643 1081 709 parentem

97 720 217 793 colant,
232 719 328 779 multo
345 718 469 793 quidem
479 718 578 792 magis
590 734 682 794 quam
693 718 734 778 illi
750 718 876 795 inquieti
888 725 918 779 et
934 722 962 779 in
979 720 1079 781 medio

96 802 206 879 positi,
229 803 284 878 qai
298 801 393 865 multa
406 802 599 878 principibus
616 802 742 873 debent,
765 804 821 864 sed
838 804 932 865 multa
948 812 980 866 et
994 805 1080 881 inpu-

41 882 43 889 '
96 895 174 961 tant,
198 887 313 963 quibus
334 903 501 961 numquam
515 894 575 947 tam
591 887 683 963 plene
696 902 859 949 occurrere
873 889 935 951 ulla
950 890 1080 949 liberali·
1141 954 1143 959 ,

96 979 143 1033 tas
165 978 286 1048 potest,
309 977 342 1031 ut
362 970 546 1047 cupiditates
573 971 709 1044 illorum,
733 988 812 1047 quae
827 982 984 1047 crescunt,
1008 975 1080 1034 dum

96 1057 265 1133 inplentur,
287 1055 426 1117 exsatiet.
463 1056 604 1131 quisquis
624 1065 725 1118 autern
745 1057 785 1117 de
799 1058 982 1134 accipiendo
998 1057 1080 1135 cogi-

96 1148 152 1216 tat,
174 1138 289 1202 oblitus
310 1141 430 1217 accepti
451 1147 509 1202 est.
544 1155 601 1201 nec
622 1143 715 1202 ullum
730 1140 946 1203 habetmalum
962 1144 1079 1220 cupidi·

97 1232 141 1286 tas
163 1224 280 1298 maius,
305 1240 397 1300 quam
419 1225 503 1301 quod
523 1227 642 1300 ingrata
663 1233 719 1286 est.
755 1226 853 1287 Adice
875 1244 973 1303 nnnc,
995 1227 1107 1304 quode

95 1325 187 1372 nemo
205 1325 329 1384 eoram,
357 1310 410 1385 qui
431 1311 461 1370 ln
488 1309 648 1386 republica
669 1319 847 1383 versantur,
870 1321 946 1388 quot
968 1312 1080 1387 vincat,

95 1395 150 1455 aed
172 1394 321 1470 aquibus
336 1395 490 1468 vincatur,
512 1394 654 1470 adspicit.
691 1403 720 1456 et
740 1395 799 1456 illis
822 1412 883 1457 non
898 1405 958 1458 tarn
973 1395 1080 1459 iucun-

95 1479 167 1541 dum
183 1487 234 1540 est
246 1480 359 1541 multos
375 1487 448 1555 post
462 1496 498 1541 se
513 1479 619 1540 uidere
634 1496 725 1555 qnam
736 1495 845 1556 grave,
862 1482 995 1556 aliquem
1010 1492 1081 1543 ante

94 1579 139 1626 se.
171 1563 267 1625 habet
285 1562 344 1624 hoc
366 1564 470 1626 vitium
493 1564 592 1626 omnis
611 1563 750 1625 ambitios
772 1580 834 1625 non
855 1565 993 1640 respicit.
1022 1581 1080 1626 nec

94 1647 222 1711 ambitio
248 1656 363 1709 tanturn
392 1648 543 1710 instabilis
569 1655 631 1721 est,
657 1664 765 1708 verum
792 1649 947 1723 cupiditas
969 1649 1079 1724 onmis,

95 1735 169 1810 quia
183 1731 293 1808 incipit
307 1748 430 1808 semper
446 1750 464 1793 a
478 1734 550 1794 fine.
579 1735 621 1793 At
634 1732 684 1793 ille
698 1731 746 1793 vir
762 1731 903 1794 sincerus
920 1749 956 1794 ac
973 1736 1109 1808 purast

94 1820 148 1895 qai
172 1817 297 1892 reliquit
321 1825 352 1878 et
376 1819 490 1879 curiam
519 1824 550 1878 et
571 1818 670 1878 lorum
692 1825 722 1878 et
743 1833 864 1877 onmem
886 1818 1080 1879 administra-

92 1905 208 1966 tionem
224 1902 427 1978 reipublicac,
444 1911 476 1963 ut
491 1903 531 1963 ad
545 1900 696 1977 ampliora
713 1902 883 1972 secederet,
901 1902 999 1978 diligit
1013 1918 1078 1979 eos,

93 2004 150 2064 per
165 2003 247 2062 quos
263 1987 324 2048 lmc
338 1988 367 2048 ei
383 1989 485 2048 lacere
500 1993 563 2048 tuto
580 1987 651 2048 licet
671 1987 819 2061 solerque
839 1986 898 2047 illis
916 1988 1079 2062 gratuitum

93 2073 301 2135 testimonium
320 2072 422 2133 reddit
442 2080 473 2133 et
493 2088 634 2147 aragnnm
658 2087 722 2131 ram
743 2070 953 2134 nescientibus
977 2073 1077 2135 debet.

94 2157 353 2233 quemadmodum
370 2164 591 2233 praeceptores
612 2173 688 2218 suos
705 2165 868 2218 veneratur
882 2173 919 2217 ac
937 2158 1077 2234 suspicit,

94 2258 227 2319 quorum
247 2242 399 2303 beneflcio
422 2241 482 2302 illis
503 2243 594 2302 inviis
609 2243 698 2316 exiit,
723 2240 768 2301 sic
784 2250 813 2303 et
828 2243 901 2315 hos,
924 2244 983 2304 sub
1002 2261 1077 2320 quo·

93 2344 159 2389 rum
181 2327 276 2388 tutela
300 2329 419 2402 positus
441 2332 565 2387 exercet
585 2335 668 2388 artes
692 2328 801 2388 bonas.
837 2328 971 2401 „Verum
999 2329 1106 2390 aliast

94 2427 220 2489 quoquc
232 2426 289 2471 rex
301 2410 419 2472 viribus
431 2411 496 2473 suis
509 2412 671 2487 protegite
687 2409 762 2487 Quis
775 2412 888 2487 negat
903 2413 960 2472 scd
973 2428 1077 2487 quem-

94 2496 261 2557 admodum
281 2496 424 2571 Ncptuno
448 2497 518 2571 plus
545 2495 658 2556 debere
685 2512 721 2556 se
741 2495 856 2557 iudicat
876 2511 916 2556 ex
935 2495 998 2569 his,
1026 2496 1079 2571 qui

94 2582 203 2641 eadem
219 2581 433 2656 tranquillitate
448 2582 497 2643 usi
513 2588 599 2655 sunt,
616 2581 668 2656 qui
685 2582 772 2658 plura
787 2589 817 2642 et
830 2581 1012 2656 pretiosiora
1027 2581 1078 2641 illo

93 2665 168 2726 mari
184 2666 282 2738 vexit,
304 2664 474 2726 animosius
494 2681 513 2724 a
533 2672 702 2727 mercatore
725 2681 816 2741 quam
838 2673 996 2726 avectore
1016 2667 1078 2726 sol-

94 2753 173 2812 vitur
199 2759 320 2823 votum,
348 2758 380 2812 et
405 2765 445 2810 ex
472 2750 550 2827 ipsis
572 2751 793 2813 mercatoribus
816 2748 947 2811 effusius
969 2757 1076 2826 gratus

92 2843 155 2909 est,
187 2834 239 2910 qui
255 2836 369 2897 odores
385 2851 422 2895 ac
444 2851 599 2912 purpuras
615 2842 644 2896 et
661 2852 737 2897 auro
758 2835 919 2911 pensanda
938 2837 1079 2911 portabat

93 2937 186 2996 quam
204 2920 255 2994 qui
272 2920 418 2981 vilissima
435 2936 577 2996 quaeqae
599 2930 629 2981 et
642 2921 792 2984 saburrae
806 2922 876 2982 loco
889 2923 989 2983 futura
1004 2938 1077 2982 con-

92 3011 248 3080 gesserat:
270 3005 316 3065 sic
330 3004 422 3067 huius
437 3005 525 3081 pacis
545 3007 728 3067 beneficium
743 3007 782 3066 ad
797 3022 905 3068 omnes
921 3007 1074 3083 pertinen·

92 3091 131 3151 tis
153 3089 245 3150 altius
266 3090 304 3149 ad
327 3105 383 3150 eos
406 3087 562 3166 pervenit,
588 3090 642 3166 qui
656 3092 707 3151 illa
720 3091 800 3151 bene
815 3100 950 3155 utuntur.
991 3092 1105 3154 multia

92 3176 174 3235 enim
191 3181 264 3234 sunt
277 3190 317 3235 ex
332 3173 380 3235 his
392 3176 520 3250 togatis,
536 3174 647 3249 quibus
663 3192 725 3251 pax
741 3178 904 3252 operosior
916 3177 997 3239 bello
1013 3185 1076 3238 esta

92 3275 130 3319 an
148 3257 231 3320 idem
246 3257 404 3321 existimas
419 3275 476 3334 pro
493 3274 571 3335 pace
585 3260 699 3321 debere
714 3277 786 3334 eos,
813 3260 866 3338 qui
881 3261 962 3322 illam
977 3261 1075 3324 ebric-

92 3428 373 3504 rumpendasuntt
407 3429 467 3490 nisi
491 3429 569 3491 torte
590 3437 650 3490 tam
670 3430 808 3507 iniquum
832 3438 921 3506 putas
937 3434 1008 3492 esse
1025 3448 1073 3492 sa-

91 3513 242 3587 pientem,
266 3522 298 3575 at
315 3515 391 3576 nibil
407 3514 517 3577 viritim
532 3531 569 3578 se
584 3515 703 3580 debere
724 3532 784 3596 pro
800 3515 1089 3581 communicastis·
