2422 3862
174 251 240 316 Μ
330 270 335 281 ’
469 250 503 310 L.
524 248 672 309 ANNAEI
691 246 868 309 SENECAE

177 419 313 482 conpara
325 403 481 462 inmenso:
502 399 633 473 videbis,
649 415 740 475 quam
751 397 894 474 exiguum
907 397 961 472 sit,¹
973 398 1059 474 quod
1070 409 1161 476 opta·

132 493 169 548 11
177 505 255 562 mus,
271 487 355 563 quod
370 483 572 545 extendimus.
599 482 647 542 Ex
660 482 720 543 hoc
735 489 881 557 quantum
891 481 1043 555 lacrimae,
1060 500 1160 559 qnan-

175 581 238 634 lum
257 568 479 631 sollicitudines
501 571 674 641 occupante
701 572 846 639 quantum
868 580 967 636 mors,
993 566 1161 642 antequam

176 653 288 728 veniat,
303 656 429 727 optatui
451 653 596 726 quantum
613 649 765 721 valitudo,
781 655 927 722 quantum
939 648 1044 724 timor,
1062 667 1160 724 quan-

175 746 237 799 tum
255 742 359 797 tenent
372 740 424 795 aut
441 733 535 794 rudes
556 740 609 794 aut
621 732 744 792 inutiles
758 731 850 815 annii
871 731 1029 791 dimidium
1045 747 1086 794 ex
1099 733 1161 794 hoc

176 820 352 881 edormitur.
380 815 469 877 adice
488 816 627 888 labores,
649 817 762 889 luctus,
777 812 928 889 pericula:
949 822 980 875 et
999 814 1159 892 intelleges

134 911 169 966 12
177 905 266 964 ctiam
281 903 312 962 in
326 899 506 976 longissima
517 899 579 960 vita
589 899 744 959 minimum
756 912 837 972 esse,
853 896 939 973 quod
949 897 1069 960 vivitur.
1095 898 1160 961 Sed

177 987 265 1062 quis
284 983 355 1044 tibi
376 983 561 1044 concedit
584 998 655 1043 non
676 980 814 1042 melius
833 996 874 1041 se
895 980 1039 1042 habere
1060 999 1158 1057 eum,

177 1068 236 1139 cui
255 1068 332 1128 cito
346 1067 496 1127 reverti
511 1066 619 1139 licet,
635 1066 684 1149 cui
699 1073 768 1125 ante
780 1064 991 1125 lassitudinem
1002 1073 1159 1142 peractum

176 1159 223 1212 est
242 1152 320 1212 iteri
346 1151 409 1210 vita
427 1165 485 1211 nec
504 1151 619 1211 bonum
639 1164 696 1209 nec
716 1149 828 1208 malum
848 1157 910 1210 est:
936 1149 1010 1209 boni
1031 1165 1067 1210 ac
1087 1150 1158 1209 mali

175 1237 263 1295 locus
287 1241 343 1294 est
374 1230 417 1293 ita
438 1233 512 1292 nihil
534 1233 585 1293 ille
610 1232 743 1308 perdidit
763 1230 822 1292 nisi
843 1232 940 1292 aleam
961 1233 991 1291 in
1014 1233 1158 1312 damnum

177 1318 353 1379 certiorem:
381 1315 479 1391 potuit
499 1316 631 1376 evadere
650 1316 809 1377 modestus
831 1325 861 1378 et
881 1316 1034 1391 prudens,
1060 1315 1159 1393 potuit

178 1402 237 1463 sub
252 1416 326 1462 cura
340 1407 393 1460 tua
406 1399 438 1458 in
453 1399 580 1459 meliora
593 1399 732 1459 formam
755 1401 827 1473 sed,
847 1401 932 1474 quod
946 1400 1056 1461 iustius
1071 1401 1157 1461 time·

136 1487 239 1560 ldlur,
261 1484 358 1560 potuit
378 1482 444 1543 lieri
460 1481 598 1558 pluribus
618 1480 737 1547 similis.
780 1483 919 1559 Adspice
934 1483 1003 1544 illos
1017 1484 1158 1560 iuvenes,

177 1584 257 1645 quos
272 1583 310 1628 ex
325 1565 524 1628 nobilissimis
540 1566 681 1627 domibus
702 1567 732 1625 in
748 1581 872 1628 arenam
886 1568 1005 1628 luxuria
1018 1567 1157 1642 proiecit.

177 1652 306 1727 adspice
325 1651 412 1725 illos,
441 1648 494 1726 qui
518 1665 605 1711 suam
626 1651 817 1725 alienamque
838 1650 989 1710 libidinem
1010 1654 1159 1710 exercent

176 1743 282 1797 mutuo
296 1734 448 1811 inpudici,
464 1749 594 1809 quornm
610 1733 710 1793 nullus
725 1732 792 1793 sine
805 1733 958 1806 ebrietate,
971 1734 1071 1810 nullus
1088 1734 1158 1794 sine

178 1818 280 1895 aliquo
297 1818 408 1893 insigni
423 1816 539 1893 flagitio
553 1817 621 1878 dies
636 1816 713 1876 exit=
738 1816 806 1890 plus
821 1816 919 1877 timeri
935 1831 1025 1891 quam
1037 1812 1158 1893 sperari

177 1904 317 1978 potuisse
335 1902 530 1962 manifestum
551 1901 615 1961 erit.
658 1899 725 1960 Non
748 1899 844 1959 debes
859 1900 962 1975 itaque
976 1914 1087 1960 causas
1103 1900 1157 1961 do-

176 1987 251 2046 loris
272 2001 434 2046 accersere
455 2000 513 2044 nec
535 1985 614 2045 levia
635 1983 829 2043 incommoda
847 1982 1035 2058 indignando
1054 1999 1157 2044 cumu-

136 2071 249 2129 lllare.
292 2069 359 2129 Non
374 2067 493 2140 hortor,
514 2075 548 2129 ut
560 2066 666 2128 nitaris
682 2074 712 2127 ct
725 2081 846 2142 surgas.
874 2072 1010 2127 nontam
1025 2069 1103 2126 male
1119 2066 1158 2127 de

177 2158 206 2211 te
221 2151 339 2226 iudico,
359 2157 391 2211 ut
411 2151 463 2211 libi
480 2150 631 2212 adversus
648 2150 708 2212 hoc
723 2157 817 2212 lolam
833 2155 936 2225 putem
950 2149 1089 2211 virtutem
1104 2150 1157 2210 ad·

176 2235 359 2295 vocandam.
388 2240 512 2295 nonest
529 2236 618 2295 dolor
632 2235 705 2308 iste,
727 2233 784 2294 scd
798 2249 935 2294 morsus=
957 2235 1087 2295 millum
1103 2234 1158 2295 do-

177 2318 273 2379 lorem
288 2318 374 2378 lacis.
419 2316 492 2378 Sine
507 2317 601 2378 dubio
615 2320 741 2378 multum
757 2316 953 2400 philosophia
967 2319 1113 2392 proiecit,
1132 2317 1158 2377 si

176 2416 305 2476 puerum
331 2399 440 2461 nutrici
460 2401 561 2462 adhuc
583 2417 673 2476 quam
698 2401 776 2475 patri
797 2401 945 2461 notiorem
966 2398 1067 2462 animo
1089 2402 1158 2462 lorti

135 2496 169 2550 15
177 2486 346 2547 desideras.
380 2483 480 2560 Quidt
500 2501 581 2548 nunc
595 2501 653 2560 ego
668 2485 809 2545 duritiam
824 2484 942 2545 suadeo
958 2493 988 2545 et
1005 2485 1035 2544 in
1051 2487 1157 2545 funere

176 2568 247 2645 ipso
261 2567 361 2643 rigere
376 2569 490 2630 voltum
506 2571 578 2630 volo
600 2577 630 2629 el
649 2569 809 2630 animum
830 2583 869 2628 ne
890 2566 1070 2628 contrahi
1092 2567 1157 2644 qui-

177 2653 247 2713 dem
261 2653 412 2728 patiore
437 2652 570 2713 Minime.
606 2651 813 2712 Inhumanitas
831 2658 878 2712 est
891 2651 959 2727 isla,
973 2668 1035 2712 uon
1052 2653 1157 2726 virtus,

177 2736 284 2795 lunera
305 2753 431 2796 suorum
453 2737 551 2796 isdem
571 2736 683 2809 oculis,
713 2735 825 2810 quibus
847 2737 948 2810 ipsos,
974 2735 1079 2795 videre
1101 2751 1158 2794 nec

177 2817 364 2877 commoveri
378 2818 417 2877 acl
432 2823 559 2892 primam
574 2818 764 2880 familiarium
782 2818 994 2880 divulsionem.
1016 2825 1091 2894 puta
1105 2835 1158 2879 an-

177 2908 237 2960 tem
258 2915 306 2959 me
321 2906 440 2980 vetare:
463 2905 613 2976 quaedam
632 2909 703 2964 sunt
720 2902 768 2963 sui
789 2902 872 2963 iuris.
902 2903 1048 2963 excidunt
1067 2901 1158 2963 etiarn

135 2983 375 3049 1oretinenlibus
396 2984 537 3046 lacrimae
560 2995 589 3048 el
608 2984 740 3048 animum
763 2987 908 3061 profusae
924 2987 1034 3046 levant.
1080 2985 1158 3059 Quid

177 3082 251 3141 ergo
267 3072 336 3127 estt
354 3069 562 3143 permittamus
574 3072 632 3132 illis
645 3071 764 3144 cadere,
777 3087 839 3130 non
852 3071 1052 3146 imperemus:
1074 3069 1159 3143 ilual,

178 3158 324 3225 quantum
339 3153 478 3214 adlectus
493 3153 631 3227 eiecerit,
651 3165 715 3215 nou¹
730 3161 875 3230 quantum
898 3161 1006 3228 poscet
1020 3153 1157 3214 imitatio.

176 3230 1159 3299 nihilvcromoeroriadiciamusnecillumadalienum

177 3323 343 3393 augeamus
358 3320 541 3396 exemplum.
563 3324 632 3396 plus
649 3324 809 3384 ostentatio
825 3322 941 3383 doloris
955 3322 1048 3396 exigit
1065 3339 1160 3397 quam

176 3403 282 3464 dolor=
311 3404 558 3480 quotusquisque
578 3403 637 3465 sibi
658 3402 753 3466 tristis
775 3413 842 3468 estt
861 3407 988 3478 clariuS,
1014 3421 1083 3465 cum
1104 3423 1159 3468 au·

176 3486 307 3562 dicutur,
321 3495 446 3563 gemunt
457 3495 487 3549 et
498 3489 579 3551 taciti
594 3488 751 3565 quietique
769 3490 841 3552 dum
856 3497 1006 3552 secretum
1016 3498 1072 3564 est,
1089 3505 1160 3550 cum
