2422 3862
217 240 391 304 EPISTUL.
406 241 500 333 11011.
521 244 660 304 LIB.v1.
682 245 739 306 ΕΡ.
750 254 812 309 aa.
832 253 955 322 (1111.)
1014 249 1075 313 115

96 395 156 455 vidi
171 396 203 455 in
223 395 327 454 media
341 393 505 456 solitudine
520 397 678 471 occupatis
694 396 819 458 similes.
842 415 937 473 quare
952 416 1011 460 non
1029 410 1077 463 est

98 479 181 555 quod
207 479 368 539 existimes
392 479 463 540 ideo
489 496 596 555 parum
620 481 699 540 1111
724 483 917 557 conpositum
943 499 1014 543 esse
1036 494 1075 559 te,

98 563 181 638 quod
196 563 227 622 in
244 563 410 636 campania
424 579 484 623 non
500 580 545 624 es.
573 581 668 639 quare
683 574 783 625 autem
801 582 862 627 non
879 575 936 626 est
949 567 1008 628 huc
1024 587 1076 629 us-

98 663 155 721 quc
173 647 378 722 cogitationes
393 657 461 707 tuas
477 647 568 707 mitte.
593 647 831 709 Conversari
847 665 925 711 cum
941 652 1106 713 amiclss

98 730 331 792 absentibus
349 731 455 804 licet,
478 738 508 790 et
525 733 648 806 quidem
665 731 807 807 quotiens
824 736 913 806 velis,
931 737 1077 810 quamdiu

97 813 183 875 velis.
215 814 315 890 magis
335 815 393 875 bac
414 817 585 890 voluptate,
607 833 687 891 quae
708 818 839 895 maxima
855 827 916 890 est,
941 820 1076 895 fruimur,

98 899 168 959 dum
194 899 354 960 absumus.
386 901 562 974 praesentia
584 902 664 959 enim
687 917 745 962 nos
766 902 914 963 delicatos
936 904 1021 977 lacit,
1047 912 1079 965 11

98 983 171 1058 quia
184 983 353 1058 aliquando
368 1000 429 1043 uua
448 982 617 1057 loquimur,
641 984 846 1058 ambulamus,
870 987 1076 1062 consedimus,

99 1083 166 1127 turn
182 1061 300 1127 diducti
316 1078 437 1139 sumus,
453 1067 526 1126 nibil
542 1069 581 1126 de
593 1069 645 1142 iis,
662 1085 741 1143 quos
757 1071 849 1131 modo
864 1072 1009 1145 vidimus,
1026 1089 1077 1134 co-

96 1151 239 1226 gitamus.
268 1158 298 1211 11
315 1151 385 1212 ideo
407 1167 507 1225 aequo
522 1151 622 1210 animo
639 1153 717 1212 lerre
735 1154 883 1214 debemus
898 1155 1076 1231 absentiam,
1087 1160 1119 1212 10

97 1236 170 1310 quia
189 1250 281 1295 nemo
304 1251 366 1295 non
392 1235 515 1295 multum
536 1237 623 1296 etiam
640 1237 854 1311 praesentibus
871 1239 973 1299 abest=
995 1256 1077 1315 pone

96 1319 145 1379 hic
162 1320 295 1395 primum
309 1328 416 1380 noctes
438 1328 613 1394 separatas,
636 1320 748 1382 deinde
766 1322 986 1397 occupationes
1004 1325 1075 1384 utri·

97 1418 158 1479 que
177 1404 336 1477 diversas,
363 1403 475 1463 deinde
501 1405 602 1463 studia
627 1414 761 1479 secreta,
789 1406 983 1466 suburbanas
1005 1425 1075 1482 pro·

96 1487 264 1548 lectiones:
282 1487 400 1547 videbis
415 1504 478 1548 non
493 1488 618 1547 multum
633 1503 720 1560 esse,
736 1491 819 1564 quod
834 1489 924 1551 nobis
941 1493 1075 1566 peregri·

96 1572 179 1632 natio
196 1572 315 1646 eripiat.
344 1566 471 1632 Amicus
486 1572 586 1632 animo
605 1573 813 1646 possidendus
829 1580 891 1633 est:
910 1573 959 1633 hic
976 1582 1116 1635 autemll

95 1672 266 1730 numquam
287 1656 384 1716 abest.
414 1671 638 1730 quemcumque
656 1659 734 1729 vult,
760 1657 871 1717 cotidie
891 1657 983 1716 videt.
1017 1659 1074 1717 lta-

97 1755 159 1815 que
174 1754 295 1800 mecum
310 1740 414 1814 stude,
430 1755 548 1799 mecum
564 1754 677 1811 coena,
693 1757 811 1800 mecum
825 1739 962 1799 ambula:
977 1741 1007 1800 in
1023 1758 1075 1800 an·

95 1830 187 1899 gusto
210 1824 405 1895 vivebamus,
428 1824 454 1882 si
475 1822 639 1898 quicquam
661 1832 746 1883 esset
763 1823 996 1898 cogitationibus
1013 1826 1074 1884 clu-

95 1924 175 1968 sum.
190 1908 291 1968 Video
306 1916 350 1983 te,
364 1906 403 1966 mi
414 1907 520 1967 Lucili.
539 1923 607 1966 cum
619 1906 750 1966 maxime
764 1908 865 1967 audio.
884 1907 962 1969 adeo
975 1916 1076 1969 tecum

95 2009 181 2066 sum,
197 1998 232 2050 ut
245 1991 394 2066 dubitem,
409 2009 447 2051 an
464 1991 607 2066 incipiam
621 2006 683 2050 non
699 1989 861 2066 epistulas,
879 1992 936 2051 sed
952 1993 1074 2054 codicil-

95 2079 143 2139 los
159 2075 213 2136 tibi
229 2077 373 2136 scribere.
395 2076 483 2135 Vale.

398 2211 614 2269 EPISTULA
636 2212 681 2266 lV.
704 2214 775 2281 (56.)

351 2308 461 2360 Sanaos
479 2309 590 2360 Lucruro
610 2320 662 2358 suo
682 2320 821 2364 saturnu.

156 2407 297 2479 Peream,
322 2408 348 2466 si
369 2415 417 2466 est
438 2415 495 2467 tam
519 2407 727 2467 necessarium
744 2425 834 2482 quam
847 2410 968 2470 videtur
983 2411 1101 2471 silon-1

95 2493 170 2552 tium
196 2490 226 2549 in
253 2489 355 2551 studia
379 2489 531 2566 seposito!
566 2506 639 2550 ecce
663 2491 837 2568 undique
862 2510 916 2553 me
941 2495 1074 2554 varius

96 2577 243 2636 clamor
273 2574 546 2635 circumsonat.
588 2591 707 2650 supra
738 2576 863 2651 ipsum
894 2578 1072 2637 balneum

95 2659 242 2719 habito.
270 2674 411 2734 propone
431 2674 512 2719 nunc
532 2659 584 2718 tibi
600 2660 701 2718 omnia
716 2675 829 2733 genera
845 2676 970 2732 vocum,
994 2677 1074 2736 quae

96 2744 125 2802 in
149 2741 253 2804 odium
275 2751 406 2818 possunt
426 2758 517 2803 aures
540 2743 708 2803 adducere:
733 2760 800 2804 cum
822 2746 963 2805 tortiores
986 2761 1073 2805 exer·

96 2835 205 2887 centur
219 2834 250 2886 et
262 2842 370 2888 manus
384 2826 506 2902 plumbo
519 2842 629 2901 graves
643 2824 768 2901 iactant,
786 2845 855 2888 cum
869 2838 922 2889 aut
935 2830 1075 2890 laborant

95 2917 150 2972 111
163 2911 350 2972 laborantem
363 2912 529 2984 imitantur,
547 2912 676 2985 gemitus
692 2913 799 2985 audio,
816 2913 958 2988 quotiens
973 2922 1073 2974 reten-

94 3002 160 3056 tum
174 2995 314 3070 spiritum
327 2993 524 3068 remiserunt,
541 2995 649 3055 sibilos
664 3002 695 3055 11
709 2996 925 3058 acerbissimas
940 2998 1072 3072 respira-

95 3080 212 3140 tiones:
237 3094 305 3139 cum
327 3079 355 3138 in
378 3079 510 3154 aliquem
531 3080 655 3140 inertem
673 3088 703 3140 et
723 3079 782 3140 111
795 3081 915 3157 plebeia
929 3084 1073 3142 unctione

96 3171 273 3224 contentum
288 3162 394 3237 incidi,
411 3161 503 3223 audio
519 3165 666 3238 crepitum
681 3163 788 3224 inlisae
804 3182 911 3225 manus
927 3164 1072 3238 humeris,

96 3263 179 3323 quae
193 3254 287 3323 prout
300 3248 391 3322 plana
405 3247 544 3323 pervenit
558 3255 610 3308 aut
624 3263 775 3323 concava,
792 3249 832 3309 ita
845 3266 955 3310 sonum
967 3257 1071 3309 mutat.

95 3333 220 3392 sivero
244 3329 408 3407 pilicrepus
430 3331 608 3406 supervenit
630 3339 660 3391 et
681 3349 841 3393 numerare
863 3334 964 3408 coepit
983 3333 1070 3407 pilas,

93 3422 198 3477 actum
214 3422 271 3475 est
291 3415 388 3476 Adice
403 3430 484 3475 nunc
498 3415 672 3476 scordalum
688 3425 719 3478 11
734 3418 832 3480 lurem
847 3416 1110 3495 deprebensumu

92 3507 124 3558 et
142 3495 242 3569 illum,
265 3498 316 3556 cur·
329 3515 391 3560 rex
408 3516 467 3560 sua
483 3497 515 3561 in
533 3500 646 3566 balneo
672 3504 788 3586 placet.
818 3504 913 3567 adice
925 3515 1015 3564 nunc
1028 3513 1104 3567 eos,

906 3591 948 3652 ,a
