2422 3862
249 231 418 292 EPISTUL.
434 230 529 293 MOR.
551 231 624 292 LIB.
637 231 715 293 XIX.
729 232 788 293 ΕΡ.
803 243 829 296 5.
845 242 934 309 (114.)
1018 232 1081 298 877

103 384 204 457 tortis,
226 384 319 444 virilis
341 391 401 444 est:
431 384 457 444 si
477 382 529 444 illc
544 382 715 459 procubuit,
738 391 768 444 et
784 393 885 447 cetera
899 383 1016 446 ruinam
1033 403 1081 462 se·

104 476 247 543 quantur..

266 552 348 626 Reae
360 554 501 613 incolumi
511 568 593 613 mens
609 553 741 612 omnibus
755 569 816 612 cna
830 562 889 613 cst:
936 608 937 611 ,
1088 560 1124 614 23

185 637 523 710 amissorupercfidcm.

100 719 168 778 Rex
190 727 294 778 noster
316 725 363 778 est
383 719 519 777 animus=
546 718 606 778 hoc
627 719 769 778 incolumi
792 725 893 779 cetera
913 727 1036 780 manent
1050 718 1080 780 in

102 801 220 875 olfrcio,
238 810 360 876 parent,
382 801 607 876 obtemperant=
631 800 763 861 camille
780 803 903 876 paulum
920 803 1079 878 vacillavit,

101 885 189 945 simul
204 886 351 945 dubitant.
382 900 451 945 cum
469 901 542 945 vero
558 885 652 947 cessit
674 885 836 960 voluptati,
857 893 938 946 artes
955 902 1080 962 quoque

100 969 168 1028 eius
189 978 338 1044 actusque
359 976 495 1029 marcent
514 976 544 1029 et
565 968 664 1029 omnis
684 985 724 1028 ex
739 970 884 1044 languido
899 969 1079 1045 fluvidoque

100 1058 229 1112 conatus
245 1060 302 1112 est.
338 1052 486 1126 Quoniam
501 1052 559 1112 bac
575 1052 770 1112 similitudine
786 1070 862 1114 usus
879 1070 955 1127 sum,
975 1065 1120 1127 perse-24

99 1136 228 1196 vorabo:
259 1135 378 1196 animus
394 1143 499 1196 noster
519 1137 611 1196 modo
632 1151 688 1195 rex
708 1143 769 1208 est,
795 1137 887 1196 modo
913 1144 1078 1215 tyrannusz

98 1235 162 1290 rex,
179 1236 247 1280 cum
263 1221 392 1280 honesta
406 1221 545 1290 intuetur,
562 1221 689 1280 salutem
702 1220 857 1281 commissi
869 1220 926 1280 sibi
939 1221 1078 1296 corporis

100 1311 185 1363 curat
200 1311 230 1363 et
244 1303 285 1364 illi
301 1304 374 1363 nihil
389 1304 519 1378 imperat
534 1311 638 1378 turpe,
655 1302 728 1363 nibil
745 1304 913 1364 sordidum.
936 1305 987 1364 ubi
1005 1321 1077 1366 vero

97 1392 251 1462 inpotens,
269 1387 411 1462 cupidus,
428 1387 575 1447 delicatas
590 1394 646 1458 est,
663 1387 769 1447 transit
780 1388 810 1446 in
821 1403 931 1448 namen
947 1388 1077 1448 detesta-

97 1472 157 1531 bile
179 1488 215 1531 ac
230 1471 329 1531 dirum
343 1479 372 1531 et
385 1471 420 1531 tlt
439 1479 604 1549 tyrannus:
634 1477 705 1530 tunc
726 1471 808 1532 illum
823 1470 980 1545 excipiunt
993 1472 1077 1531 adle-

98 1563 164 1614 ctus
178 1557 363 1630 inpotentes.
393 1563 423 1615 et
437 1555 558 1628 instant,
580 1553 633 1630 qui
647 1553 731 1614 initio
747 1555 871 1629 quidem
887 1555 1029 1629 gaudent,
1045 1564 1078 1615 ut

98 1641 177 1699 solet
194 1641 328 1715 populus
345 1640 504 1714 largitione
523 1639 660 1699 nocitura
676 1639 787 1698 trustra
808 1639 931 1712 plenus,
954 1645 1077 1713 atquae

97 1740 158 1782 non
185 1731 288 1798 potest
311 1724 449 1795 haurire,
479 1731 679 1784 contrectans.
724 1723 796 1781 Cum
822 1737 894 1783 vero
917 1722 1014 1796 magis
1040 1737 1119 1790 acas

97 1808 196 1880 magis
221 1808 303 1867 vires
330 1808 455 1868 morbus
480 1807 583 1867 exedit
615 1813 644 1867 et
665 1806 694 1864 in
727 1806 876 1866 medullas
902 1822 1077 1880 nervosque

97 1890 288 1950 descendere
309 1891 451 1962 deliciae,
478 1896 649 1964 conspectu
664 1905 784 1962 eorum,
808 1890 919 1964 quibus
935 1904 969 1949 se
985 1888 1077 1949 nimia

97 1973 239 2032 aviditate
256 1975 390 2034 inutilem
404 1975 551 2048 reddidit,
573 1977 685 2046 laetus,
709 1989 763 2049 pro
785 1975 851 2056 'suis
869 1972 1076 2047 voluptatibus

95 2056 188 2117 babet
211 2057 377 2118 alienarum
399 2060 625 2134 spectaculum,
654 2056 899 2119 subministrator
920 2056 1076 2116 libidinum

96 2141 260 2216 testisque,
286 2159 415 2217 quarum
431 2160 521 2203 usum
538 2141 596 2202 sibi
612 2143 779 2216 ingerendo
795 2142 927 2201 abstulit.
958 2155 1014 2199 nec
1034 2141 1076 2199 illi

95 2231 156 2283 tam
171 2234 287 2299 gratum
304 2235 352 2287 est
367 2227 523 2288 abundare
538 2227 694 2300 iucundis,
711 2242 803 2302 quam
817 2226 975 2296 acerbum,
993 2224 1077 2300 quod

95 2325 157 2368 non
169 2325 288 2368 omnem
300 2311 384 2369 illum
397 2311 576 2385 adparatum
589 2311 757 2386 pergulam
770 2317 966 2385 ventremque
978 2314 1075 2369 trans-

96 2390 197 2463 mittit,
227 2394 310 2466 quod
337 2409 398 2453 non
424 2396 596 2454 cumomni
621 2397 810 2455 exoletorum
836 2394 1076 2466 feminarumque

96 2474 183 2532 turba
204 2477 431 2549 convolutatur,
457 2485 650 2552 maeretque,
677 2479 760 2551 quod
783 2493 893 2550 magna
907 2491 979 2551 pars
1000 2489 1076 2533 suae

96 2557 247 2617 felicitatis
273 2559 401 2619 exclusa
426 2561 566 2632 corporis
591 2559 740 2632 angustiis
766 2567 878 2619 cessat.
921 2557 1117 2632 Numquiduo

96 2642 188 2712 enim,
202 2641 242 2700 mi
256 2641 360 2714 Lucili,
377 2643 406 2701 in
422 2642 481 2703 hoc
496 2644 578 2702 luror
590 2658 651 2701 non
664 2650 719 2713 est,
738 2643 823 2717 quod
834 2657 922 2701 nemo
936 2646 1075 2700 nostrum

94 2727 251 2784 mortalem
268 2741 302 2785 se
322 2727 452 2801 cogitat?
480 2726 565 2801 quod
586 2740 675 2786 nemo
697 2724 892 2785 inbecillum?
920 2726 1010 2785 immo
1033 2726 1074 2798 [in

94 2811 157 2882 illo]
176 2811 259 2885 quod
275 2826 364 2873 nemo
382 2817 520 2871 nostrum
535 2825 630 2870 unum
645 2824 716 2870 esso
736 2825 771 2869 sc
787 2809 921 2883 cogitata
947 2809 1074 2884 adspice

95 2895 212 2953 culinas
239 2903 360 2956 nostras
381 2903 410 2956 ct
431 2895 643 2956 concursantis
664 2893 742 2954 inter
764 2900 809 2954 tot
828 2893 914 2968 ignes
938 2909 1073 2968 coquos=

94 2995 187 3038 unum
203 2980 299 3040 videri
315 2988 405 3054 putas
420 2988 567 3052 ventrem,
583 2978 631 3038 cui
646 2986 728 3039 tanto
746 2978 874 3039 tumultu
889 2985 1074 3052 conparatur

94 3063 203 3122 cibust
223 3065 351 3139 adspice
366 3064 516 3124 veteraria
530 3071 636 3124 nostra
657 3071 687 3123 et
702 3062 793 3137 plena
807 3062 968 3123 multorum
985 3077 1073 3122 secu·

92 3148 191 3206 lorum
207 3149 368 3208 vindemiis
382 3148 507 3208 horrea:
527 3164 621 3208 unum
638 3153 728 3222 putas
742 3147 840 3206 videri
855 3154 1006 3218 ventrem,
1025 3145 1074 3205 cui

93 3237 138 3289 tot
152 3235 312 3292 consulum
326 3233 547 3307 regionumque
560 3232 630 3291 vina
641 3232 824 3292 cluduntur?
846 3231 982 3305 adspice,
999 3237 1075 3304 quot

93 3312 170 3372 locis
185 3323 319 3377 vertatur
334 3325 423 3390 terra,
444 3324 518 3391 quot
532 3314 614 3375 milia
631 3317 811 3377 colonorum
825 3321 924 3388 arent,
942 3314 1073 3373 lodiantt

93 3413 186 3455 unum
202 3399 297 3458 videri
312 3408 401 3474 putas
418 3406 567 3474 ventrem,
590 3401 638 3460 cui
658 3408 688 3460 et
709 3400 739 3458 in
755 3397 859 3458 Sicilia
875 3405 905 3457 et
924 3398 957 3456 in
971 3396 1081 3454 Attica

92 3477 225 3539 seritur?
259 3481 331 3542 Sani
345 3484 459 3546 erimus
474 3492 505 3546 ct
519 3483 645 3548 modica
660 3483 943 3559 concupiscemus,
953 3472 1147 3534 §canus-m
