2422 3862
170 224 233 290 nto
454 224 488 285 n.
508 223 656 284 xuuxm
675 222 868 284 sennenn
938 289 945 309 x

165 375 236 452 quis
254 374 329 437 nolit
343 391 380 435 an
397 343 523 435 nesciat.
557 375 663 435 deerat
676 371 736 434 illis
752 372 879 448 iustitia,
896 374 1001 435 deerat
1018 377 1153 450 pruden-

163 461 213 534 tia,
229 461 335 520 deerat
349 459 549 533 temperantia
563 473 600 517 ac
613 458 769 520 fortitudo.
804 459 947 520 omnibus
966 459 1015 519 bis
1035 460 1156 523 virtuti-

162 545 221 606 bus
236 544 369 605 habebat
383 543 492 604 similia
506 541 660 616 quaedam
679 542 766 603 rudis
789 542 864 602 vita:
888 543 985 604 virtus
1000 560 1063 605 non
1079 562 1154 606 con·

162 629 250 703 tingit
263 629 364 689 animo
380 626 438 687 nisi
454 627 590 688 instituto
612 635 642 688 et
662 627 774 688 edocto
797 634 827 686 et
845 627 886 687 ad
902 643 1055 689 summum
1070 631 1155 691 adsi-

163 714 225 772 dua
239 712 455 772 exercitatione
468 712 625 787 perducto.
659 709 773 772 adhoc
788 712 919 786 quidem,
937 712 994 772 sed
1009 713 1079 773 sine
1093 714 1155 777 hoc

162 797 318 856 nascimur
330 802 361 855 et
373 796 402 855 in
420 795 543 871 optimis
564 810 705 871 quoque,
727 802 891 870 antequam
905 796 1044 871 erudias,
1060 799 1157 859 virtu-

162 882 201 941 tis
216 880 351 952 materia,
371 895 434 940 non
448 881 544 940 virtus
560 886 617 939 est.
661 879 748 939 Vale.

466 1013 686 1072 EPISTULA
707 1016 752 1072 Ill.
776 1017 848 1086 (91.)

425 1109 537 1160 Seurcx
551 1111 663 1160 Lucrero
681 1120 734 1160 suo
754 1121 895 1164 sacurem,

135 1235 173 1287 1'
223 1215 582 1275 Liberalisnoster·
608 1230 707 1275 nunc
730 1214 863 1274 tristis
890 1222 950 1274 est
971 1216 1153 1276 nuntiato

161 1297 1153 1374 incendio,quoLugdunensiscoloniaexustaest.

161 1398 286 1446 movere
299 1383 349 1444 hie
364 1399 456 1444 casus
473 1383 639 1458 quemlibet
653 1391 776 1458 posset,
799 1383 911 1444 nedum
928 1382 1082 1443 bominem
1099 1400 1153 1458 pa·

131 1463 133 1468 ’
160 1469 236 1528 triae
254 1483 329 1527 suae
342 1465 592 1527 amantissimum.
636 1483 715 1542 quae
735 1483 787 1527 res
804 1467 912 1541 elficit,
935 1474 966 1526 ut
980 1466 1154 1527 firmitatem

161 1553 251 1612 animi
266 1553 315 1612 sui
330 1559 465 1626 quaerat,
482 1567 573 1626 quam
589 1550 732 1612 videlicet
747 1553 787 1611 ad
802 1567 846 1624 eo,
869 1566 948 1625 quae
961 1551 1060 1610 timeri
1076 1567 1153 1626 pos-

161 1652 196 1696 se
208 1637 348 1711 pulabat‚
370 1637 521 1695 exercuit:
548 1635 608 1695 hoc
622 1650 695 1695 vero
714 1644 776 1696 tam
789 1635 974 1710 inopinatum
991 1635 1105 1693 malum
1122 1643 1156 1697 et

161 1735 261 1794 paene
274 1719 444 1780 inauditum
465 1735 527 1779 non
548 1720 640 1779 miror
655 1718 682 1779 si
697 1721 764 1779 sine
780 1718 947 1789 meminit,
978 1733 1048 1778 cum
1064 1729 1154 1780 esset

161 1805 228 1863 sine
253 1805 406 1878 exemplo.
447 1804 556 1864 multas
578 1803 658 1862 enim
674 1803 811 1863 civitates
827 1803 998 1862 incendium
1016 1806 1152 1877 vexavit,

160 1889 273 1947 nullam
288 1887 420 1948 abstulit.
454 1904 524 1948 nam
536 1888 626 1948 etiam
641 1887 692 1947 ubi
707 1886 808 1948 hostili
824 1903 915 1946 manu
930 1887 958 1945 in
974 1895 1055 1947 tecta
1070 1889 1152 1962 ignis

160 1969 306 2032 inmissus
322 1980 378 2044 est,
396 1973 496 2032 multis
513 1973 589 2032 loeis
605 1970 724 2043 deiecit,
742 1979 772 2031 et
787 1971 927 2046 quamvis
947 1970 1082 2031 subinde
1097 1987 1150 2030 ex·

161 2055 283 2128 citetur,
309 2071 379 2114 raro
398 2063 497 2114 tamen
520 2058 566 2114 sic
586 2063 696 2114 cuncta
710 2055 903 2128 depascitur,
929 2064 962 2115 ut
977 2055 1050 2114 nihil
1066 2057 1150 2115 ferro

160 2137 320 2213 relinquat.
359 2146 507 2198 terrarum
529 2154 654 2214 quoque
676 2139 725 2197 vix
746 2155 888 2213 umquam
912 2147 973 2198 tam
994 2138 1099 2214 gravis
1121 2149 1152 2201 et

160 2219 353 2291 perniciosus
368 2221 424 2282 luit
437 2229 555 2295 motus,
581 2231 613 2283 ul
633 2229 696 2283 tota
716 2221 834 2297 oppida
855 2231 1017 2283 everteret.
1062 2240 1150 2282 num-

161 2319 251 2376 quam
267 2303 399 2379 denique
417 2312 475 2365 tam
491 2304 634 2367 infestum
648 2306 705 2365 ulii·
716 2306 831 2383 exarsit
844 2305 1036 2382 incendium,
1051 2315 1086 2367 ut
1102 2307 1147 2367 ni·

131 2384 200 2445 nhil
223 2387 306 2447 alteri
332 2397 512 2463 superesset
534 2390 687 2450 incendio.
730 2389 786 2450 Tot
810 2389 1017 2464 pulcherrima
1043 2407 1150 2466 opera,

160 2486 240 2544 quae
257 2472 377 2546 singula
391 2473 553 2536 inlustrare
567 2474 662 2534 urbes
679 2474 815 2547 singulas
831 2484 976 2549 possent,
1004 2492 1065 2535 una
1086 2492 1150 2535 nox

159 2556 281 2629 stravit,
309 2557 388 2616 etin
408 2565 492 2619 tantu
508 2574 584 2634 pace
600 2564 746 2633 quantum
760 2572 799 2616 ne
814 2557 895 2617 bello
912 2559 1035 2633 quidem
1051 2561 1151 2619 timeri

159 2645 271 2710 potest,
288 2640 406 2701 accidit.
440 2644 508 2717 quis
524 2642 583 2702 hoc
600 2643 725 2701 credat?
750 2641 865 2715 ubique
879 2643 972 2702 armis
986 2644 1150 2718 quiescen-

159 2719 255 2792 tibus,
278 2738 347 2782 cum
367 2731 431 2785 toto
447 2727 522 2786 orbe
537 2734 686 2786 terrarum
700 2723 812 2784 diffusa
828 2727 977 2786 securitas
995 2727 1049 2801 sit,
1070 2729 1150 2802 Lug·

161 2801 284 2876 dunum,
301 2807 382 2879 quod
399 2810 617 2870 ostendebatur
630 2811 660 2870 in
677 2809 781 2881 Gallia,
798 2810 962 2883 quaeritur.
1000 2810 1150 2871 Omnibus

162 2882 290 2956 fortuna,
306 2905 386 2962 quos
405 2891 526 2964 publice
542 2892 670 2965 adflixit,
689 2894 773 2967 quod
788 2893 911 2968 passuri
927 2902 1022 2966 erant,
1042 2895 1151 2953 timere

162 2965 306 3059 permisit.
330 2974 413 3032 nulla
424 2992 474 3035 res
487 2993 597 3052 magna
612 2994 674 3037 non
689 2976 816 3050 aliquod
831 2975 938 3036 babuit
951 2978 1060 3037 ruinae
1072 2993 1151 3037 suae

161 3052 307 3117 8Ριιιιιιιιιι
332 3054 362 3113 in
378 3056 435 3118 hac
449 3076 510 3120 una
525 3077 587 3120 nox
610 3060 744 3121 interluit
762 3060 840 3120 inter
856 3060 964 3120 urbem
984 3061 1151 3119 maximam

161 3133 191 3184 et
207 3132 327 3194 nullam.
367 3140 499 3218 denique
519 3143 633 3204 diutius
650 3145 730 3204 illam
746 3143 798 3203 tibi
814 3144 934 3219 perisse
950 3159 1043 3218 quam
1060 3143 1152 3218 periit

130 3213 261 3272 enarro.
302 3219 385 3282 Haeo
415 3227 516 3286 omnia
537 3227 686 3287 Liberalis
711 3225 807 3287 nostri
827 3227 981 3286 adiectum
1001 3228 1152 3288 inclinant

159 3291 309 3360 adversus
325 3320 382 3364 sua
396 3309 515 3370 iirmum
529 3318 560 3370 et
574 3317 718 3372 erectum.
749 3325 806 3370 nec
821 3309 889 3370 sine
904 3327 1000 3372 eausa
1016 3328 1150 3373 concus-

159 3387 301 3472 susestz
337 3387 611 3468 inexspectata
643 3396 729 3470 plus
756 3394 982 3469 adgravant.
1026 3397 1150 3457 novitas

157 3457 249 3520 adicit
264 3467 485 3537 calamitatibus
499 3479 622 3552 pondus
638 3494 695 3540 nec
717 3477 881 3555 quisquam
896 3480 1070 3541 mortalium
1087 3497 1148 3541 non
