2422 3862
128 274 170 338 68
412 272 444 330 L.
466 271 613 331 ANNAEI
635 269 811 330 SENECAE

129 426 235 488 mortis
258 422 325 500 spei
347 423 440 483 mixta
455 429 541 482 sunt:
571 422 683 482 desiuit
697 423 833 483 morbus.
864 422 1038 483 incendium
1054 440 1106 484 ex·

130 507 300 585 stinguitur.
331 507 418 567 ruina
439 522 518 581 quos
540 505 698 566 videbatur
721 505 923 581 obpressum,
952 506 1105 582 deposuit.
1144 516 1146 520 “

129 611 213 655 mare
230 609 309 668 quos
325 591 477 663 hauserat,
490 590 520 649 vi
536 590 653 662 eadem,
670 606 730 664 qua
746 590 899 662 sorbebat,
916 589 1007 652 eiecit
1023 592 1105 652 inco·

129 680 237 739 tumes.
258 676 392 752 gladium
413 674 499 734 mites
516 674 554 734 ab
575 672 644 748 ipsa
660 673 784 748 perituri
799 674 918 734 cervice
933 677 1105 735 revocavit:

129 762 274 823 nitbabet
290 759 373 835 quod
388 766 506 834 speret,
530 773 620 833 quem
642 765 785 818 senectus
803 757 885 818 ducit
906 759 946 818 ad
967 767 1104 819 mortem.

129 847 201 907 huic
222 844 297 924 [uni]
319 842 465 904 intercedi
486 858 547 903 non
573 847 682 916 potest.
714 842 802 901 Nutlo
826 857 939 916 genere
964 841 1104 904 homines

103 930 251 998 emolitus
266 928 448 1000 moriuntur,
476 926 532 987 sed
546 941 604 986 nec
618 925 738 985 diutius.
767 927 885 985 Bassus
901 932 1008 987 noster
1021 925 1104 987 vide-

129 1014 219 1074 batur
239 1011 310 1072 mihi
331 1010 478 1087 prosequi
495 1018 575 1071 sect
590 1016 812 1084 conponereet
828 1010 933 1070 vivere
950 1017 1105 1087 tamquam

131 1102 292 1173 superstes
309 1095 367 1156 sibi
383 1101 414 1154 et
428 1094 582 1169 sapienter
597 1095 675 1153 terre
690 1092 875 1154 desiderium
890 1095 949 1154 sui.
979 1111 1049 1154 nam
1065 1096 1102 1155 de

131 1187 228 1242 morte
240 1179 334 1240 multa
353 1179 489 1254 loquitur
503 1185 533 1238 et
548 1177 577 1236 id
595 1178 657 1251 agit
676 1176 799 1252 sedato,
820 1184 853 1237 ut
870 1178 960 1239 nobis
977 1195 1104 1254 persua-

132 1266 216 1339 deat,
241 1264 268 1323 si
290 1263 363 1339 quid
384 1261 568 1322 incommodi
588 1268 641 1322 aut
661 1268 760 1321 metus
783 1261 811 1319 in
832 1260 891 1321 boc
907 1264 1032 1337 negotio
1049 1271 1103 1336 est

131 1348 287 1409 morientis
312 1346 414 1406 vitium
437 1362 524 1420 esse,
548 1348 609 1406 non
630 1344 745 1406 mortis.
778 1360 839 1406 non
861 1346 959 1420 magis
982 1348 1010 1406 in
1036 1349 1104 1423 ipsa

102 1433 295 1510 §quicquam
311 1446 382 1492 esse
397 1429 555 1491 motestiae
571 1445 661 1505 quam
677 1436 747 1504 post
761 1429 869 1505 ipsam.
888 1429 961 1490 Tam
977 1431 1103 1492 demens

131 1525 231 1578 autem
246 1523 305 1588 est,
329 1514 380 1590 qui
393 1515 494 1588 timet,
517 1514 599 1588 quod
615 1529 676 1573 non
692 1519 739 1574 est
755 1529 917 1588 passurus,
946 1531 1036 1589 quam
1053 1515 1104 1590 qui

130 1603 222 1674 timet,
239 1599 321 1676 quod
336 1616 397 1660 non
413 1606 460 1658 est
473 1613 632 1658 sensurus.
654 1602 702 1656 An
719 1597 881 1674 quisquam
896 1598 955 1658 hoe
971 1599 1102 1660 futurum

131 1686 236 1760 credit,
251 1692 285 1745 ut
299 1700 354 1759 per
370 1699 461 1759 quam
476 1681 548 1741 nibil
565 1681 750 1755 sentiat[ur],
775 1697 812 1741 ea
826 1681 994 1743 sentiatur?
1011 1683 1104 1759 Ergo,

131 1768 241 1845 inquit,
264 1783 347 1828 mors
367 1767 445 1827 adeo
469 1772 554 1826 extra
573 1780 663 1826 omne
687 1767 798 1825 malum
819 1772 880 1840 est,
905 1774 939 1826 ut
959 1766 999 1827 sit
1018 1776 1104 1828 extra

103 1869 252 1928 romnem
266 1854 414 1913 maiorum
427 1857 549 1911 metum.
571 1850 654 1910 Haec
668 1865 726 1924 ego
742 1850 808 1910 scio
824 1856 854 1911 et
868 1850 1061 1925 saepedicta
1075 1859 1105 1910 et

130 1953 227 2012 saepe
241 1935 387 1997 dicenda:
405 1935 461 1996 sed
478 1949 579 2010 neque
593 1949 661 1994 cum
677 1936 818 2009 tegerem,
835 1949 934 2009 aeque
948 1933 1021 1994 mihi
1033 1951 1103 2010 pro-

131 2023 260 2092 tuerunt,
275 2036 377 2095 neque
393 2035 460 2079 cunr
480 2020 616 2079 audirem
629 2018 676 2077 his
689 2016 869 2093 dicentibus,
888 2019 940 2094 qui
951 2019 1105 2095 negabant

130 2104 278 2176 timenda,
307 2120 325 2162 a
346 2119 477 2178 quorum
498 2111 579 2164 metu
600 2102 741 2162 aberant:
769 2102 818 2161 bic
843 2119 917 2164 vero
941 2104 1104 2179 plurimum

131 2186 216 2262 apud
230 2202 285 2246 me
305 2186 491 2247 auctoritatis
511 2187 630 2260 babuit,
656 2203 722 2248 cum
749 2187 925 2262 loqueretur
945 2188 986 2248 de
1006 2194 1104 2248 morte

102 2271 241 2335 evicina.
274 2269 379 2330 Dicam
399 2270 490 2330 etiam
506 2271 579 2346 quid
596 2271 741 2333 sentiam:
772 2279 844 2346 puto
860 2272 1017 2332 fortiorem
1033 2287 1103 2332 eum

131 2369 211 2427 esse,
229 2354 280 2430 qui
296 2354 325 2413 in
343 2354 412 2428 ipsa
427 2362 523 2415 morte
537 2362 585 2416 est
599 2370 689 2430 quam
707 2355 759 2430 qui
771 2357 852 2417 circa
866 2363 1004 2417 mortem.
1019 2372 1103 2417 mors

130 2440 211 2499 enirn
233 2437 356 2498 admota
376 2435 464 2498 etiam
490 2439 626 2514 inperitis
647 2440 778 2499 animum
799 2440 883 2501 dedit
901 2455 963 2500 non
989 2439 1104 2501 vitandi

131 2520 332 2583 inevitabilia=
363 2521 408 2582 sic
429 2522 578 2596 gladiator
596 2531 660 2583 tota
675 2539 776 2599 pugna
788 2524 1001 2585 timidissimus
1017 2524 1105 2600 iugu-

131 2607 192 2667 lum
209 2606 387 2666 adversario
403 2613 536 2681 praestat
551 2615 582 2668 et
602 2614 752 2668 errantem
766 2608 897 2682 gladium
912 2608 971 2668 sibi
987 2610 1102 2670 adtem-

132 2699 226 2764 perat.
248 2689 357 2761 atilio,
374 2689 497 2765 quaein
515 2692 689 2766 propinquo
704 2699 752 2751 est
765 2693 871 2767 utique
883 2700 1027 2767 ventura,
1051 2692 1102 2753 de·

132 2773 246 2833 siderat
261 2775 372 2832 tentam
386 2772 477 2834 animi
491 2773 674 2846 firmitatem,
698 2792 776 2849 quae
791 2783 838 2836 est
851 2777 948 2837 rarior
962 2792 1021 2838 nec
1037 2784 1104 2853 pot·

103 2865 180 2922 test
199 2857 258 2916 nisi
279 2871 297 2915 a
317 2857 455 2932 sapiente
477 2859 637 2934 praestari.
669 2859 881 2921 Libentissime
903 2859 1006 2936 itaque
1021 2862 1104 2921 iitum

131 2940 293 3000 audiebam
316 2942 404 3015 quasi
425 2942 569 3004 terentem
590 2944 629 3003 de
649 2951 744 3004 morte
759 2945 938 3005 sententiam
953 2952 985 3005 et
1001 2943 1103 3020 qualis

131 3030 215 3084 esset
239 3024 304 3083 eius
330 3032 436 3086 natura
461 3028 542 3087 velut
568 3027 696 3103 propius
723 3027 879 3103 inspectae
907 3028 1104 3090 indicantem.

129 3107 216 3180 Plus,
243 3115 276 3168 ut
289 3117 376 3185 puto,
402 3110 474 3170 fidei
488 3109 615 3171 haberet
629 3111 711 3186 apud
733 3120 776 3185 te,
801 3114 870 3188 plus
886 3114 1051 3188 ponderis,
1078 3111 1105 3172 si

131 3192 200 3265 quis
220 3192 383 3254 revixisset
402 3201 432 3254 et
454 3194 485 3253 in
508 3203 604 3256 morte
625 3194 697 3254 nihit
720 3196 790 3255 maii
812 3213 884 3256 esse
899 3205 1037 3257 narraret
1051 3212 1103 3256 ex·

131 3284 251 3349 pertus:
283 3293 428 3339 accessus
449 3278 554 3339 mortis
579 3295 671 3354 quarn
697 3270 955 3354 perturbationem
976 3281 1104 3353 adierat,

131 3360 242 3434 optime
256 3361 308 3421 tibi
322 3361 354 3421 hi
372 3362 486 3436 dicent,
513 3363 565 3438 qui
583 3364 752 3424 secundum
767 3363 848 3424 iliam
863 3372 1027 3438 steterunt,
1051 3365 1104 3441 qui

84 3445 296 3506 retentantem
310 3455 340 3507 et
355 3445 497 3507 viderunt
516 3454 546 3507 et
570 3456 763 3524 receperunt.
798 3448 878 3509 Inter
892 3447 951 3509 bos
969 3449 1103 3510 Bassum

108 3523 181 3584 lieet
194 3545 357 3605 numeres,
390 3529 445 3610 qui
470 3547 529 3594 nos
547 3530 654 3610 decipi
668 3531 780 3595 notuit.
808 3533 841 3592 is
853 3533 898 3590 ait
906 3537 974 3591 tam
986 3534 1113 3592 stubtum
