<?xml version="1.0" encoding="UTF-8"?>
<!DOCTYPE html PUBLIC "-//W3C//DTD XHTML 1.0 Transitional//EN"
    "http://www.w3.org/TR/xhtml1/DTD/xhtml1-transitional.dtd">
<html xmlns="http://www.w3.org/1999/xhtml" xml:lang="en" lang="en">
 <head>
  <title>
</title>
<meta http-equiv="Content-Type" content="text/html;charset=utf-8" />
  <meta name='ocr-system' content='tesseract 3.04.00' />
  <meta name='ocr-capabilities' content='ocr_page ocr_carea ocr_par ocr_line ocrx_word'/>
</head>
<body>
  <div class='ocr_page' id='page_1' title='image "./lannaeisenecaeo06senegoog_0143.png"; bbox 0 0 2422 3862; ppageno 0'>
   <div class='ocr_carea' id='block_1_1' title="bbox 129 253 811 318">
    <p class='ocr_par' dir='ltr' id='par_1_1' title="bbox 129 253 811 318">
     <span class='ocr_line' id='line_1_1' title="bbox 129 253 811 318; baseline -0.006 0"><span class='ocrx_word' id='word_1_1' title='bbox 129 255 191 318; x_wconf 79' lang='lat'>108</span> <span class='ocrx_word' id='word_1_2' title='bbox 413 256 446 314; x_wconf 91' lang='lat' dir='ltr'>L.</span> <span class='ocrx_word' id='word_1_3' title='bbox 469 254 615 314; x_wconf 82' lang='lat' dir='ltr'>ANNAEI</span> <span class='ocrx_word' id='word_1_4' title='bbox 636 253 811 315; x_wconf 84' lang='lat' dir='ltr'>SENECAE</span> 
     </span>
    </p>
   </div>
   <div class='ocr_carea' id='block_1_2' title="bbox 128 405 1100 655">
    <p class='ocr_par' dir='ltr' id='par_1_2' title="bbox 128 405 1100 655">
     <span class='ocr_line' id='line_1_2' title="bbox 129 405 1098 484; baseline -0.002 -14"><span class='ocrx_word' id='word_1_5' title='bbox 129 410 396 484; x_wconf 86' lang='lat' dir='ltr'>verbamagna</span> <span class='ocrx_word' id='word_1_6' title='bbox 412 408 615 467; x_wconf 89' lang='lat' dir='ltr'>celeritate</span> <span class='ocrx_word' id='word_1_7' title='bbox 630 405 901 482; x_wconf 87' lang='lat' dir='ltr'>praecipitant</span> <span class='ocrx_word' id='word_1_8' title='bbox 921 415 1098 468; x_wconf 89' lang='lat' dir='ltr'>etcommu-</span> 
     </span>
     <span class='ocr_line' id='line_1_3' title="bbox 128 490 1099 566; baseline -0.004 -11"><span class='ocrx_word' id='word_1_9' title='bbox 128 511 183 556; x_wconf 93' lang='lat' dir='ltr'>nes</span> <span class='ocrx_word' id='word_1_10' title='bbox 203 495 290 555; x_wconf 91' lang='lat' dir='ltr'>locos</span> <span class='ocrx_word' id='word_1_11' title='bbox 312 494 439 553; x_wconf 89' lang='lat' dir='ltr'>volvunt</span> <span class='ocrx_word' id='word_1_12' title='bbox 458 499 488 551; x_wconf 90' lang='lat' dir='ltr'>et</span> <span class='ocrx_word' id='word_1_13' title='bbox 508 491 539 549; x_wconf 92' lang='lat' dir='ltr'>in</span> <span class='ocrx_word' id='word_1_14' title='bbox 562 491 680 566; x_wconf 86' lang='lat' dir='ltr'>privato</span> <span class='ocrx_word' id='word_1_15' title='bbox 702 491 899 564; x_wconf 90' lang='lat' dir='ltr'>circulantur,</span> <span class='ocrx_word' id='word_1_16' title='bbox 928 490 997 550; x_wconf 91' lang='lat' dir='ltr'>sed</span> <span class='ocrx_word' id='word_1_17' title='bbox 1023 507 1099 565; x_wconf 77' lang='lat' dir='ltr'>eoS,</span> 
     </span>
     <span class='ocr_line' id='line_1_4' title="bbox 129 573 1100 655; baseline -0.005 -16"><span class='ocrx_word' id='word_1_18' title='bbox 129 579 193 654; x_wconf 90' lang='lat' dir='ltr'>qui</span> <span class='ocrx_word' id='word_1_19' title='bbox 213 578 350 655; x_wconf 90' lang='lat' dir='ltr'>vita[m]</span> <span class='ocrx_word' id='word_1_20' title='bbox 374 573 530 646; x_wconf 77' lang='lat' dir='ltr'>docent,</span> <span class='ocrx_word' id='word_1_21' title='bbox 553 575 606 649; x_wconf 87' lang='lat' dir='ltr'>qui</span> <span class='ocrx_word' id='word_1_22' title='bbox 627 588 696 635; x_wconf 87' lang='lat' dir='ltr'>oum</span> <span class='ocrx_word' id='word_1_23' title='bbox 717 574 873 648; x_wconf 87' lang='lat' dir='ltr'>dixerunt,</span> <span class='ocrx_word' id='word_1_24' title='bbox 894 574 967 650; x_wconf 87' lang='lat' dir='ltr'>quid</span> <span class='ocrx_word' id='word_1_25' title='bbox 988 573 1100 635; x_wconf 85' lang='lat' dir='ltr'>sacien-</span> 
     </span>
    </p>
   </div>
   <div class='ocr_carea' id='block_1_3' title="bbox 81 657 1155 3593">
    <p class='ocr_par' dir='ltr' id='par_1_3' title="bbox 81 657 1155 3593">
     <span class='ocr_line' id='line_1_5' title="bbox 127 657 1100 736; baseline -0.004 -13"><span class='ocrx_word' id='word_1_26' title='bbox 127 662 199 723; x_wconf 90' lang='lat' dir='ltr'>dum</span> <span class='ocrx_word' id='word_1_27' title='bbox 220 662 273 735; x_wconf 90' lang='lat' dir='ltr'>sit,</span> <span class='ocrx_word' id='word_1_28' title='bbox 295 660 427 736; x_wconf 88' lang='lat' dir='ltr'>probant</span> <span class='ocrx_word' id='word_1_29' title='bbox 447 657 603 732; x_wconf 85' lang='lat' dir='ltr'>iaciendo,</span> <span class='ocrx_word' id='word_1_30' title='bbox 626 657 679 734; x_wconf 86' lang='lat' dir='ltr'>qui</span> <span class='ocrx_word' id='word_1_31' title='bbox 699 657 826 731; x_wconf 79' lang='lat' dir='ltr'><strong>docent,</strong></span> <span class='ocrx_word' id='word_1_32' title='bbox 852 659 925 733; x_wconf 90' lang='lat' dir='ltr'>quid</span> <span class='ocrx_word' id='word_1_33' title='bbox 943 657 1100 719; x_wconf 90' lang='lat' dir='ltr'>vitandum</span> 
     </span>
     <span class='ocr_line' id='line_1_6' title="bbox 127 740 1100 819; baseline -0.005 -12"><span class='ocrx_word' id='word_1_34' title='bbox 127 747 182 818; x_wconf 88' lang='lat' dir='ltr'>sit,</span> <span class='ocrx_word' id='word_1_35' title='bbox 203 761 262 805; x_wconf 87' lang='lat' dir='ltr'>nec</span> <span class='ocrx_word' id='word_1_36' title='bbox 282 759 426 819; x_wconf 87' lang='lat' dir='ltr'>umquam</span> <span class='ocrx_word' id='word_1_37' title='bbox 446 741 477 802; x_wconf 93' lang='lat' dir='ltr'>in</span> <span class='ocrx_word' id='word_1_38' title='bbox 500 758 552 817; x_wconf 87' lang='lat' dir='ltr'>eo,</span> <span class='ocrx_word' id='word_1_39' title='bbox 576 742 660 816; x_wconf 93' lang='lat' dir='ltr'>quod</span> <span class='ocrx_word' id='word_1_40' title='bbox 680 740 856 816; x_wconf 81' lang='lat' dir='ltr'>fugiendum</span> <span class='ocrx_word' id='word_1_41' title='bbox 870 742 1027 817; x_wconf 89' lang='lat' dir='ltr'>dixerunt,</span> <span class='ocrx_word' id='word_1_42' title='bbox 1049 743 1100 802; x_wconf 92' lang='lat' dir='ltr'>de-</span> 
     </span>
     <span class='ocr_line' id='line_1_7' title="bbox 129 825 1100 906; baseline -0.003 -17"><span class='ocrx_word' id='word_1_43' title='bbox 129 828 366 906; x_wconf 83' lang='lat' dir='ltr'>prehenduntur.</span> <span class='ocrx_word' id='word_1_44' title='bbox 393 826 471 888; x_wconf 86' lang='lat' dir='ltr'>Eum</span> <span class='ocrx_word' id='word_1_45' title='bbox 487 827 566 901; x_wconf 81' lang='lat' dir='ltr'>elige</span> <span class='ocrx_word' id='word_1_46' title='bbox 580 825 765 898; x_wconf 87' lang='lat' dir='ltr'>adiutorem,</span> <span class='ocrx_word' id='word_1_47' title='bbox 787 841 877 900; x_wconf 86' lang='lat' dir='ltr'>quem</span> <span class='ocrx_word' id='word_1_48' title='bbox 892 825 989 900; x_wconf 91' lang='lat' dir='ltr'>magis</span> <span class='ocrx_word' id='word_1_49' title='bbox 1006 827 1100 886; x_wconf 87' lang='lat' dir='ltr'>admi·</span> 
     </span>
     <span class='ocr_line' id='line_1_8' title="bbox 95 908 1100 987; baseline -0.003 -13"><span class='ocrx_word' id='word_1_50' title='bbox 95 929 112 984; x_wconf 88' lang='lat'><strong>9</strong></span> <span class='ocrx_word' id='word_1_51' title='bbox 128 913 220 987; x_wconf 88' lang='lat' dir='ltr'>reris,</span> <span class='ocrx_word' id='word_1_52' title='bbox 242 927 310 972; x_wconf 90' lang='lat' dir='ltr'>cum</span> <span class='ocrx_word' id='word_1_53' title='bbox 326 908 439 971; x_wconf 89' lang='lat' dir='ltr'>videris</span> <span class='ocrx_word' id='word_1_54' title='bbox 457 926 547 986; x_wconf 89' lang='lat' dir='ltr'>quarn</span> <span class='ocrx_word' id='word_1_55' title='bbox 562 925 631 970; x_wconf 91' lang='lat' dir='ltr'>curn</span> <span class='ocrx_word' id='word_1_56' title='bbox 646 909 789 970; x_wconf 89' lang='lat' dir='ltr'>audieris.</span> <span class='ocrx_word' id='word_1_57' title='bbox 816 908 879 969; x_wconf 90' lang='lat' dir='ltr'>Nec</span> <span class='ocrx_word' id='word_1_58' title='bbox 898 910 969 970; x_wconf 91' lang='lat' dir='ltr'>ideo</span> <span class='ocrx_word' id='word_1_59' title='bbox 985 916 1015 970; x_wconf 90' lang='lat' dir='ltr'>te</span> <span class='ocrx_word' id='word_1_60' title='bbox 1030 927 1100 986; x_wconf 91' lang='lat' dir='ltr'>pro-</span> 
     </span>
     <span class='ocr_line' id='line_1_9' title="bbox 128 992 1101 1070; baseline -0.002 -14"><span class='ocrx_word' id='word_1_61' title='bbox 128 994 275 1057; x_wconf 92' lang='lat' dir='ltr'>hibuerim</span> <span class='ocrx_word' id='word_1_62' title='bbox 297 994 356 1055; x_wconf 90' lang='lat' dir='ltr'>hos</span> <span class='ocrx_word' id='word_1_63' title='bbox 371 1009 495 1069; x_wconf 88' lang='lat' dir='ltr'>quoque</span> <span class='ocrx_word' id='word_1_64' title='bbox 510 994 629 1067; x_wconf 91' lang='lat' dir='ltr'>audire,</span> <span class='ocrx_word' id='word_1_65' title='bbox 653 993 764 1069; x_wconf 87' lang='lat' dir='ltr'>quibus</span> <span class='ocrx_word' id='word_1_66' title='bbox 779 992 938 1053; x_wconf 88' lang='lat' dir='ltr'>admittere</span> <span class='ocrx_word' id='word_1_67' title='bbox 953 995 1101 1070; x_wconf 90' lang='lat' dir='ltr'>populum</span> 
     </span>
     <span class='ocr_line' id='line_1_10' title="bbox 129 1077 1100 1154; baseline -0.002 -14"><span class='ocrx_word' id='word_1_68' title='bbox 129 1097 165 1140; x_wconf 92' lang='lat' dir='ltr'>ac</span> <span class='ocrx_word' id='word_1_69' title='bbox 186 1078 341 1139; x_wconf 87' lang='lat' dir='ltr'>disserere</span> <span class='ocrx_word' id='word_1_70' title='bbox 361 1079 550 1139; x_wconf 77' lang='lat' dir='ltr'>consuetudo</span> <span class='ocrx_word' id='word_1_71' title='bbox 572 1085 635 1152; x_wconf 90' lang='lat' dir='ltr'>est,</span> <span class='ocrx_word' id='word_1_72' title='bbox 658 1080 684 1138; x_wconf 90' lang='lat' dir='ltr'>si</span> <span class='ocrx_word' id='word_1_73' title='bbox 705 1078 797 1139; x_wconf 93' lang='lat' dir='ltr'>modo</span> <span class='ocrx_word' id='word_1_74' title='bbox 814 1077 874 1138; x_wconf 91' lang='lat' dir='ltr'>hoc</span> <span class='ocrx_word' id='word_1_75' title='bbox 894 1079 1055 1154; x_wconf 91' lang='lat' dir='ltr'>proposito</span> <span class='ocrx_word' id='word_1_76' title='bbox 1070 1078 1100 1138; x_wconf 91' lang='lat' dir='ltr'>in</span> 
     </span>
     <span class='ocr_line' id='line_1_11' title="bbox 129 1161 1100 1238; baseline -0.001 -14"><span class='ocrx_word' id='word_1_77' title='bbox 129 1163 247 1226; x_wconf 90' lang='lat' dir='ltr'>turbam</span> <span class='ocrx_word' id='word_1_78' title='bbox 271 1163 436 1238; x_wconf 87' lang='lat' dir='ltr'>prodeunt,</span> <span class='ocrx_word' id='word_1_79' title='bbox 458 1169 491 1222; x_wconf 92' lang='lat' dir='ltr'>ut</span> <span class='ocrx_word' id='word_1_80' title='bbox 505 1162 649 1222; x_wconf 86' lang='lat' dir='ltr'>meliores</span> <span class='ocrx_word' id='word_1_81' title='bbox 665 1161 739 1221; x_wconf 86' lang='lat' dir='ltr'>liant</span> <span class='ocrx_word' id='word_1_82' title='bbox 759 1163 933 1237; x_wconf 78' lang='lat' dir='ltr'>faciantque</span> <span class='ocrx_word' id='word_1_83' title='bbox 948 1161 1100 1238; x_wconf 88' lang='lat' dir='ltr'>meliores,</span> 
     </span>
     <span class='ocr_line' id='line_1_12' title="bbox 129 1245 1100 1320; baseline -0.003 -12"><span class='ocrx_word' id='word_1_84' title='bbox 129 1249 155 1310; x_wconf 91' lang='lat' dir='ltr'>si</span> <span class='ocrx_word' id='word_1_85' title='bbox 171 1263 232 1307; x_wconf 92' lang='lat' dir='ltr'>uon</span> <span class='ocrx_word' id='word_1_86' title='bbox 249 1247 420 1307; x_wconf 79' lang='lat' dir='ltr'>ambitionis</span> <span class='ocrx_word' id='word_1_87' title='bbox 434 1245 495 1306; x_wconf 90' lang='lat' dir='ltr'>hoc</span> <span class='ocrx_word' id='word_1_88' title='bbox 510 1261 603 1307; x_wconf 89' lang='lat' dir='ltr'>causa</span> <span class='ocrx_word' id='word_1_89' title='bbox 619 1252 772 1306; x_wconf 89' lang='lat' dir='ltr'>exercent.</span> <span class='ocrx_word' id='word_1_90' title='bbox 800 1246 893 1320; x_wconf 86' lang='lat' dir='ltr'>quid</span> <span class='ocrx_word' id='word_1_91' title='bbox 907 1246 1005 1308; x_wconf 87' lang='lat' dir='ltr'>enim</span> <span class='ocrx_word' id='word_1_92' title='bbox 1022 1255 1100 1308; x_wconf 93' lang='lat' dir='ltr'>tur·</span> 
     </span>
     <span class='ocr_line' id='line_1_13' title="bbox 129 1329 1101 1407; baseline -0.002 -15"><span class='ocrx_word' id='word_1_93' title='bbox 129 1333 219 1407; x_wconf 90' lang='lat' dir='ltr'>pius</span> <span class='ocrx_word' id='word_1_94' title='bbox 241 1329 490 1406; x_wconf 83' lang='lat' dir='ltr'>philosophia</span> <span class='ocrx_word' id='word_1_95' title='bbox 512 1336 691 1405; x_wconf 81' lang='lat' dir='ltr'>captante</span> <span class='ocrx_word' id='word_1_96' title='bbox 711 1330 923 1390; x_wconf 71' lang='lat' dir='ltr'>clamores?</span> <span class='ocrx_word' id='word_1_97' title='bbox 954 1330 1101 1407; x_wconf 85' lang='lat' dir='ltr'>nunrquid</span> 
     </span>
     <span class='ocr_line' id='line_1_14' title="bbox 90 1414 1100 1491; baseline 0.002 -18"><span class='ocrx_word' id='word_1_98' title='bbox 90 1421 121 1473; x_wconf 88' lang='grc' dir='ltr'>ιο</span> <span class='ocrx_word' id='word_1_99' title='bbox 129 1431 221 1490; x_wconf 85' lang='lat' dir='ltr'>aeger</span> <span class='ocrx_word' id='word_1_100' title='bbox 234 1414 337 1475; x_wconf 90' lang='lat' dir='ltr'>laudat</span> <span class='ocrx_word' id='word_1_101' title='bbox 350 1414 500 1475; x_wconf 87' lang='lat' dir='ltr'>medicum</span> <span class='ocrx_word' id='word_1_102' title='bbox 515 1421 692 1474; x_wconf 69' lang='lat' dir='ltr'>secantem?</span> <span class='ocrx_word' id='word_1_103' title='bbox 716 1415 841 1488; x_wconf 83' lang='lat' dir='ltr'>Tacete,</span> <span class='ocrx_word' id='word_1_104' title='bbox 857 1414 955 1475; x_wconf 84' lang='lat' dir='ltr'>lavate</span> <span class='ocrx_word' id='word_1_105' title='bbox 971 1421 1000 1475; x_wconf 89' lang='lat' dir='ltr'>et</span> <span class='ocrx_word' id='word_1_106' title='bbox 1014 1431 1100 1491; x_wconf 89' lang='lat' dir='ltr'>prae·</span> 
     </span>
     <span class='ocr_line' id='line_1_15' title="bbox 128 1496 1101 1572; baseline -0.003 -11"><span class='ocrx_word' id='word_1_107' title='bbox 128 1501 197 1561; x_wconf 91' lang='lat' dir='ltr'>bete</span> <span class='ocrx_word' id='word_1_108' title='bbox 211 1515 269 1559; x_wconf 90' lang='lat' dir='ltr'>vos</span> <span class='ocrx_word' id='word_1_109' title='bbox 288 1499 444 1559; x_wconf 87' lang='lat' dir='ltr'>curationi.</span> <span class='ocrx_word' id='word_1_110' title='bbox 467 1496 585 1558; x_wconf 89' lang='lat' dir='ltr'>etiamsi</span> <span class='ocrx_word' id='word_1_111' title='bbox 599 1497 856 1572; x_wconf 86' lang='lat' dir='ltr'>exclamaveritis,</span> <span class='ocrx_word' id='word_1_112' title='bbox 872 1514 932 1558; x_wconf 90' lang='lat' dir='ltr'>non</span> <span class='ocrx_word' id='word_1_113' title='bbox 949 1499 1036 1560; x_wconf 88' lang='lat' dir='ltr'>aliter</span> <span class='ocrx_word' id='word_1_114' title='bbox 1049 1515 1101 1559; x_wconf 91' lang='lat' dir='ltr'>au·</span> 
     </span>
     <span class='ocr_line' id='line_1_16' title="bbox 129 1582 1101 1658; baseline -0.002 -14"><span class='ocrx_word' id='word_1_115' title='bbox 129 1584 223 1655; x_wconf 92' lang='lat' dir='ltr'>diam,</span> <span class='ocrx_word' id='word_1_116' title='bbox 247 1583 379 1657; x_wconf 91' lang='lat' dir='ltr'>quamsi</span> <span class='ocrx_word' id='word_1_117' title='bbox 397 1582 436 1642; x_wconf 89' lang='lat' dir='ltr'>ad</span> <span class='ocrx_word' id='word_1_118' title='bbox 456 1587 566 1642; x_wconf 90' lang='lat' dir='ltr'>tactum</span> <span class='ocrx_word' id='word_1_119' title='bbox 584 1582 723 1643; x_wconf 91' lang='lat' dir='ltr'>vitiorum</span> <span class='ocrx_word' id='word_1_120' title='bbox 738 1589 908 1644; x_wconf 89' lang='lat' dir='ltr'>vestrorum</span> <span class='ocrx_word' id='word_1_121' title='bbox 923 1583 1101 1658; x_wconf 88' lang='lat' dir='ltr'>ingemisca-</span> 
     </span>
     <span class='ocr_line' id='line_1_17' title="bbox 129 1664 1102 1742; baseline -0.001 -14"><span class='ocrx_word' id='word_1_122' title='bbox 129 1666 178 1728; x_wconf 89' lang='lat' dir='ltr'>tis.</span> <span class='ocrx_word' id='word_1_123' title='bbox 207 1667 310 1728; x_wconf 88' lang='lat' dir='ltr'>testari</span> <span class='ocrx_word' id='word_1_124' title='bbox 331 1664 423 1728; x_wconf 90' lang='lat' dir='ltr'>vultis</span> <span class='ocrx_word' id='word_1_125' title='bbox 445 1666 610 1726; x_wconf 79' lang='lat' dir='ltr'>adtendere</span> <span class='ocrx_word' id='word_1_126' title='bbox 630 1683 687 1727; x_wconf 92' lang='lat' dir='ltr'>vos</span> <span class='ocrx_word' id='word_1_127' title='bbox 703 1665 883 1742; x_wconf 85' lang='lat' dir='ltr'>moverique</span> <span class='ocrx_word' id='word_1_128' title='bbox 895 1667 1102 1742; x_wconf 87' lang='lat' dir='ltr'>magnitudine</span> 
     </span>
     <span class='ocr_line' id='line_1_18' title="bbox 129 1750 1100 1825; baseline 0 -15"><span class='ocrx_word' id='word_1_129' title='bbox 129 1758 252 1812; x_wconf 73' lang='lat' dir='ltr'>rerum?</span> <span class='ocrx_word' id='word_1_130' title='bbox 273 1767 348 1811; x_wconf 88' lang='lat' dir='ltr'>sane</span> <span class='ocrx_word' id='word_1_131' title='bbox 363 1751 466 1810; x_wconf 77' lang='lat' dir='ltr'>liceaa</span> <span class='ocrx_word' id='word_1_132' title='bbox 488 1757 521 1810; x_wconf 88' lang='lat' dir='ltr'>ut</span> <span class='ocrx_word' id='word_1_133' title='bbox 537 1750 657 1825; x_wconf 89' lang='lat' dir='ltr'>quidem</span> <span class='ocrx_word' id='word_1_134' title='bbox 673 1750 812 1811; x_wconf 89' lang='lat' dir='ltr'>iudicetis</span> <span class='ocrx_word' id='word_1_135' title='bbox 825 1759 855 1812; x_wconf 89' lang='lat' dir='ltr'>et</span> <span class='ocrx_word' id='word_1_136' title='bbox 869 1751 971 1812; x_wconf 85' lang='lat' dir='ltr'>ieratis</span> <span class='ocrx_word' id='word_1_137' title='bbox 987 1753 1026 1812; x_wconf 91' lang='lat' dir='ltr'>de</span> <span class='ocrx_word' id='word_1_138' title='bbox 1040 1768 1100 1810; x_wconf 90' lang='lat' dir='ltr'>me·</span> 
     </span>
     <span class='ocr_line' id='line_1_19' title="bbox 129 1833 1101 1912; baseline 0.001 -17"><span class='ocrx_word' id='word_1_139' title='bbox 129 1837 205 1897; x_wconf 87' lang='lat' dir='ltr'>lioro</span> <span class='ocrx_word' id='word_1_140' title='bbox 221 1835 414 1910; x_wconf 87' lang='lat' dir='ltr'>suffragium,</span> <span class='ocrx_word' id='word_1_141' title='bbox 437 1833 542 1910; x_wconf 90' lang='lat' dir='ltr'>quidni</span> <span class='ocrx_word' id='word_1_142' title='bbox 559 1851 618 1894; x_wconf 93' lang='lat' dir='ltr'>non</span> <span class='ocrx_word' id='word_1_143' title='bbox 635 1834 826 1910; x_wconf 73' lang='lat' dir='ltr'>permittam?</span> <span class='ocrx_word' id='word_1_144' title='bbox 853 1835 936 1910; x_wconf 88' lang='lat' dir='ltr'>apud</span> <span class='ocrx_word' id='word_1_145' title='bbox 950 1835 1101 1912; x_wconf 82' lang='lat' dir='ltr'>Pythago-</span> 
     </span>
     <span class='ocr_line' id='line_1_20' title="bbox 127 1919 1133 1995; baseline 0 -16"><span class='ocrx_word' id='word_1_146' title='bbox 127 1936 193 1980; x_wconf 86' lang='lat' dir='ltr'>ram</span> <span class='ocrx_word' id='word_1_147' title='bbox 217 1920 377 1995; x_wconf 85' lang='lat' dir='ltr'>discipulis</span> <span class='ocrx_word' id='word_1_148' title='bbox 399 1920 533 1995; x_wconf 88' lang='lat' dir='ltr'>quinque</span> <span class='ocrx_word' id='word_1_149' title='bbox 554 1919 642 1979; x_wconf 91' lang='lat' dir='ltr'>annis</span> <span class='ocrx_word' id='word_1_150' title='bbox 670 1919 829 1980; x_wconf 87' lang='lat' dir='ltr'>tacendum</span> <span class='ocrx_word' id='word_1_151' title='bbox 848 1926 927 1978; x_wconf 83' lang='lat' dir='ltr'>erat:</span> <span class='ocrx_word' id='word_1_152' title='bbox 955 1920 1101 1994; x_wconf 89' lang='lat' dir='ltr'>numquid</span> <span class='ocrx_word' id='word_1_153' title='bbox 1130 1932 1133 1943; x_wconf 90' lang='lat'>·</span> 
     </span>
     <span class='ocr_line' id='line_1_21' title="bbox 130 2002 1102 2078; baseline -0.001 -15"><span class='ocrx_word' id='word_1_154' title='bbox 130 2020 203 2078; x_wconf 85' lang='lat' dir='ltr'>ergo</span> <span class='ocrx_word' id='word_1_155' title='bbox 229 2004 385 2064; x_wconf 84' lang='lat' dir='ltr'>existimas</span> <span class='ocrx_word' id='word_1_156' title='bbox 408 2005 507 2064; x_wconf 90' lang='lat' dir='ltr'>statim</span> <span class='ocrx_word' id='word_1_157' title='bbox 527 2002 585 2062; x_wconf 93' lang='lat' dir='ltr'>illis</span> <span class='ocrx_word' id='word_1_158' title='bbox 607 2011 637 2063; x_wconf 89' lang='lat' dir='ltr'>et</span> <span class='ocrx_word' id='word_1_159' title='bbox 656 2004 739 2078; x_wconf 88' lang='lat' dir='ltr'>loqui</span> <span class='ocrx_word' id='word_1_160' title='bbox 759 2011 789 2063; x_wconf 87' lang='lat' dir='ltr'>et</span> <span class='ocrx_word' id='word_1_161' title='bbox 809 2003 935 2063; x_wconf 88' lang='lat' dir='ltr'>laudare</span> <span class='ocrx_word' id='word_1_162' title='bbox 956 2003 1102 2064; x_wconf 79' lang='lat' dir='ltr'>licuisset</span> 
     </span>
     <span class='ocr_line' id='line_1_22' title="bbox 90 2087 1099 2163; baseline 0 -16"><span class='ocrx_word' id='word_1_163' title='bbox 90 2104 120 2156; x_wconf 92' lang='lat' dir='ltr'>ll</span> <span class='ocrx_word' id='word_1_164' title='bbox 130 2088 247 2162; x_wconf 79' lang='lat' dir='ltr'>Quanta</span> <span class='ocrx_word' id='word_1_165' title='bbox 267 2094 368 2147; x_wconf 88' lang='lat' dir='ltr'>autem</span> <span class='ocrx_word' id='word_1_166' title='bbox 389 2088 540 2148; x_wconf 89' lang='lat' dir='ltr'>dementia</span> <span class='ocrx_word' id='word_1_167' title='bbox 553 2087 619 2148; x_wconf 88' lang='lat' dir='ltr'>eius</span> <span class='ocrx_word' id='word_1_168' title='bbox 635 2095 696 2162; x_wconf 86' lang='lat' dir='ltr'>est,</span> <span class='ocrx_word' id='word_1_169' title='bbox 720 2102 809 2162; x_wconf 86' lang='lat' dir='ltr'>quem</span> <span class='ocrx_word' id='word_1_170' title='bbox 825 2089 976 2149; x_wconf 87' lang='lat' dir='ltr'>clamores</span> <span class='ocrx_word' id='word_1_171' title='bbox 991 2088 1099 2163; x_wconf 90' lang='lat' dir='ltr'>inperi-</span> 
     </span>
     <span class='ocr_line' id='line_1_23' title="bbox 129 2170 1099 2248; baseline -0.003 -14"><span class='ocrx_word' id='word_1_172' title='bbox 129 2179 228 2234; x_wconf 82' lang='lat' dir='ltr'>torum</span> <span class='ocrx_word' id='word_1_173' title='bbox 241 2170 366 2231; x_wconf 88' lang='lat' dir='ltr'>hilarem</span> <span class='ocrx_word' id='word_1_174' title='bbox 378 2187 416 2231; x_wconf 87' lang='lat' dir='ltr'>ex</span> <span class='ocrx_word' id='word_1_175' title='bbox 428 2171 577 2232; x_wconf 91' lang='lat' dir='ltr'>auditorio</span> <span class='ocrx_word' id='word_1_176' title='bbox 589 2171 761 2233; x_wconf 70' lang='lat' dir='ltr'>dimittunt?</span> <span class='ocrx_word' id='word_1_177' title='bbox 780 2170 857 2246; x_wconf 82' lang='lat' dir='ltr'>Quid</span> <span class='ocrx_word' id='word_1_178' title='bbox 870 2171 1001 2246; x_wconf 89' lang='lat' dir='ltr'>laetaris,</span> <span class='ocrx_word' id='word_1_179' title='bbox 1018 2172 1099 2248; x_wconf 87' lang='lat' dir='ltr'>quod</span> 
     </span>
     <span class='ocr_line' id='line_1_24' title="bbox 130 2254 1100 2332; baseline 0.001 -17"><span class='ocrx_word' id='word_1_180' title='bbox 130 2256 168 2315; x_wconf 89' lang='lat' dir='ltr'>ab</span> <span class='ocrx_word' id='word_1_181' title='bbox 189 2254 363 2316; x_wconf 92' lang='lat' dir='ltr'>hominibus</span> <span class='ocrx_word' id='word_1_182' title='bbox 380 2255 427 2314; x_wconf 92' lang='lat' dir='ltr'>his</span> <span class='ocrx_word' id='word_1_183' title='bbox 446 2255 587 2316; x_wconf 89' lang='lat' dir='ltr'>laudatus</span> <span class='ocrx_word' id='word_1_184' title='bbox 603 2270 653 2329; x_wconf 77' lang='lat' dir='ltr'>eS,</span> <span class='ocrx_word' id='word_1_185' title='bbox 676 2270 756 2330; x_wconf 88' lang='lat' dir='ltr'>quos</span> <span class='ocrx_word' id='word_1_186' title='bbox 774 2273 835 2317; x_wconf 93' lang='lat' dir='ltr'>non</span> <span class='ocrx_word' id='word_1_187' title='bbox 852 2261 939 2331; x_wconf 88' lang='lat' dir='ltr'>potes</span> <span class='ocrx_word' id='word_1_188' title='bbox 957 2257 1025 2332; x_wconf 89' lang='lat' dir='ltr'>ipse</span> <span class='ocrx_word' id='word_1_189' title='bbox 1040 2258 1100 2316; x_wconf 91' lang='lat' dir='ltr'>lau·</span> 
     </span>
     <span class='ocr_line' id='line_1_25' title="bbox 130 2336 1101 2415; baseline 0.002 -16"><span class='ocrx_word' id='word_1_190' title='bbox 130 2340 224 2399; x_wconf 80' lang='lat' dir='ltr'>daret</span> <span class='ocrx_word' id='word_1_191' title='bbox 249 2336 427 2410; x_wconf 80' lang='lat' dir='ltr'>Disserebat</span> <span class='ocrx_word' id='word_1_192' title='bbox 447 2341 561 2415; x_wconf 92' lang='lat' dir='ltr'>populo</span> <span class='ocrx_word' id='word_1_193' title='bbox 576 2338 743 2415; x_wconf 84' lang='lat' dir='ltr'>Fabianus,</span> <span class='ocrx_word' id='word_1_194' title='bbox 764 2341 821 2401; x_wconf 88' lang='lat' dir='ltr'>sed</span> <span class='ocrx_word' id='word_1_195' title='bbox 842 2338 1023 2401; x_wconf 87' lang='lat' dir='ltr'>audiebatur</span> <span class='ocrx_word' id='word_1_196' title='bbox 1039 2357 1101 2401; x_wconf 93' lang='lat' dir='ltr'>mo·</span> 
     </span>
     <span class='ocr_line' id='line_1_26' title="bbox 129 2423 1101 2500; baseline 0.002 -18"><span class='ocrx_word' id='word_1_197' title='bbox 129 2425 225 2484; x_wconf 87' lang='lat' dir='ltr'>desto.</span> <span class='ocrx_word' id='word_1_198' title='bbox 254 2423 432 2498; x_wconf 89' lang='lat' dir='ltr'>erumpebat</span> <span class='ocrx_word' id='word_1_199' title='bbox 450 2423 599 2483; x_wconf 90' lang='lat' dir='ltr'>interdum</span> <span class='ocrx_word' id='word_1_200' title='bbox 621 2439 750 2500; x_wconf 88' lang='lat' dir='ltr'>magnus</span> <span class='ocrx_word' id='word_1_201' title='bbox 772 2425 886 2484; x_wconf 90' lang='lat' dir='ltr'>clamor</span> <span class='ocrx_word' id='word_1_202' title='bbox 906 2425 1101 2499; x_wconf 89' lang='lat' dir='ltr'>laudantium,</span> 
     </span>
     <span class='ocr_line' id='line_1_27' title="bbox 130 2508 1101 2584; baseline 0 -16"><span class='ocrx_word' id='word_1_203' title='bbox 130 2508 184 2568; x_wconf 89' lang='lat' dir='ltr'>sed</span> <span class='ocrx_word' id='word_1_204' title='bbox 207 2523 295 2582; x_wconf 91' lang='lat' dir='ltr'>quern</span> <span class='ocrx_word' id='word_1_205' title='bbox 315 2523 416 2567; x_wconf 89' lang='lat' dir='ltr'>reram</span> <span class='ocrx_word' id='word_1_206' title='bbox 440 2508 615 2582; x_wconf 83' lang='lat' dir='ltr'>magnitudo</span> <span class='ocrx_word' id='word_1_207' title='bbox 637 2515 834 2584; x_wconf 86' lang='lat' dir='ltr'>evocaverat,</span> <span class='ocrx_word' id='word_1_208' title='bbox 853 2525 914 2569; x_wconf 90' lang='lat' dir='ltr'>non</span> <span class='ocrx_word' id='word_1_209' title='bbox 939 2525 1036 2576; x_wconf 87' lang='lat' dir='ltr'>sonus</span> <span class='ocrx_word' id='word_1_210' title='bbox 1058 2508 1101 2568; x_wconf 91' lang='lat' dir='ltr'>in-</span> 
     </span>
     <span class='ocr_line' id='line_1_28' title="bbox 90 2591 1102 2669; baseline -0.001 -17"><span class='ocrx_word' id='word_1_211' title='bbox 90 2591 266 2662; x_wconf 74' lang='lat' dir='ltr'>mollensae</span> <span class='ocrx_word' id='word_1_212' title='bbox 292 2607 328 2652; x_wconf 85' lang='lat' dir='ltr'>aa</span> <span class='ocrx_word' id='word_1_213' title='bbox 353 2592 483 2652; x_wconf 89' lang='lat' dir='ltr'>molliter</span> <span class='ocrx_word' id='word_1_214' title='bbox 507 2591 653 2652; x_wconf 88' lang='lat' dir='ltr'>orationis</span> <span class='ocrx_word' id='word_1_215' title='bbox 675 2594 809 2667; x_wconf 88' lang='lat' dir='ltr'>elapsae.</span> <span class='ocrx_word' id='word_1_216' title='bbox 842 2592 963 2654; x_wconf 88' lang='lat' dir='ltr'>intersit</span> <span class='ocrx_word' id='word_1_217' title='bbox 987 2593 1102 2669; x_wconf 88' lang='lat' dir='ltr'>aliquid</span> 
     </span>
     <span class='ocr_line' id='line_1_29' title="bbox 128 2675 1101 2752; baseline 0 -17"><span class='ocrx_word' id='word_1_218' title='bbox 128 2677 206 2736; x_wconf 87' lang='lat' dir='ltr'>inter</span> <span class='ocrx_word' id='word_1_219' title='bbox 225 2678 387 2736; x_wconf 88' lang='lat' dir='ltr'>clamorem</span> <span class='ocrx_word' id='word_1_220' title='bbox 401 2676 511 2735; x_wconf 86' lang='lat' dir='ltr'>theatri</span> <span class='ocrx_word' id='word_1_221' title='bbox 526 2683 555 2734; x_wconf 90' lang='lat' dir='ltr'>ct</span> <span class='ocrx_word' id='word_1_222' title='bbox 569 2676 708 2736; x_wconf 73' lang='lat' dir='ltr'>scholaea</span> <span class='ocrx_word' id='word_1_223' title='bbox 736 2685 783 2736; x_wconf 92' lang='lat' dir='ltr'>est</span> <span class='ocrx_word' id='word_1_224' title='bbox 798 2676 899 2752; x_wconf 89' lang='lat' dir='ltr'>aliqua</span> <span class='ocrx_word' id='word_1_225' title='bbox 914 2684 944 2737; x_wconf 89' lang='lat' dir='ltr'>et</span> <span class='ocrx_word' id='word_1_226' title='bbox 957 2675 1101 2738; x_wconf 91' lang='lat' dir='ltr'>laudandi</span> 
     </span>
     <span class='ocr_line' id='line_1_30' title="bbox 128 2758 1102 2835; baseline 0.001 -17"><span class='ocrx_word' id='word_1_227' title='bbox 128 2759 257 2820; x_wconf 90' lang='lat' dir='ltr'>licentia.</span> <span class='ocrx_word' id='word_1_228' title='bbox 291 2758 397 2819; x_wconf 87' lang='lat' dir='ltr'>Omnia</span> <span class='ocrx_word' id='word_1_229' title='bbox 416 2775 519 2819; x_wconf 86' lang='lat' dir='ltr'>rerum</span> <span class='ocrx_word' id='word_1_230' title='bbox 540 2761 687 2835; x_wconf 88' lang='lat' dir='ltr'>omnium,</span> <span class='ocrx_word' id='word_1_231' title='bbox 709 2761 736 2821; x_wconf 92' lang='lat' dir='ltr'>si</span> <span class='ocrx_word' id='word_1_232' title='bbox 751 2760 968 2834; x_wconf 82' lang='lat' dir='ltr'>observentur,</span> <span class='ocrx_word' id='word_1_233' title='bbox 991 2761 1102 2821; x_wconf 86' lang='lat' dir='ltr'>indicia</span> 
     </span>
     <span class='ocr_line' id='line_1_31' title="bbox 129 2845 1102 2921; baseline 0 -17"><span class='ocrx_word' id='word_1_234' title='bbox 129 2851 200 2904; x_wconf 88' lang='lat' dir='ltr'>suat</span> <span class='ocrx_word' id='word_1_235' title='bbox 217 2853 246 2904; x_wconf 89' lang='lat' dir='ltr'>et</span> <span class='ocrx_word' id='word_1_236' title='bbox 261 2849 469 2917; x_wconf 85' lang='lat' dir='ltr'>argumentum</span> <span class='ocrx_word' id='word_1_237' title='bbox 485 2858 600 2904; x_wconf 87' lang='lat' dir='ltr'>morum</span> <span class='ocrx_word' id='word_1_238' title='bbox 623 2860 662 2905; x_wconf 88' lang='lat' dir='ltr'>ex</span> <span class='ocrx_word' id='word_1_239' title='bbox 681 2845 812 2906; x_wconf 91' lang='lat' dir='ltr'>minimis</span> <span class='ocrx_word' id='word_1_240' title='bbox 829 2861 954 2921; x_wconf 88' lang='lat' dir='ltr'>quoque</span> <span class='ocrx_word' id='word_1_241' title='bbox 967 2845 1038 2921; x_wconf 81' lang='lat' dir='ltr'>licct</span> <span class='ocrx_word' id='word_1_242' title='bbox 1053 2861 1102 2905; x_wconf 91' lang='lat' dir='ltr'>ca·</span> 
     </span>
     <span class='ocr_line' id='line_1_32' title="bbox 128 2926 1155 3004; baseline -0.001 -17"><span class='ocrx_word' id='word_1_243' title='bbox 128 2944 218 3004; x_wconf 83' lang='lat' dir='ltr'>pere:</span> <span class='ocrx_word' id='word_1_244' title='bbox 239 2926 419 3002; x_wconf 90' lang='lat' dir='ltr'>inpudicum</span> <span class='ocrx_word' id='word_1_245' title='bbox 443 2934 473 2987; x_wconf 89' lang='lat' dir='ltr'>et</span> <span class='ocrx_word' id='word_1_246' title='bbox 492 2926 634 2989; x_wconf 89' lang='lat' dir='ltr'>incessus</span> <span class='ocrx_word' id='word_1_247' title='bbox 656 2929 789 2990; x_wconf 87' lang='lat' dir='ltr'>ostendit</span> <span class='ocrx_word' id='word_1_248' title='bbox 806 2938 836 2990; x_wconf 83' lang='lat' dir='ltr'>et</span> <span class='ocrx_word' id='word_1_249' title='bbox 850 2945 959 2989; x_wconf 90' lang='lat' dir='ltr'>manus</span> <span class='ocrx_word' id='word_1_250' title='bbox 974 2936 1056 2990; x_wconf 89' lang='lat' dir='ltr'>mota</span> <span class='ocrx_word' id='word_1_251' title='bbox 1075 2934 1102 2987; x_wconf 88' lang='lat' dir='ltr'>el</span> <span class='ocrx_word' id='word_1_252' title='bbox 1152 2990 1155 2995; x_wconf 68' lang='grc'><strong><em>,</em></strong></span> 
     </span>
     <span class='ocr_line' id='line_1_33' title="bbox 127 3010 1104 3090; baseline -0.001 -18"><span class='ocrx_word' id='word_1_253' title='bbox 127 3028 221 3074; x_wconf 91' lang='lat' dir='ltr'>unum</span> <span class='ocrx_word' id='word_1_254' title='bbox 235 3010 386 3071; x_wconf 88' lang='lat' dir='ltr'>interdum</span> <span class='ocrx_word' id='word_1_255' title='bbox 403 3025 588 3086; x_wconf 88' lang='lat' dir='ltr'>responsum</span> <span class='ocrx_word' id='word_1_256' title='bbox 605 3018 634 3072; x_wconf 89' lang='lat' dir='ltr'>et</span> <span class='ocrx_word' id='word_1_257' title='bbox 649 3015 762 3075; x_wconf 87' lang='lat' dir='ltr'>relatus</span> <span class='ocrx_word' id='word_1_258' title='bbox 777 3014 817 3073; x_wconf 90' lang='lat' dir='ltr'>ad</span> <span class='ocrx_word' id='word_1_259' title='bbox 832 3021 925 3090; x_wconf 89' lang='lat' dir='ltr'>caput</span> <span class='ocrx_word' id='word_1_260' title='bbox 947 3011 1058 3089; x_wconf 89' lang='lat' dir='ltr'>digitus</span> <span class='ocrx_word' id='word_1_261' title='bbox 1074 3018 1104 3072; x_wconf 89' lang='lat' dir='ltr'>et</span> 
     </span>
     <span class='ocr_line' id='line_1_34' title="bbox 129 3094 1102 3171; baseline 0 -16"><span class='ocrx_word' id='word_1_262' title='bbox 129 3095 231 3155; x_wconf 82' lang='lat' dir='ltr'>flexus</span> <span class='ocrx_word' id='word_1_263' title='bbox 247 3095 414 3154; x_wconf 87' lang='lat' dir='ltr'>oculorum.</span> <span class='ocrx_word' id='word_1_264' title='bbox 443 3094 605 3171; x_wconf 86' lang='lat' dir='ltr'>inprobum</span> <span class='ocrx_word' id='word_1_265' title='bbox 624 3096 720 3170; x_wconf 89' lang='lat' dir='ltr'>risus,</span> <span class='ocrx_word' id='word_1_266' title='bbox 742 3099 882 3159; x_wconf 90' lang='lat' dir='ltr'>insanum</span> <span class='ocrx_word' id='word_1_267' title='bbox 900 3098 1003 3158; x_wconf 87' lang='lat' dir='ltr'>voltus</span> <span class='ocrx_word' id='word_1_268' title='bbox 1018 3096 1102 3157; x_wconf 93' lang='lat' dir='ltr'>habi·</span> 
     </span>
     <span class='ocr_line' id='line_1_35' title="bbox 129 3178 1101 3258; baseline 0.002 -19"><span class='ocrx_word' id='word_1_269' title='bbox 129 3188 242 3253; x_wconf 87' lang='lat' dir='ltr'>tusque</span> <span class='ocrx_word' id='word_1_270' title='bbox 263 3178 460 3239; x_wconf 89' lang='lat' dir='ltr'>demonstrat.</span> <span class='ocrx_word' id='word_1_271' title='bbox 488 3180 539 3240; x_wconf 93' lang='lat' dir='ltr'>illa</span> <span class='ocrx_word' id='word_1_272' title='bbox 559 3180 639 3240; x_wconf 89' lang='lat' dir='ltr'>enim</span> <span class='ocrx_word' id='word_1_273' title='bbox 654 3178 683 3239; x_wconf 91' lang='lat' dir='ltr'>in</span> <span class='ocrx_word' id='word_1_274' title='bbox 699 3179 911 3258; x_wconf 89' lang='lat' dir='ltr'>apertum‘por</span> <span class='ocrx_word' id='word_1_275' title='bbox 925 3189 1014 3244; x_wconf 90' lang='lat' dir='ltr'>notas</span> <span class='ocrx_word' id='word_1_276' title='bbox 1031 3197 1101 3242; x_wconf 85' lang='lat' dir='ltr'>exe·</span> 
     </span>
     <span class='ocr_line' id='line_1_36' title="bbox 81 3259 1103 3342; baseline 0.002 -19"><span class='ocrx_word' id='word_1_277' title='bbox 81 3335 84 3342; x_wconf 27' lang='lat'>¹</span> <span class='ocrx_word' id='word_1_278' title='bbox 128 3270 197 3323; x_wconf 83' lang='lat' dir='ltr'>unt:</span> <span class='ocrx_word' id='word_1_279' title='bbox 226 3259 325 3338; x_wconf 87' lang='lat' dir='ltr'>qualis</span> <span class='ocrx_word' id='word_1_280' title='bbox 341 3263 471 3338; x_wconf 86' lang='lat' dir='ltr'>quisque</span> <span class='ocrx_word' id='word_1_281' title='bbox 486 3266 540 3338; x_wconf 87' lang='lat' dir='ltr'>sit,</span> <span class='ocrx_word' id='word_1_282' title='bbox 562 3265 657 3339; x_wconf 90' lang='lat' dir='ltr'>scies,</span> <span class='ocrx_word' id='word_1_283' title='bbox 674 3265 700 3324; x_wconf 91' lang='lat' dir='ltr'>si</span> <span class='ocrx_word' id='word_1_284' title='bbox 717 3266 973 3341; x_wconf 88' lang='lat' dir='ltr'>quemadmodum</span> <span class='ocrx_word' id='word_1_285' title='bbox 991 3266 1103 3340; x_wconf 90' lang='lat' dir='ltr'>laudet,</span> 
     </span>
     <span class='ocr_line' id='line_1_37' title="bbox 89 3347 1102 3426; baseline -0.002 -16"><span class='ocrx_word' id='word_1_286' title='bbox 89 3347 383 3424; x_wconf 80' lang='lat' dir='ltr'>uquemadmodum</span> <span class='ocrx_word' id='word_1_287' title='bbox 404 3348 558 3422; x_wconf 87' lang='lat' dir='ltr'>laudetur,</span> <span class='ocrx_word' id='word_1_288' title='bbox 581 3349 771 3423; x_wconf 86' lang='lat' dir='ltr'>adspexeris.</span> <span class='ocrx_word' id='word_1_289' title='bbox 805 3350 883 3411; x_wconf 85' lang='lat' dir='ltr'>ilinc</span> <span class='ocrx_word' id='word_1_290' title='bbox 908 3357 1001 3426; x_wconf 88' lang='lat' dir='ltr'>atque</span> <span class='ocrx_word' id='word_1_291' title='bbox 1021 3349 1102 3412; x_wconf 89' lang='lat' dir='ltr'>illino</span> 
     </span>
     <span class='ocr_line' id='line_1_38' title="bbox 129 3431 1103 3511; baseline 0.002 -20"><span class='ocrx_word' id='word_1_292' title='bbox 129 3431 316 3508; x_wconf 90' lang='lat' dir='ltr'>philosopho</span> <span class='ocrx_word' id='word_1_293' title='bbox 338 3449 446 3493; x_wconf 90' lang='lat' dir='ltr'>manus</span> <span class='ocrx_word' id='word_1_294' title='bbox 468 3432 589 3495; x_wconf 90' lang='lat' dir='ltr'>auditor</span> <span class='ocrx_word' id='word_1_295' title='bbox 606 3433 732 3494; x_wconf 88' lang='lat' dir='ltr'>intentat</span> <span class='ocrx_word' id='word_1_296' title='bbox 745 3442 775 3495; x_wconf 89' lang='lat' dir='ltr'>et</span> <span class='ocrx_word' id='word_1_297' title='bbox 786 3451 881 3511; x_wconf 88' lang='lat' dir='ltr'>super</span> <span class='ocrx_word' id='word_1_298' title='bbox 895 3433 997 3511; x_wconf 89' lang='lat' dir='ltr'>ipsum</span> <span class='ocrx_word' id='word_1_299' title='bbox 1012 3441 1103 3510; x_wconf 89' lang='lat' dir='ltr'>caput</span> 
     </span>
     <span class='ocr_line' id='line_1_39' title="bbox 114 3516 1102 3593; baseline 0.006 -21"><span class='ocrx_word' id='word_1_300' title='bbox 114 3516 293 3578; x_wconf 80' lang='lat' dir='ltr'>mr&#39;rantrirnr</span> <span class='ocrx_word' id='word_1_301' title='bbox 315 3519 404 3581; x_wconf 87' lang='lat' dir='ltr'>turba</span> <span class='ocrx_word' id='word_1_302' title='bbox 420 3517 577 3582; x_wconf 80' lang='lat' dir='ltr'>consistit:</span> <span class='ocrx_word' id='word_1_303' title='bbox 599 3534 663 3580; x_wconf 92' lang='lat' dir='ltr'>non</span> <span class='ocrx_word' id='word_1_304' title='bbox 675 3519 816 3582; x_wconf 87' lang='lat' dir='ltr'>laudatur</span> <span class='ocrx_word' id='word_1_305' title='bbox 830 3519 883 3580; x_wconf 82' lang='lat' dir='ltr'>illa</span> <span class='ocrx_word' id='word_1_306' title='bbox 895 3535 995 3593; x_wconf 83' lang='lat' dir='ltr'>nanc,</span> <span class='ocrx_word' id='word_1_307' title='bbox 1018 3517 1046 3579; x_wconf 90' lang='lat' dir='ltr'>si</span> <span class='ocrx_word' id='word_1_308' title='bbox 1060 3519 1102 3578; x_wconf 91' lang='lat' dir='ltr'>in·</span> 
     </span>
    </p>
   </div>
   <div class='ocr_carea' id='block_1_4' title="bbox 0 0 1219 3862">
    <p class='ocr_par' dir='ltr' id='par_1_4' title="bbox 0 0 1219 3862">
     <span class='ocr_line' id='line_1_40' title="bbox 0 0 1219 3862; baseline 0 0"><span class='ocrx_word' id='word_1_309' title='bbox 0 0 1219 3862; x_wconf 95' lang='lat' dir='ltr'> </span> 
     </span>
    </p>
   </div>
  </div>
 </body>
</html>
