2422 3862
120 234 163 298 62
413 232 446 290 L.
465 231 612 291 ANNAEI
632 231 807 292 SENECAE

119 389 176 448 nisi
189 387 273 463 quod
288 401 406 446 animus
421 400 460 444 ex
476 401 511 445 se
527 383 585 446 sibi
600 384 723 446 invenit.
746 386 831 446 sola
845 383 974 446 virtus
989 398 1094 458 prae

119 479 197 532 stat
218 471 399 546 gaudium
420 477 664 559 perpetuum,
687 485 843 531 securum:
867 469 956 529 etiam
978 467 1096 543 siquid

120 556 233 629 obstat,
257 554 381 615 nubium
398 553 681 627 modo'intervenit,
704 569 784 629 quae
798 553 876 613 inira
890 553 1027 614 teruntur
1039 567 1098 613 nec

90 651 263 716 numquam
283 639 362 699 diem
383 638 538 697 vincunt.‘⁴
572 637 700 710 Quando
722 639 762 699 ad
783 637 842 698 hoo
863 637 1007 712 gaudium
1027 652 1096 711 per·

117 724 222 784 venire
234 724 410 797 contingam
436 737 497 781 non
515 721 637 797 quidem
654 729 793 787 cessatur
808 721 924 796 adhuc,
941 722 997 783 sed
1011 721 1097 783 lesti-

118 815 214 869 netur.
243 809 398 869 multum
419 813 546 866 restat
566 802 776 882 operis‚·‘in
800 807 902 882 quod
928 805 1016 881 ipse
1037 822 1097 866 ne·

119 896 232 954 cesse
252 899 315 953 est
335 890 525 965 vigiliam,
548 890 635 965 ipse
657 890 829 953 lahorem
844 898 947 951 tuum
962 889 1096 965 inpen-

119 978 203 1049 das‚
226 976 352 1037 sicilici
375 974 473 1048 cupis.
495 975 718 1049 delegationem
743 991 794 1036 res
816 976 874 1036 ista
893 991 955 1036 non
976 974 1097 1050 recipit.

91 1061 209 1122 5Aliud
225 1061 377 1120 literarum
390 1074 488 1134 genus
503 1057 686 1120 adiutorium
706 1059 848 1121 admittit:
871 1057 1023 1120 Calvisius
1041 1057 1096 1120 Sa-

118 1145 208 1206 binus
222 1145 367 1206 memoria
380 1150 486 1204 nostra
501 1144 557 1204 luit
571 1144 668 1204 dives.
691 1153 721 1205 ct
737 1144 950 1220 patrimonium
963 1142 1098 1203 habehat

117 1229 247 1289 libertini
267 1237 297 1289 et
320 1226 490 1303 ingenium:
519 1245 685 1304 numquam
709 1229 773 1290 vidi
793 1229 947 1290 hominem
972 1227 1096 1288 beatum

118 1311 319 1375 indecentius.
350 1311 427 1372 Huic
440 1313 587 1373 memoria
602 1320 663 1374 tam
685 1315 765 1374 mala
788 1321 867 1388 erat,
893 1320 926 1373 ut
946 1313 988 1372 illi
1002 1312 1095 1381 modo

119 1411 229 1456 nomen
249 1396 347 1458 Ulixis
369 1397 538 1471 excideret,
565 1398 657 1458 modo
684 1398 826 1472 Achillis,
859 1397 952 1458 modo
974 1395 1094 1469 Priami,

120 1488 273 1556 quosaam
294 1483 373 1542 bene
393 1488 522 1542 noverat
543 1498 634 1556 quam
650 1483 850 1558 paedagogos
867 1488 993 1543 nostros
1008 1479 1094 1543 novi-

121 1582 196 1627 mus.
218 1581 307 1627 nemo
324 1567 445 1627 vetulus
460 1567 681 1639 nomenclator,
704 1567 757 1642 qui
771 1567 894 1626 nomina
908 1582 970 1626 uon
986 1564 1096 1638 reddit,

119 1652 175 1711 sed
194 1651 325 1727 inponit,
350 1657 408 1711 tarn
432 1666 593 1726 perperam
615 1650 711 1711 tribus
727 1668 819 1727 quam
833 1651 883 1711 ille
901 1651 1053 1711 Troianos
1066 1656 1098 1711 et

118 1735 254 1797 Achivos
274 1734 490 1812 persalutabat.
512 1735 605 1796 nihilo
625 1734 726 1796 minus
747 1736 884 1797 eruditus
907 1734 1034 1796 volebat
1051 1735 1096 1795 vi·

89 1819 193 1880 oderi.
230 1820 310 1880 hano
338 1819 441 1895 itaque
473 1818 723 1894 conpendiariam
752 1820 951 1894 excogitavit:
984 1834 1096 1894 magna

118 1920 236 1966 summa
255 1905 325 1965 emit
341 1919 465 1977 servos,
487 1921 599 1979 unum,
621 1905 673 1980 qui
687 1904 852 1966 Homerum
867 1910 998 1986 teneret,
1023 1904 1095 1963 alte·

117 2004 198 2061 rum,
227 1990 278 2063 qui
299 1988 477 2049 Hesiodum.
507 2004 617 2048 novem
643 1998 802 2063 praeterea
830 1989 935 2067 lyricis
953 1988 1095 2062 singulos

117 2071 298 2146 adsignavit.
327 2088 437 2147 magno
461 2073 574 2134 emisse
598 2074 682 2134 illum
703 2091 764 2135 non
786 2081 833 2134 est
854 2074 938 2149 quod
959 2072 1095 2132 mirarica

117 2170 180 2214 non
195 2156 359 2228 invenerat,
380 2156 537 2217 iaciendos
557 2158 677 2219 locavit.
708 2158 874 2234 Postquam
889 2157 966 2218 haec
983 2156 1097 2216 familia

117 2237 159 2298 illi
177 2245 344 2314 conparata
358 2247 414 2315 est,
433 2242 535 2316 coepit
548 2243 696 2303 convivas
711 2260 787 2305 suos
800 2241 981 2318 inquietare.
1001 2240 1095 2301 haba·

119 2323 223 2385 balad
241 2324 337 2398 pedes
351 2324 424 2399 hos,
450 2328 596 2401 aquibus
612 2328 743 2389 subinde
759 2344 825 2389 cum
843 2333 959 2402 peteret
975 2340 1095 2397 versus,

89 2415 198 2483 iquos
219 2410 358 2481 referret,
386 2426 481 2485 saepe
502 2411 531 2471 in
552 2413 654 2474 medio
675 2413 771 2474 verbo
787 2411 959 2473 excidebat.
993 2407 1098 2470 Suasit

116 2491 158 2553 illi
181 2491 323 2555 Satellius
349 2493 534 2570 Quadratus,
560 2498 720 2559 stultomm
746 2497 872 2558 divitum
895 2495 1041 2569 adrosor‚
1067 2499 1097 2554 et

117 2578 200 2653 quod
222 2579 375 2653 sequitur,
397 2577 533 2654 adrisor,
556 2589 586 2642 et
606 2583 691 2657 quod
711 2582 832 2643 duobus
854 2579 903 2641 his
917 2581 1095 2641 adiunctum

116 2670 171 2736 est,
194 2662 327 2735 derisor,
348 2670 381 2723 ut
401 2664 617 2738 grammaticos
633 2667 760 2727 haberet
775 2667 942 2727 analectas.
965 2681 1036 2727 cum
1051 2663 1096 2725 di-

115 2746 214 2806 xisset
238 2744 371 2808 Sabinus
393 2750 530 2810 centenis
553 2751 685 2811 millibus
708 2750 765 2812 sibi
788 2759 931 2812 constare
953 2749 1096 2825 singulos

117 2846 241 2890 servos:
265 2832 424 2904 „minoris‚
449 2834 562 2910 inquit,
583 2835 709 2896 totidem
724 2835 836 2897 scrinia
851 2836 1014 2896 emisses.“
1042 2833 1096 2892 llle

116 2924 216 2974 tamen
231 2912 261 2973 in
276 2930 313 2976 ea
329 2916 474 2992 opinione
489 2927 562 2991 erat,
578 2927 609 2979 ut
624 2927 743 2994 putaret
756 2935 791 2981 se
807 2920 895 2997 soire,
912 2918 999 2995 quod
1011 2917 1095 2994 quis·

87 3005 207 3074 equam
228 2998 257 3057 in
280 3001 371 3061 domo
394 3018 451 3064 sua
473 3001 574 3063 sciret.
607 3004 690 3064 idam
713 3004 856 3066 Satellius
875 3004 959 3065 illum
979 3001 1093 3064 hortari

117 3083 231 3158 coepit,
250 3090 282 3144 ut
297 3087 474 3163 luctaretur,
491 3085 643 3148 hominem
655 3105 803 3164 aegrum,
818 3089 982 3165 pallidum,
996 3086 1091 3163 graci-

115 3170 184 3228 lem.
207 3183 274 3230 cum
292 3169 424 3233 Sabinus
446 3173 677 3247 respondisset:
700 3183 751 3247 „et
772 3174 929 3250 qrromodo
944 3176 1094 3249 possum?

115 3254 167 3312 vix
183 3253 284 3315 vivo.“
317 3256 419 3332 „Noli,
440 3257 572 3318 obsecro
592 3264 635 3332 te,
657 3259 767 3334 inquit,
790 3260 869 3319 istuc
890 3259 1010 3320 dicera=
1031 3271 1091 3316 non

115 3337 212 3413 vides,
228 3357 317 3416 quam
333 3343 446 3403 multos
459 3357 568 3402 servos
583 3344 809 3405 valentissimos
821 3343 985 3406 lrabeas‘l“
1006 3342 1092 3402 Bona

115 3439 201 3486 mens
223 3441 280 3486 nec
301 3425 511 3487 commodatur
531 3442 589 3486 neo
609 3428 725 3489 emitur.
755 3437 786 3489 et
807 3434 897 3504 puto,
925 3429 953 3491 si
973 3422 1091 3488 venalis

105 3517 197 3583 esset,
220 3526 285 3570 non
299 3509 429 3572 haberet
445 3519 624 3588 emptorem.
646 3521 678 3574 at
689 3515 772 3574 mala
785 3512 897 3575 cotidie
911 3514 1030 3575 eruitur.
