2422 3862
463 432 497 512 Ι.
525 429 664 512 llllttt
692 429 863 512 structu

530 583 581 633 ΑΙ)
609 582 795 635 LUCILIUM

222 701 712 801 EPISTULARUM
755 703 1112 803 mtuttttttt

561 872 697 935 LIBER
723 872 773 934 111.

486 1163 706 1221 EPISTULA
732 1165 754 1220 Ι.
783 1167 796 1235 (
832 1163 853 1231 .)

433 1257 545 1310 sunnon
562 1259 673 1310 Luctmo
693 1270 744 1309 suo
764 1267 903 1320 saturent.

152 1377 164 1434 ³.
243 1366 318 1424 Iam
340 1361 544 1438 intellegis
566 1363 806 1424 educendum
828 1377 916 1423 esse
936 1367 973 1421 te
996 1376 1044 1420 ex
1071 1361 1159 1421 istis

181 1446 511 1524 occupationibus
534 1448 733 1522 speciosis
760 1455 796 1508 et
815 1445 937 1506 malis.
971 1444 1041 1504 sed
1065 1461 1160 1520 quo-

181 1533 292 1594 modo
325 1532 364 1592 id
395 1529 757 1607 consequipossis
792 1529 959 1605 quaeris.
1005 1528 1161 1603 Quaedam

181 1633 243 1678 non
263 1616 322 1676 nisi
340 1616 504 1693 [praesenti
514 1617 545 1695 a]
563 1622 726 1690 praesente
741 1621 956 1675 monstrantur.
982 1629 1046 1674 non
1062 1621 1163 1689 potest

181 1701 319 1762 medicus
346 1715 401 1776 per
427 1700 588 1776 epistulam
613 1699 672 1760 cibi
699 1708 750 1761 aut
769 1699 870 1759 balnei
891 1705 1012 1774 tempus
1034 1699 1161 1773 eligere:

181 1802 262 1847 vena
276 1784 430 1862 tangenda
444 1791 500 1844 est.
521 1793 610 1847 vetus
625 1785 821 1860 proverbium
836 1790 885 1843 est
904 1782 1163 1858 gladiatorem

182 1873 218 1932 in
241 1886 357 1930 arena
380 1884 521 1944 capere
544 1867 767 1930 consilium:
789 1865 909 1943 aliquid
918 1867 1088 1927 adversarii
1101 1867 1163 1928 vol·

181 1964 245 2028 tus,
269 1953 386 2030 aliquid
399 1969 508 2015 manus
522 1960 619 2028 mota,
642 1953 757 2029 aliquid
771 1952 842 2028 ipsa
855 1951 1010 2014 inclinatio
1023 1951 1164 2028 corporis

154 2040 347 2104 tintuentem
370 2047 481 2100 monet.
524 2037 602 2111 Quid
623 2037 689 2097 fieri
715 2038 827 2111 soleat,
857 2036 931 2112 quid
952 2044 1110 2111 oporteat,
1134 2036 1164 2095 in

182 2127 360 2185 universum
375 2128 405 2183 et
418 2121 557 2182 mandari
570 2129 671 2197 potest
685 2128 715 2182 et
730 2119 837 2182 scribi:
858 2123 918 2183 tale
929 2120 1165 2181 consilium'non
1198 2150 1200 2154 ·

183 2217 298 2270 tantum
317 2204 510 2279 absentibus,
540 2203 706 2266 sedetiam
728 2205 861 2281 posteris
882 2206 980 2266 datur.
1015 2210 1069 2279 [at]
1092 2204 1165 2266 illud

184 2295 327 2368 alterum,
347 2290 471 2366 quando
483 2289 551 2350 lieri
563 2289 674 2350 debeat
687 2297 740 2350 aut
752 2291 1025 2367 quemadmodum,
1048 2305 1087 2349 ex
1102 2291 1166 2350 lon·

184 2379 299 2454 ginquo
321 2390 411 2436 nemo
435 2373 596 2434 suadebit:
629 2390 697 2435 cum
717 2375 811 2443 rebus
836 2374 913 2449 ipsis
935 2374 1167 2435 deliberandum

156 2470 241 2528 best.
277 2461 344 2521 Non
365 2465 481 2519 tantum
502 2459 690 2533 praesentis,
713 2459 770 2519 sed
789 2458 941 2533 vigilantis
964 2464 1012 2518 est
1026 2459 1166 2521 occasio·

185 2562 253 2607 nem
276 2546 443 2606 observare
466 2548 689 2617 properantem.
721 2541 824 2618 itaque
848 2543 927 2603 hanc
952 2543 1166 2620 circumspice,

185 2632 265 2691 hanc
288 2629 315 2688 si
337 2627 466 2702 videris,
494 2628 611 2702 prende
631 2635 662 2689 et
681 2634 745 2688 toto
767 2626 887 2702 inpetu,
913 2628 985 2688 totis
1003 2628 1122 2688 viribus
1137 2627 1168 2687 id

186 2729 258 2789 age,
281 2719 315 2772 nt
335 2718 366 2770 te
388 2711 455 2772 istis
476 2710 587 2772 officiis
610 2727 717 2772 exuas.
750 2718 780 2772 et
800 2712 921 2787 quidem
938 2728 1031 2788 quam
1046 2719 1167 2773 senten-

186 2799 258 2858 tiam
279 2796 389 2869 leram,
412 2796 559 2857 adtende:
589 2812 703 2858 censeo
723 2802 774 2857 aut
794 2812 834 2856 ex
855 2797 914 2857 ista
933 2796 997 2857 vita
1012 2795 1067 2858 tibi
1083 2803 1168 2856 aute

186 2881 248 2942 uita
263 2881 445 2941 exeundum.
469 2882 526 2941 sed
540 2880 615 2941 illud
629 2881 710 2941 idem
721 2881 876 2956 existimo,
892 2881 952 2942 leni
964 2881 1099 2944 eundum
1109 2880 1168 2954 via,

186 2972 233 3038 ut,
258 2965 342 3039 quod
356 2967 434 3026 male
449 2965 628 3042 implicuisti,
650 2967 755 3027 solvas
770 2965 873 3040 potius
887 2982 978 3041 quam
991 2965 1167 3042 abrumpas,

188 3049 369 3125 dummodo,
393 3051 420 3112 si
436 3052 495 3111 alia
510 3049 650 3111 solvendi
664 3050 740 3111 ratio
757 3066 818 3110 non
833 3047 905 3124 erit,
927 3053 975 3110 vel
992 3051 1167 3126 abrumpas.

187 3135 282 3194 Nemo
303 3141 363 3194 tam
384 3136 507 3197 timidus
529 3142 590 3208 est,
617 3142 650 3195 ut
671 3135 754 3195 malit
774 3151 897 3210 semper
919 3135 1056 3211 pendere
1079 3150 1168 3212 quam

158 3219 283 3279 lsomel
303 3220 422 3280 cadere.
464 3219 601 3295 Interim,
630 3227 713 3296 quod
735 3219 864 3295 primum
889 3227 950 3295 est,
978 3218 1120 3296 inpedire
1139 3226 1168 3279 te

189 3303 261 3364 noli.
296 3311 454 3365 contentus
476 3311 544 3366 esto
565 3305 710 3379 negotiis,
738 3303 769 3362 in
791 3320 870 3381 quae
882 3297 1097 3379 descendisti,
1120 3304 1168 3363 vel

189 3389 273 3464 quod
294 3389 391 3449 videri
413 3390 525 3462 mavis,
548 3388 689 3449 incidisti.
710 3396 847 3462 nonest,
871 3390 954 3464 quod
969 3390 1008 3450 ad
1024 3387 1169 3451 ulteriora

176 3473 308 3532 niteris.-
334 3481 387 3536 aut
405 3473 524 3551 perdes
554 3473 790 3536 excusationem
814 3480 847 3533 ct
869 3473 1033 3548 adparebit
1054 3481 1086 3532 te
1107 3487 1167 3533 non
