2422 3862
177 230 347 292 unsrun.
363 230 458 292 moe.
472 220 548 291 uie.
563 188 627 291 ini.
649 231 707 292 ne.
720 243 745 294 1.
758 243 784 295 a.
811 238 938 309 (eost)
986 233 1049 298 uae

68 394 176 460 torque
198 385 312 444 sanitas
333 384 452 445 mentis.
475 385 726 460 quemadmodum
745 382 779 423 **
787 386 991 461 difficilesque
1005 386 1049 446 ie·-

67 469 151 529 ciunt
172 470 280 529 oculos
302 467 408 529 diutini
429 467 527 528 morbi
548 468 638 528 etiam
658 468 697 528 ad
712 469 866 529 minimam
880 468 958 530 radii
972 469 1048 530 solis

67 552 284 624 offensionem,
320 552 361 611 ita
389 552 551 612 ebrietates
579 553 742 612 continuae
767 551 896 615 efferant
919 555 1048 614 animos.

65 653 136 696 nom
148 651 217 696 cum
234 651 330 710 saepe
351 636 434 710 apud
450 652 485 696 se
500 652 562 696 non
577 634 652 709 sint,
675 637 897 698 consuetudine
911 637 1049 697 insaniae

64 720 174 781 durata
188 720 261 779 vitia
280 735 297 778 e
313 720 383 779 vino
402 727 553 795 concepta
574 720 663 779 etiam
684 721 751 781 sine
772 721 822 782 illo
839 723 950 781 valent.
981 721 1089 785 Dicet

64 820 168 879 ergo,
196 819 314 879 quare
336 804 495 877 sepiens
516 820 588 864 non
617 804 758 864 debeat
784 805 921 866 ebrius
949 803 1047 865 lieri.

64 889 355 949 deformitatem
381 887 436 945 rei
467 895 502 946 et
528 888 854 963 inportunitatem
883 890 1048 950 ostende

63 972 192 1045 rebus,
208 987 281 1031 non
297 969 442 1031 verbis.
467 970 552 1045 quod
574 969 749 1031 facillimum
764 979 827 1048 est,
849 974 947 1048 proba
962 974 1047 1047 istas,

65 1073 146 1132 qnae
170 1057 342 1131 voluptates
362 1061 526 1128 vocentur,
557 1056 608 1115 ubi
634 1056 895 1119 transscenderint
914 1056 1048 1132 modum,

64 1156 184 1216 poenes
211 1155 292 1200 esse.
328 1139 404 1199 llam
428 1139 454 1197 si
480 1137 555 1198 illud
576 1140 852 1215 argumentaberis,
878 1142 1048 1217 sapientem

63 1226 158 1286 multo
181 1225 251 1285 vino
272 1221 414 1282 inebriari
431 1230 461 1282 et
479 1223 608 1283 retinere
625 1230 742 1284 rectum
758 1231 908 1300 tenorem,
930 1224 1049 1286 etiamsi

63 1310 247 1369 temulentus
263 1309 316 1367 sit:
341 1305 413 1366 licet
431 1306 557 1381 colliges
572 1323 630 1367 nec
644 1323 764 1370 veneno
785 1316 858 1384 poto
873 1310 1048 1370 moriturum

63 1408 122 1453 nec
150 1408 265 1467 sopore
292 1398 415 1466 sumpto
445 1390 644 1452 dormiturum
667 1407 725 1451 nec
749 1392 884 1454 elleboro
910 1400 1049 1468 eccepto,

64 1477 212 1553 quicquid
224 1475 254 1535 in
268 1473 437 1535 visceribus
449 1473 594 1548 haerebit
608 1477 774 1536 eiecturum
786 1476 1048 1551 deiecturumque.

64 1562 121 1622 sed
138 1562 164 1620 si
180 1565 363 1636 temptantur
382 1559 496 1634 pedes,
523 1559 625 1633 lingua
648 1575 709 1620 non
729 1567 864 1620 constat:
895 1559 967 1635 quid
990 1567 1047 1633 est,
1109 1598 1111 1602 -

64 1660 161 1721 quare
182 1645 266 1704 illum
287 1643 443 1704 existimes
464 1643 495 1702 in
519 1651 607 1717 parte
634 1641 770 1703 sobrium
797 1660 883 1716 esse,
909 1644 939 1702 in
963 1651 1048 1718 parte

63 1728 203 1789 ebrium?
222 1729 310 1787 Vale.

372 1861 590 1920 EPISTULA
610 1864 645 1919 ll.
668 1863 739 1935 (84.)

319 1956 428 2025 sunnon
446 1958 557 2008 Lucmro
578 1969 629 2009 suo
649 1969 788 2009 siturum.

127 2061 274 2120 ltinera
288 2059 380 2134 ista,
399 2075 495 2135 quae
511 2061 715 2135 segnitiem
730 2059 820 2119 mihi
835 2058 1074 2134 enuntianti

63 2153 98 2205 et
115 2142 326 2204 valitudini
350 2158 454 2203 meae
476 2145 670 2218 prodesse
692 2144 825 2207 iudico
841 2143 1045 2205 etstudiis.

63 2229 164 2301 Quare
182 2227 378 2287 valitudinem
400 2228 559 2300 adiuvent,
585 2229 688 2289 vides:
714 2245 782 2288 cum
805 2228 924 2303 pigrum
947 2245 996 2289 me
1016 2237 1048 2289 et

63 2312 275 2387 neglegentem
291 2312 432 2386 corporis
447 2310 602 2372 literarum
619 2329 704 2374 emor
719 2313 818 2385 iaciat,
834 2313 934 2373 aliena
951 2327 1048 2387 opera

62 2410 226 2454 exerceor:
249 2394 358 2456 studiis
380 2411 475 2470 quere
497 2398 632 2472 prosint,
653 2397 811 2457 indicabo:
833 2396 1046 2457 electioni-

62 2479 395 2539 busnonrecessi.
420 2487 662 2553 suntantem,
683 2488 717 2542 ut
736 2481 892 2550 existimo,
914 2495 1044 2539 neces-

62 2560 207 2633 sariae,
231 2561 358 2636 primum
379 2578 417 2622 ne
438 2564 494 2622 sim
517 2580 566 2623 me
594 2582 655 2626 uno
677 2571 847 2624 contentus.
869 2561 981 2622 deinde
1002 2569 1045 2636 ut,

61 2662 131 2706 cum
146 2645 184 2704 ab
200 2645 265 2705 eliis
284 2647 422 2721 quaesite
440 2662 633 2723 cognovero,
661 2655 723 2707 tum
744 2655 774 2705 et
794 2648 833 2706 de
854 2646 985 2706 inventis
1000 2645 1046 2705 iu·

62 2728 163 2789 dicem
179 2736 209 2790 et
224 2730 354 2804 cogitem
369 2732 409 2790 de
430 2729 632 2792 inveniendis.
656 2732 707 2792 alit
726 2729 816 2791 lectio
837 2729 991 2804 ingenium
1015 2737 1047 2790 et

62 2813 162 2872 studio
181 2814 347 2888 fatigatum,
365 2830 425 2875 non
442 2813 509 2874 sine
524 2816 625 2875 studio
641 2823 751 2890 temen,
766 2814 873 2874 reiicit.
895 2813 958 2873 Nec
969 2812 1073 2876 scri-u

60 2895 133 2954 bere
150 2905 266 2958 tanturn
281 2913 338 2957 nee
353 2905 468 2959 tantum
489 2901 593 2974 legere
611 2898 774 2961 debemus:
796 2898 891 2959 altere
905 2913 956 2958 res
971 2913 1043 2958 con-

60 2980 203 3055 tristabit,
226 2982 308 3042 vires
323 2981 480 3043 exhauriet
493 2983 547 3057 (de
562 2981 632 3044 stilo
655 2983 754 3057 dico),
779 2985 873 3042 altere
894 2984 994 3042 solvet
1007 2996 1046 3041 ac

59 3063 162 3124 diluet.
183 3066 315 3138 invicem
334 3066 393 3126 huc
415 3073 444 3126 et
468 3065 519 3127 illo
542 3068 776 3129 commeandum
797 3073 844 3126 est
868 3073 898 3128 et
917 3068 1045 3127 alterum
1113 3115 1117 3121 .

58 3151 153 3209 altero
168 3148 424 3224 temperandum„
438 3157 472 3209 ut
493 3150 638 3225 quicquid
659 3149 791 3212 lectione
806 3149 967 3210 collectum
987 3156 1043 3222 est,

58 3233 146 3292 stilus
168 3233 288 3306 redigat
307 3233 336 3292 in
361 3247 485 3307 corpus.
521 3236 641 3308 Apes,
671 3242 702 3295 ut
729 3232 828 3306 aiunt,
857 3233 1073 3293 debemustt

27 3384 32 3393 Ι
57 3316 215 3388 imitari,
231 3332 311 3390 quae
328 3324 476 3391 vagantur
490 3324 521 3377 et
539 3315 634 3377 flores
654 3318 693 3378 od
711 3319 770 3377 mel
789 3316 961 3377 iaciendum
976 3315 1043 3376 ido·

57 3415 136 3460 neos
149 3407 287 3474 carpunt,
304 3400 415 3460 deinde
431 3399 578 3476 quicquid
592 3398 740 3475 adtulere,
753 3399 979 3476 disponentes
988 3413 1048 3470 pen

57 3485 147 3543 ieros
164 3481 304 3555 digerunt
319 3492 356 3557 et
375 3490 406 3546 ut
419 3483 577 3563 Vergilius
592 3493 703 3550 noster
718 3486 781 3564 citt,
