2422 3862
132 209 193 274 168
435 207 469 265 L.
490 205 636 266 ANNAEI
657 204 832 265 SENECAE

132 365 308 435 corruptum
329 363 360 417 et
373 357 497 431 ingenio
518 363 673 431 vegetum:
695 356 776 416 dicet
795 357 1024 419 fortunatiorem
1046 359 1107 422 sibi

132 444 242 517 videri,
266 442 319 517 qui
340 440 442 501 omnia
462 455 563 500 rerum
584 439 784 501 adversarum
806 455 901 500 onera
920 441 1020 516 rigida
1040 458 1106 505 cer-

131 528 198 588 vice
214 525 369 597 sustollat,
387 525 439 600 qui
455 539 550 599 supra
569 523 720 585 loctunam
739 525 875 585 exsistat
909 525 977 587 Non
996 527 1106 588 mirum

74 625 76 629 ’
132 619 179 673 εει
193 609 224 670 in
239 609 454 685 tranquillitate
467 623 527 668 non
553 608 689 669 coneum
711 607 786 668 illud
801 608 988 686 mirareibi
1002 613 1107 672 extolli

132 696 280 771 aliquem,
300 692 353 753 ubi
374 706 480 753 omnes
502 691 729 767 deprimuntur,
753 691 794 751 ibi
809 699 906 765 stare,
927 692 979 755 ubi
996 710 1105 755 omnes

90 779 240 840 miacent.
272 776 349 851 poio
364 782 413 837 est
427 775 458 835 in
473 775 645 849 tormentis,
663 776 737 850 quid
751 783 800 836 est
814 777 844 835 in
859 776 940 850 aliis,
958 794 1038 853 quae
1052 779 1105 840 ad-

132 879 223 923 versa
247 861 455 936 adpellamus,
488 858 580 921 malit
608 858 700 937 [hoa]
732 868 765 921 ut
790 861 914 935 opinor,
944 861 1106 924 succidere

132 953 265 1007 mentem
287 943 491 1009 etincurvari
515 948 546 1002 ει
565 944 781 1018 succumbere,
809 961 940 1020 quorum
961 946 1033 1006 nihil
1056 963 1105 1007 sa—

133 1029 227 1108 pienti
242 1029 308 1089 viro
326 1028 435 1105 poterit
456 1025 593 1086 evenire:
614 1033 673 1087 stat
686 1035 789 1089 rectus
804 1029 861 1089 sub
878 1030 1014 1105 quolibet
1027 1045 1106 1105 pon-

133 1115 217 1175 dere.
256 1113 338 1174 nulla
365 1112 449 1171 illurn
473 1126 524 1171 res
549 1110 696 1172 minorem
719 1111 799 1172 lacit.
835 1111 909 1173 nihil
928 1113 970 1174 illi
989 1129 1105 1189 eorum,

135 1214 216 1275 quae
237 1196 364 1257 lerenda
384 1202 470 1268 sunt,
494 1194 645 1270 displicet.
681 1212 752 1255 nam
773 1196 921 1271 quicquid
942 1197 1051 1257 cadere
1074 1199 1104 1257 io

135 1282 288 1343 hominem
301 1287 417 1356 potest,
429 1279 459 1338 in
475 1293 511 1338 se
521 1277 672 1340 cecidisse
687 1296 748 1341 oon
764 1281 910 1355 queritur.
933 1281 1014 1341 vires
1031 1297 1107 1342 suas

93 1367 228 1430 ninovit.
258 1364 316 1425 scit
330 1379 365 1424 se
384 1378 456 1423 esse
471 1361 556 1423 oneri
572 1363 709 1424 terendo.
739 1364 806 1426 Non
821 1365 921 1426 educo
937 1365 1108 1439 sapientem

136 1467 176 1511 ex
194 1449 349 1511 hominum
370 1463 497 1508 nurnero
520 1461 576 1506 nec
591 1447 715 1510 dolores
737 1448 775 1509 ab
789 1448 841 1508 illo
855 1448 935 1510 sicut
951 1449 989 1508 ab
1005 1447 1109 1524 aliqua

135 1550 212 1611 rupe
234 1532 348 1594 nullum
369 1547 495 1592 sensum
515 1529 689 1592 admittente
709 1531 888 1595 submoveo.
925 1532 1049 1593 memini
1070 1550 1109 1593 ex

136 1619 256 1681 duabus
271 1617 354 1677 illurn
374 1614 513 1692 partibus
528 1629 601 1674 esse
615 1617 824 1692 conpositum=
845 1619 940 1678 altera
960 1625 1008 1677 εει
1028 1617 1106 1678 inra-

135 1703 267 1764 tionalis.
302 1701 380 1762 haec
395 1699 567 1771 mordetur,
590 1700 701 1773 uritur,
717 1700 814 1761 dolet=
830 1700 924 1761 altera
938 1701 1108 1762 rationalis.

136 1788 212 1847 haec
226 1786 429 1847 inconcussas
443 1783 608 1859 opiniones
621 1783 727 1859 habet,
748 1784 900 1860 intrepida
914 1793 962 1845 est
977 1793 1006 1846 et
1020 1786 1106 1846 indo·

134 1873 215 1932 mita.
244 1871 275 1931 in
289 1870 349 1930 hac
364 1868 499 1944 positum
512 1874 561 1928 est
576 1883 727 1929 summurn
742 1867 815 1928 illud
831 1869 962 1931 hominis
977 1869 1108 1931 bonum:

137 1961 298 2029 antequam
320 1955 485 2028 inpleatur,
512 1952 628 2013 incerta
653 1953 762 2018 mentis
784 1954 928 2014 volutatio
950 1961 1012 2015 est:
1040 1970 1109 2015 cum

94 2053 128 2107 os
140 2054 212 2098 vero
228 2040 396 2113 perlectum
411 2045 472 2108 est,
488 2037 601 2098 inmota
615 2037 666 2097 illa
683 2035 832 2098 stabilitas
847 2044 904 2098 est.
941 2037 1049 2113 ltaque
1064 2039 1107 2097 in·-

135 2123 263 2182 choatus
276 2129 306 2182 et
316 2121 356 2181 ad
368 2138 485 2182 summa
494 2120 667 2196 procedens
679 2121 839 2196 cultorque
850 2121 978 2196 virtutiS,
990 2123 1109 2183 etiarnsi

136 2206 362 2282 adpropinquat
372 2207 508 2283 perlecto
521 2206 611 2278 bono,
626 2206 684 2266 sed
694 2206 722 2266 ei
735 2206 874 2267 nondum
885 2222 1035 2266 summam
1046 2223 1108 2267 ma·

135 2305 209 2350 num
224 2288 372 2364 inposuit,
395 2289 437 2350 ibi
456 2289 575 2351 interim
597 2289 731 2351 cessabit
749 2297 780 2351 et
794 2291 924 2354 remittet
938 2291 1055 2367 aliquid
1070 2307 1109 2352 ex

136 2374 301 2434 intentione
315 2374 434 2435 mentis.
458 2373 593 2434 nondum
608 2373 686 2433 enim
699 2375 813 2435 incerta
823 2382 1036 2448 transgressus
1052 2384 1109 2436 est.

137 2459 308 2519 etiamnunc
333 2465 474 2520 versatur
498 2459 528 2519 in
554 2457 671 2520 lubrico
689 2480 696 2513 ι
713 2459 822 2519 beatus
843 2474 917 2520 vero
938 2467 970 2519 et
990 2459 1109 2521 virtutis

137 2551 263 2604 exactae
284 2550 354 2605 tunc
375 2558 410 2603 se
431 2542 562 2614 maxime
581 2549 677 2616 amat,
698 2557 767 2602 curn
781 2543 946 2604 tortissime
961 2550 1110 2618 expertus

136 2634 198 2702 est,
213 2634 244 2688 et
259 2627 422 2688 metuenda
437 2625 561 2701 ceteris,
582 2626 609 2686 si
623 2627 752 2689 alicuius
766 2626 889 2686 honesti
903 2627 997 2687 officii
1012 2629 1110 2702 pretia

138 2719 222 2787 sunt,
244 2727 305 2773 non
326 2717 440 2772 tanturn
455 2711 527 2783 lert,
551 2711 608 2771 sed
626 2712 817 2786 amplexatur
831 2713 987 2786 multoque
1002 2712 1110 2772 audire

95 2796 265 2864 oomavultz
286 2801 397 2854 tanto
418 2794 554 2854 melior
576 2810 668 2869 quam
685 2800 787 2867 [tanto]
804 2795 972 2857 felicior.
1007 2795 1109 2856 Venio

137 2893 220 2938 nunc
234 2879 301 2952 illo,
318 2893 379 2953 quo
394 2893 443 2951 me
457 2883 547 2938 vocat
561 2879 751 2954 exspectatio
766 2887 826 2941 tua.
847 2879 892 2938 Ne
908 2887 994 2941 extra
1009 2896 1110 2940 rerum

138 2969 275 3023 naturam
289 2962 394 3036 vagari
410 2961 505 3022 virtus
521 2967 625 3023 nostra
642 2963 792 3038 videatur,
814 2972 845 3025 et
861 2970 970 3024 tremet
983 2963 1111 3038 sapiens

137 3054 168 3107 et
184 3045 298 3107 dolebit
312 3053 342 3105 et
356 3047 551 3122 expallescet.
578 3045 610 3108 hi
624 3047 703 3106 eninr
719 3062 826 3109 omnes
841 3046 981 3123 corporis
996 3063 1111 3109 sensus

137 3136 217 3191 sunt.
253 3129 303 3190 ubi
318 3130 403 3204 origo
425 3130 624 3190 calamitatis?
643 3130 695 3191 ubi
709 3131 785 3193 illud
798 3134 909 3207 malum
925 3148 1031 3192 verum
1045 3139 1113 3192 estt

136 3212 197 3276 illic
209 3212 333 3288 scilicet,
349 3213 375 3275 si
387 3215 445 3277 ista
459 3215 591 3283 animum
606 3215 774 3288 detrahunt,
789 3217 816 3279 si
832 3217 871 3277 ad
885 3216 1112 3278 confessionem

93 3296 291 3362 noservitutis
305 3299 476 3374 adducunt,
498 3299 524 3359 si
544 3298 586 3358 illi
606 3300 822 3374 poenitentiam
839 3300 887 3361 sui
903 3300 1025 3362 laeiunt.
1055 3299 1110 3360 Sa-

138 3383 226 3460 piens
249 3383 371 3460 quidem
392 3384 485 3444 vincit
506 3383 615 3445 virtute
630 3384 795 3458 fortunam,
820 3393 851 3446 at
872 3386 956 3446 multi
977 3383 1112 3460 professi

132 3469 316 3542 sapientiam
337 3467 506 3551 leuissimis
527 3483 756 3545 nonnumquam
776 3469 865 3530 minis
880 3467 1015 3530 exterriti
1030 3473 1112 3528 sunt
