2422 3862
192 215 364 278 nrrsrun.
379 216 472 278 uon.
494 218 645 278 mnvrr.
667 219 763 282 nra.
785 225 857 295 (aa.)
943 220 1005 286 141

61 426 63 432 ,
83 380 179 450 parte
199 371 291 431 abest
307 378 336 430 et
351 371 552 446 cogitationes
569 387 643 433 suas
659 372 697 432 ad
713 373 854 433 sublimia
867 373 1005 435 intendit.

61 461 100 518 lut
121 463 325 516 sacramento
345 462 470 530 rogatus
494 458 571 527 hoc,
602 455 796 532 quadrivii,
820 457 1004 532 stipendium

61 549 109 603 lat
148 547 182 601 et
210 540 253 599 ita
279 539 425 600 iormalus
451 548 515 614 est,
537 547 571 599 ut
595 539 636 600 illi
662 556 720 600 nec
740 558 826 603 amor
846 541 928 602 vilae
948 556 1005 603 nec

61 626 120 687 ium
148 623 208 696 sit,
233 624 408 700 patiturque
426 624 581 697 mortalia,
604 625 744 700 quamvis
766 626 844 686 sciat
858 626 1006 702 ampliora

61 722 202 787 parasse.
239 707 401 768 Interdicis
417 707 490 767 milri
505 708 699 783 inspectione
713 726 813 770 rerum
828 716 970 783 naturae,
986 710 1048 770 ala

61 810 79 856 o
92 793 270 854 abductum
285 791 399 866 redigis
414 791 444 850 in
458 798 596 867 partem?
610 808 668 867 ego
681 810 741 854 non
754 810 909 868 quaeram,
926 809 1006 870 quae

61 885 78 941 l
95 876 189 938 initia
205 876 443 936 universorum?
464 876 533 952 quis
549 892 650 936 rerum
665 878 836 939 formator?
857 877 926 953 quis
942 893 1006 938 om·

61 985 66 1024 ι
82 963 116 1023 in
131 977 201 1022 uno
218 974 321 1020 mersa
335 967 365 1021 et
379 961 505 1020 materia
519 959 607 1019 inerti
623 962 787 1023 convoluta
805 962 1008 1022 discreverit?

61 1060 266 1122 nquaeram,
287 1044 355 1120 quis
378 1043 417 1104 sil
431 1044 519 1105 istius
534 1043 642 1104 artilex
657 1046 785 1106 mundi?
807 1062 868 1121 qua
889 1045 1006 1107 ratione

61 1136 97 1201 tta
107 1125 297 1205 magnitudo
309 1128 338 1187 in
354 1129 452 1203 legem
466 1136 496 1188 el
507 1127 644 1189 ordinem
657 1129 794 1190 venerit?
810 1130 879 1206 quis
895 1146 1006 1206 sparsa

61 1208 197 1290 tegern,
223 1213 354 1274 confusa
368 1211 555 1286 distinxerit,
577 1213 606 1271 in
628 1229 689 1273 una
704 1213 896 1275 deformitate
910 1216 1005 1274 laten-

61 1314 97 1361 as
124 1297 243 1358 faciem
269 1296 428 1357 diviserit?
453 1296 535 1357 unde
556 1296 607 1356 lux
630 1303 712 1357 tanta
733 1296 899 1358 fundaturi
925 1297 1004 1373 ignis

61 1399 132 1456 ,an
159 1380 280 1457 aliquid
301 1380 371 1456 igne
392 1380 545 1440 lucidius?
587 1381 652 1456 Ego
674 1382 732 1441 ista
752 1398 812 1442 non
836 1387 1048 1458 quaeramtio

61 1482 75 1528 n
97 1465 261 1539 nesciam,
285 1465 367 1525 unde
390 1464 626 1525 descenderim?
654 1467 749 1526 semel
770 1465 847 1526 haec
869 1465 940 1525 milri
962 1467 1005 1525 vi-

61 1551 119 1612 nda
142 1550 224 1624 sint,
247 1565 285 1608 an
307 1564 403 1623 saepe
420 1549 629 1608 nascendum?
652 1566 713 1624 quo
729 1550 800 1609 hinc
814 1549 911 1609 iturus
927 1549 1006 1608 simi

61 1651 96 1697 ae
114 1629 217 1696 sedes'
233 1637 394 1708 exspectet
414 1633 543 1692 animam
568 1635 697 1695 solutam
714 1634 832 1709 legibus
850 1633 1004 1694 servitulis

61 1725 198 1779 manae?
221 1724 307 1778 vetas
322 1733 371 1777 me
392 1719 480 1784 coelo
495 1716 661 1790 interesse,
685 1718 716 1777 ld
731 1724 779 1778 est
793 1717 880 1776 iubes
897 1732 946 1776 mc
960 1719 1001 1777 vi·

61 1820 89 1864 re
112 1802 222 1878 capite
244 1801 402 1862 demisso?
432 1801 530 1861 Maior
551 1817 618 1862 sum
640 1809 671 1861 et
690 1803 726 1861 ad
743 1802 860 1861 maiora
874 1801 1043 1876 genitus,21

61 1905 109 1950 am
125 1894 164 1950 ul
174 1884 361 1961 mancipium
378 1885 436 1944 sim
448 1886 588 1960 corporis
600 1885 674 1959 mei,
692 1886 775 1960 quod
788 1885 931 1960 equidem
943 1902 1003 1946 non

61 1989 101 2032 er
120 1969 269 2046 adspicio
292 1985 382 2048 quam
401 1969 533 2030 vinclum
555 1969 680 2044 aliquod
701 1968 831 2029 libertati
846 1984 932 2029 meae
948 1970 1004 2029 cir-

61 2056 215 2117 ndatum=
235 2053 296 2113 hoc
311 2054 413 2129 itaque
430 2054 555 2129 obpono
571 2053 726 2126 fortunae,
749 2052 778 2113 in
796 2070 858 2129 quo
871 2053 1003 2126 resistat,

61 2156 71 2202 a
87 2156 151 2217 per
166 2137 242 2198 illud
258 2137 296 2198 ad
309 2154 357 2197 me
372 2139 466 2198 ullum
482 2137 612 2198 transire
626 2140 737 2199 volnus
754 2138 832 2198 sino.
854 2137 1005 2214 Quicquid

61 2240 112 2285 me
125 2229 235 2300 potest
250 2222 387 2283 iniuriam
404 2222 481 2299 pali,
505 2221 565 2282 hoc
580 2229 636 2283 esl.
673 2220 702 2281 in
723 2222 783 2283 hoc
798 2222 933 2283 obnoxio
949 2223 1003 2285 do-

61 2309 132 2371 rilio
161 2307 282 2367 animus
307 2307 384 2367 liber
410 2305 534 2366 habitat.
574 2306 745 2381 Numquam
772 2322 820 2366 me
846 2323 918 2369 earo
946 2307 1046 2368 islaaa

61 2391 179 2468 apellet
198 2389 238 2449 ad
253 2398 380 2466 metum,
402 2406 567 2465 numquam
588 2390 628 2451 ad
642 2389 798 2466 indignam
811 2391 895 2452 bono
911 2392 1002 2452 simu·

61 2477 179 2538 ionem.
212 2491 379 2551 numquam
402 2474 431 2533 in
453 2474 600 2535 honorem
621 2474 711 2536 huius
727 2475 903 2551 corpusculi
920 2476 1021 2536 men?

61 2576 85 2620 r.
114 2576 188 2620 cum
210 2557 312 2620 visum
331 2559 401 2631 erit,
425 2558 591 2619 distraham
607 2575 675 2620 cum
692 2560 742 2620 illo
759 2560 954 2622 societatem:
974 2568 1004 2621 et

61 2660 100 2705 nc
114 2652 235 2718 tamen,
252 2642 323 2704 dum
338 2643 516 2719 haeremus,
536 2659 596 2702 non
613 2643 726 2704 erimus
742 2641 850 2717 aequis
865 2643 1002 2720 partibus

61 2726 115 2789 cti=
140 2727 261 2788 animus
283 2729 321 2788 ad
344 2744 379 2789 se
400 2743 490 2788 omne
512 2728 560 2787 ius
585 2727 685 2788 ducet.
722 2735 916 2802 contemptus
936 2744 1002 2789 cor-

61 2812 106 2873 ris
130 2812 179 2873 sui
200 2820 282 2874 certa
298 2811 423 2873 libertas
444 2818 500 2873 est.
535 2812 575 2873 Ut
595 2810 636 2871 ad
652 2812 843 2888 propositum
857 2822 1046 2887 reverterat

60 2898 90 2957 ic
104 2895 241 2957 libertati
255 2897 380 2957 mullum
391 2896 527 2958 conierel
542 2904 571 2957 et
585 2896 643 2968 illa,
660 2896 700 2957 dc
715 2913 776 2972 qua
790 2897 882 2960 modo
894 2896 1000 2974 loque·

61 2998 145 3056 mur,
167 2981 336 3057 inspectio:
357 2996 467 3056 nempe
488 2981 633 3040 universa
647 2997 685 3040 ex
700 2982 827 3043 materia
841 2989 872 3042 et
887 2997 926 3042 ex
942 2983 1001 3045 deo

61 3072 175 3129 astant.
210 3065 287 3126 deus
302 3064 361 3126 ista
375 3072 540 3141 temperat,
558 3080 637 3142 quae
653 3066 837 3126 circumfusa
852 3074 1002 3128 rectorem

61 3158 196 3228 quantur
214 3157 245 3209 el
266 3150 401 3222 ducem„
424 3151 576 3226 potentius
592 3157 692 3210 autem
708 3157 757 3212 est
771 3167 807 3210 ac
826 3151 1000 3226 pretiosius,

61 3236 104 3299 od
129 3233 220 3307 lacit,
243 3234 325 3308 quod
352 3241 400 3294 est
425 3234 518 3306 deus,
541 3249 630 3310 quam
654 3234 778 3294 materia
800 3235 919 3310 patiens
942 3237 1001 3296 dei.

61 3338 114 3382 >am
131 3320 163 3380 in
180 3318 242 3378 hoc
257 3318 372 3379 mundo
385 3320 486 3379 locum
504 3319 581 3380 deus
592 3317 722 3390 obtinet,
738 3319 820 3379 hunc
836 3319 1045 3382 inhominem

61 3405 151 3467 imus.
193 3402 279 3478 quod
294 3411 342 3464 est
362 3402 423 3462 illie
440 3404 580 3475 materia,
603 3402 635 3463 id
656 3403 685 3462 in
702 3403 792 3464 nobis
807 3418 920 3479 corpus
940 3413 1001 3466 est:

61 3489 158 3553 niam
181 3502 255 3561 ergo
278 3488 427 3548 deteriora
448 3487 636 3551 melioribus.
673 3489 771 3553 iorles
785 3488 889 3553 simus
902 3489 1017 3551 aduer-
