2422 3862
250 247 391 304 SENECA
404 247 451 302 Dii
467 245 638 303 REMEDIIS
651 245 915 305 FORTUITORUM.
1007 241 1070 309 447

91 411 119 463 te
131 405 232 470 torma,
245 405 285 469 ut,
298 400 321 453 si
333 399 395 470 quis
406 399 454 454 tibi
466 401 560 471 palam
570 406 688 455 mortem
698 400 832 469 minetur,
842 415 940 456 omnes
952 400 1063 455 terricu-

91 489 134 542 las
148 486 207 542 eius
220 482 347 539 deludas.

176 569 208 622 ll.
230 565 454 637 ‚,Morieris.“
475 566 531 623 lsta
541 566 661 622 hominis
673 573 772 623 natura
784 571 843 634 est,
857 581 913 620 non
924 582 1026 636 poena.
1082 564 1098 641 1

156 651 337 722 „Morieris.“
359 649 418 705 Hae
430 650 590 706 conditione
601 652 719 721 intravi,
736 656 766 705 ut
778 650 895 708 exirem.

155 777 172 806 ,‚
180 733 339 789 Morieris.“
362 732 489 789 Gentium
500 735 547 789 lex
558 740 615 805 est,
625 735 700 806 quod
711 733 856 806 acceperis
870 732 1000 789 reddere.

153 818 335 889 ‚,Morieris.“
357 817 548 889 Peregrinatio
561 823 604 874 est
613 819 685 875 vita:
707 835 770 873 curn
781 819 894 872 multum
908 817 1099 891 ambulate-2

92 905 144 973 ris,
157 903 271 959 domum
284 900 461 957 redeundum
473 909 526 959 est·

154 985 335 1058 ,‚ltlorieris.“
357 984 492 1040 Putabam
503 991 530 1040 te
542 985 645 1056 aliquid
657 986 723 1042 novi
742 985 851 1041 dicere:
874 985 911 1040 ad
929 984 984 1039 hoo
995 983 1070 1054 veni,

90 1071 145 1126 hoo
163 1087 233 1142 ago,
256 1067 311 1123 huo
329 1083 373 1122 me
394 1067 495 1138 singuli
512 1068 573 1123 dies
587 1067 701 1127 duount.
721 1069 847 1124 nasoenti
865 1067 931 1123 mihi
942 1067 1070 1139 protinus

92 1160 192 1210 natura
201 1152 295 1224 posuit
307 1150 381 1205 huno
397 1152 561 1206 terminum:
579 1151 645 1222 quid
657 1151 748 1207 habeo
756 1193 764 1221 ,
776 1151 852 1223 quod
866 1151 1020 1223 indigner?
1042 1153 1072 1206 in

91 1238 163 1294 haec
174 1237 262 1293 verba
274 1234 373 1291 iuravi.

156 1319 319 1390 „Morieris
321 1319 339 1347 “
368 1316 487 1374 Stultum
505 1324 548 1374 est
564 1319 676 1390 timere,
700 1318 775 1390 quod
787 1319 876 1376 vitare
891 1336 948 1375 non
960 1319 1070 1392 possis·
1084 1334 1101 1390 3

92 1404 166 1460 istud
178 1419 236 1460 non
251 1401 350 1475 effugit
365 1403 449 1459 etiam
460 1418 506 1472 qur
499 1402 632 1458 distulit.

156 1486 335 1558 ,‚Mor1errs“
366 1486 425 1542 Neo
436 1487 542 1558 primus
554 1502 607 1541 neo
618 1485 746 1542 ultimus.
765 1485 841 1543 multi
853 1505 897 1544 me
909 1493 1070 1544 antecesse-

93 1578 170 1641 runt,
183 1587 281 1626 omnes
296 1576 457 1642 sequentur.

157 1655 341 1724 „Morierisfi‘
369 1654 443 1710 Nihil
454 1671 543 1727 grave
556 1651 638 1729 [est],
660 1654 736 1726 quod
753 1657 840 1710 semel
861 1662 912 1711 est
936 1671 985 1710 aes
1002 1653 1069 1710 alie·
1081 1674 1098 1728 4

94 1756 160 1795 num
172 1756 265 1794 meum
277 1756 353 1795 novr
380 1738 434 1794 hoo
453 1739 584 1811 equidem
602 1755 664 1794 oum
676 1756 710 1794 eo
723 1739 861 1795 creditore
873 1739 1011 1810 eontraxr
1026 1739 1071 1795 oui

94 1824 253 1894 decoquere
265 1839 321 1878 non
332 1838 459 1893 possum.
522 1882 528 1889 ,

157 1906 339 1976 „Morieris.“
360 1905 393 1960 Di
412 1907 526 1977 melius,
545 1907 621 1979 quod
639 1924 722 1963 nemo
740 1906 807 1962 mihi
823 1907 898 1962 istud
909 1906 1009 1961 minari
1020 1905 1071 1959 im-

94 1990 216 2046 mortalis
227 1996 331 2061 potest.

158 2074 340 2145 ‚,Morieris.“
360 2075 410 2131 Hie
423 2080 465 2131 est
476 2075 590 2132 humani
603 2075 686 2131 ollioii
697 2075 775 2131 finis.-
787 2077 848 2147 quis
860 2091 945 2132 sanus
958 2079 1070 2130 exacto·
1082 2097 1098 2150 5

95 2175 154 2213 rem
168 2160 286 2215 moleste
300 2160 383 2215 tulit‘t

158 2243 363 2313 [‚,Morieris.“]
388 2244 483 2312 Quid‘t
506 2260 560 2316 ego
576 2245 671 2301 neseio
683 2261 728 2300 me
743 2261 807 2300 esse
819 2244 921 2300 animal
936 2242 1070 2300 rationale
1096 2240 1098 2244 ’

96 2330 122 2378 et
133 2326 272 2380 mortale?
296 2343 359 2382 oum
371 2327 499 2384 rationali
511 2334 553 2383 est
565 2333 592 2384 et
604 2331 730 2386 mortale.

157 2407 340 2476 ‚‚ltlorieris.“
360 2410 406 2468 Ad
417 2411 490 2466 hano
504 2411 691 2468 conditionem
705 2419 805 2469 ounota
816 2412 983 2483 gignuntur:
995 2408 1071 2478 quod

96 2491 203 2561 eoepit,
224 2497 250 2545 et
270 2491 381 2547 desinit.
405 2509 459 2564 quo
472 2495 569 2549 transit
581 2496 671 2566 orbis,
688 2513 742 2566 ego
754 2494 907 2550 transibo.“

200 2573 353 2631 ADDITIO.
375 2576 471 2645 „Mori
482 2577 595 2631 timeo.“
615 2578 650 2633 Et
668 2579 744 2634 nasei
760 2577 902 2633 timuisses
920 2581 947 2629 et
957 2573 1100 2640 viverezss

129 2658 211 2713 -vitae
234 2658 318 2714 limen
334 2659 440 2715 initium
456 2660 553 2714 mortis
572 2665 627 2729 ast,
650 2661 708 2717 vita
718 2661 781 2732 ipsa
792 2675 890 2715 oursus
902 2658 939 2714 ad
954 2661 1072 2711 mortem

137 2759 188 2798 seu
204 2741 299 2799 verius
316 2759 393 2799 mors
410 2743 559 2814 quaedam.
584 2741 724 2814 Quidquid
748 2749 790 2799 est
812 2746 924 2811 natum,
947 2739 1070 2795 moritur.

137 2826 272 2898 quidquid
282 2828 412 2898 moritur,
428 2834 523 2884 natum
535 2833 603 2883 erat.

201 2910 344 2980 „Mortem
355 2912 477 2969 metuo.“
489 2911 563 2967 Nihil
574 2917 618 2967 est
629 2911 825 2979 metuendum,
839 2909 915 2979 quod
927 2908 1009 2966 affert
1020 2924 1071 2963 ne·-

137 2995 253 3051 oessitas
266 3000 390 3052 naturae.

198 3078 338 3148 „Animus
357 3087 474 3136 mortem
490 3081 598 3136 timet.“
627 3077 657 3135 Si
678 3078 745 3148 sibi,
763 3093 957 3150 supervacuus
979 3076 1099 3152 timor.7

136 3162 299 3219 immortalis
311 3170 353 3218 est
366 3161 452 3237 [enirn
463 3160 550 3239 ipse]=
574 3165 598 3220 si
615 3162 726 3234 corpori
744 3178 811 3234 suo,
822 3161 896 3218 hosti
914 3177 1010 3218 ouram
1020 3177 1070 3232 ga·

137 3261 199 3301 rere
215 3247 305 3318 pietas
322 3247 423 3310 debita.

199 3331 342 3400 „Mortem
352 3330 486 3388 horreo.“
512 3329 543 3388 Si
558 3331 625 3403 quid
636 3332 665 3387 in
679 3335 768 3386 morte
782 3330 847 3386 mali
861 3336 919 3401 est,
937 3329 967 3384 id
978 3329 1072 3399 ipsum

136 3417 226 3468 metus
238 3415 334 3471 mortis
346 3420 505 3489 exasperat.
517 3421 545 3472 at
556 3417 580 3472 si
591 3415 659 3472 nihil
670 3417 749 3486 mali,
764 3414 826 3487 ipse
842 3419 935 3470 metus
952 3417 1001 3466 est
1011 3426 1076 3461 ma·

135 3496 202 3550 lum.
214 3499 327 3556 stultitia
339 3506 395 3573 est,
407 3501 511 3558 malum
521 3517 607 3560 suum
615 3502 667 3562 vel
678 3499 980 3576 augerenellaoere.
