2422 3862
181 216 242 281 188
468 216 500 274 L.
522 214 669 274 ANNAEI
693 212 867 272 SENECAE

180 375 231 426 tus
253 364 390 423 eflicitur.
434 361 570 422 Dicimus
592 368 622 421 et
641 360 693 421 illa
713 361 795 431 bona
809 376 895 435 esse,
918 376 997 436 quae
1014 378 1032 421 a
1049 361 1159 422 virtute

181 449 320 525 proiecta
335 451 537 542 contectaque
553 454 635 518 sunt,
657 443 689 505 id
704 450 752 505 cst
766 459 862 520 opera
876 445 941 504 eius
961 445 1072 504 omnia.
1102 448 1159 506 sed

139 532 251 602 tuideo
267 546 361 591 unum
376 529 445 605 ipsa
459 528 572 588 bonum
588 535 644 603 est,
660 528 859 604 quianullum
878 527 945 586 sine
958 527 1009 587 illa
1026 536 1084 590 est.
1126 529 1159 589 Si

183 629 272 676 omne
286 613 317 673 in
333 611 434 673 animo
449 611 563 671 bonum
578 618 639 686 est,
662 610 809 686 quicquid
824 609 906 671 illum
922 611 1088 687 confirmat,
1106 628 1159 672 ex-

182 698 273 771 tollit,
293 696 472 770 amplificat,
494 695 609 754 bonum
629 702 691 755 est:
712 693 890 754 validiorem
911 701 1010 754 autem
1026 697 1160 756 animum

183 788 214 841 et
233 778 435 841 excelsiorem
462 784 492 837 et
517 777 693 853 ampliorem
719 777 791 838 lacit
815 777 919 838 virtus.
953 794 1022 837 nam
1037 787 1160 854 cetera,

185 879 265 940 quae
278 863 460 939 cupiditates
475 870 599 922 nostras
613 859 748 933 inritant,
766 861 941 935 deprimunt
955 878 1081 937 quoque
1096 864 1160 924 ani-

184 963 266 1008 mum
280 953 311 1007 ει
324 945 508 1006 labefaciunt
522 949 567 1015 et,
590 960 658 1012 cum
672 942 814 1004 videntur
826 944 985 1020 adtollere,
1001 944 1109 1006 inflant
1123 963 1160 1006 ac

184 1032 277 1091 multa
293 1029 423 1090 vanitate
437 1028 593 1088 deludunt.
621 1042 694 1103 ergo
715 1043 809 1102 unum
825 1028 856 1087 id
876 1027 991 1088 bonum
1012 1036 1074 1105 est,
1096 1047 1158 1105 quo

144 1112 292 1176 lemelior
317 1113 436 1186 animus
461 1111 619 1173 efficietur.
664 1109 775 1172 Omnes
801 1111 938 1171 actiones
964 1113 1056 1173 totius
1079 1114 1159 1172 vitae

184 1195 304 1258 honesti
319 1213 360 1269 ac
371 1196 467 1270 turpis
483 1202 626 1270 respectu
639 1202 858 1271 temperantur:
882 1195 922 1254 ad
937 1195 1013 1255 haec
1028 1192 1159 1254 faciendi

163 1289 215 1341 ·et
229 1296 289 1340 non
305 1279 435 1340 faciendi
456 1277 696 1353 ratiodirigitur.
725 1279 798 1354 quid
821 1277 954 1351 sithoc,
977 1278 1089 1338 dicam:
1112 1280 1159 1337 vir

184 1365 286 1425 bonus
302 1363 386 1438 quod
400 1362 529 1422 honeste
542 1378 577 1422 se
589 1361 737 1422 iacturum
749 1361 908 1436 putaverit,
924 1360 1022 1435 faciet,
1041 1363 1159 1422 etiamsi

184 1446 373 1508 laboriosum
397 1445 461 1505 erit.
494 1445 599 1519 faciet,
620 1443 738 1522 etiamsi
758 1445 939 1506 damnosum
960 1445 1025 1505 erit.
1060 1446 1158 1520 faciet,

185 1531 302 1591 etiamsi
318 1530 524 1626 periculosum
541 1530 611 1590 ειιι·
632 1545 739 1589 rursus
756 1529 839 1604 quod
854 1535 943 1603 turpe
958 1529 1021 1601 erit,
1039 1546 1147 1590 nona
1117 1532 1147 1590 la
1148 1561 1159 1571 -

186 1613 252 1687 ciet,
265 1613 382 1675 etiarnsi
394 1612 553 1688 pecuniam
566 1613 620 1672 adl
607 1613 691 1686 leret,
704 1612 820 1672 etiamsi
832 1614 1028 1687 voluptatem,
1042 1613 1159 1673 etiamsi

154 1701 360 1772 potentiam.
392 1696 430 1756 ab
450 1695 580 1757 honesto
601 1697 683 1755 nulla
705 1711 740 1755 re
760 1695 973 1770 deterrebitur,
1000 1696 1040 1756 ad
1060 1698 1159 1772 turpia

145 1781 268 1840 l9nulla
290 1779 474 1841 invitabitur.
517 1779 598 1854 Ergo
624 1779 650 1839 si
680 1779 841 1841 honestum
865 1780 972 1855 utique
997 1787 1158 1841 secuturus

185 1871 246 1936 est,
271 1871 359 1941 turpe
379 1862 484 1938 utique
500 1864 645 1923 vitaturus
668 1863 720 1924 et
711 1880 741 1923 ιιι
758 1863 839 1923 omni
857 1869 927 1923 actu
942 1863 1021 1923 vitae
1037 1871 1157 1939 specta-

184 1954 269 2008 turus
291 1947 369 2007 haec
391 1946 470 2020 duo,
494 1961 551 2006 nec
573 1947 654 2006 aliud
673 1946 788 2007 bonurn
810 1962 901 2022 quam
921 1944 1085 2007 honestum
1102 1964 1158 2008 nec

185 2031 266 2090 uliud
280 2031 392 2093 malum
408 2046 499 2105 quam
514 2035 612 2104 turpe
629 2031 655 2089 si
670 2045 730 2089 uno
744 2030 944 2107 indepravata
958 2031 1053 2091 virtus
1068 2041 1115 2092 est
1130 2039 1158 2090 et

186 2114 252 2173 sola
267 2121 424 2188 permanet
436 2113 551 2173 tenons
575 2113 637 2174 sui·
666 2129 756 2172 unum
777 2120 825 2173 est
843 2113 957 2174 bonum
978 2112 1089 2190 virtus,
1111 2116 1157 2174 cui

184 2195 244 2254 iam
258 2195 414 2271 accidere,
432 2213 471 2272 ne
486 2197 525 2256 sit
540 2195 665 2269 bonum,
680 2213 742 2257 non
758 2203 867 2292 potest
889 2197 1063 2259 mutationis
1081 2199 1158 2273 peri

185 2279 286 2338 culum
301 2242 421 2353 effugis}
444 2280 568 2340 stultitia
583 2279 623 2340 ad
639 2280 759 2355 sapient
760 2281 817 2339 iam
834 2281 939 2356 erepit.
963 2280 1136 2356 sapientia
1128 2299 1156 2341 ιιι

142 2362 339 2422 tostultttiam
359 2378 419 2423 non
434 2363 609 2424 revolvitur.
652 2363 737 2438 Dixi,
755 2364 781 2424 si
796 2365 873 2425 torte
887 2363 1064 2440 meministi,
1086 2382 1156 2426 con-

185 2447 287 2522 cupita
310 2446 403 2521 volgo
431 2455 460 2508 et
485 2446 645 2507 formidata
669 2447 841 2509 inconsulto
867 2448 971 2523 inpetu
991 2450 1157 2527 plerosque

185 2532 338 2591 calcasse:
366 2531 508 2590 inventus
533 2537 595 2605 est,
621 2530 673 2605 qui
694 2528 853 2591 flammis
845 2539 1006 2628 mponeret
1026 2549 1155 2606 manum,

185 2614 271 2674 cuius
284 2614 379 2675 risum
393 2629 454 2674 non
470 2611 700 2689 interrumperet
714 2621 823 2689 tortor,
851 2615 902 2692 qui
918 2615 947 2675 in
964 2616 1070 2676 lunare
1085 2617 1157 2696 libe¹

183 2713 285 2758 rorum
300 2697 453 2757 lacrimam
469 2712 530 2757 non
546 2695 685 2770 mitteret,
703 2696 755 2772 qui
769 2698 856 2758 morti
874 2715 934 2758 non
949 2700 1090 2774 trepidus
1105 2716 1156 2760 cc·

184 2788 326 2840 curreret
344 2797 431 2840 umor
442 2787 472 2840 et
482 2796 527 2839 rra
538 2788 568 2842 et
580 2779 730 2856 cupiditas
743 2781 877 2855 pericula
888 2782 1156 2858 depoposcerunt

184 2864 268 2938 quod
289 2870 391 2939 potest
409 2862 512 2922 brevis
532 2864 695 2925 obstinatio
711 2865 802 2924 animi
817 2863 920 2940 aliquo
935 2873 964 2926 st
952 2867 1057 2927 timulo
1074 2869 1154 2927 exci-

182 2953 252 3019 tata,
269 2953 383 3021 quanto
400 2946 496 3020 magis
512 2946 616 3018 virtus,
633 2964 712 3024 quae
728 2964 788 3008 non
804 2963 843 3006 ex
857 2949 961 3025 inpetu
974 2965 1032 3010 nec
1044 2951 1154 3024 subito,

139 3037 172 3089 tl
182 3028 238 3088 sed
253 3027 422 3103 aequaliter
436 3031 525 3103 valet,
542 3031 591 3090 cui
606 3039 784 3108 perpetuum
800 3030 894 3093 robur
909 3039 976 3093 estt
1000 3032 1156 3109 Sequitur,

182 3117 223 3183 ut,
238 3126 317 3186 quae
329 3112 367 3172 ab
379 3112 559 3174 inconsultis
572 3129 667 3190 saepe
677 3123 917 3191 contemnuntur,
933 3117 1154 3192 asapientibus

182 3209 318 3269 semper,
343 3210 380 3255 ea
401 3213 458 3257 nec
472 3197 554 3259 bona
570 3199 631 3259 sint
644 3214 700 3259 nec
721 3201 808 3259 mala
836 3217 929 3261 unum
950 3217 1023 3276 ergo
1038 3200 1153 3261 bonum

180 3277 249 3352 ipsa
263 3279 358 3341 virtus
374 3288 428 3355 est,
446 3297 525 3356 quae
539 3282 616 3342 inter
626 3282 704 3343 lianc
717 3283 867 3345 fortunam
882 3285 1002 3345 atillam
1018 3284 1154 3361 superba

138 3361 292 3423 atincedit
311 3379 378 3424 cum
399 3379 510 3440 magno
532 3364 690 3440 utriusque
712 3375 897 3444 contemptu.
941 3367 973 3429 Si
991 3368 1072 3428 hanc
1087 3370 1151 3443 opi·

176 3446 300 3506 nionem
313 3449 479 3525 receperis,
500 3449 614 3524 aliquid
628 3449 741 3511 bonum
760 3467 831 3513 esse
846 3460 966 3529 praeter
979 3452 1152 3524 honestum,
