2422 3862
296 211 465 274 EPlSTUL.
479 212 573 274 Mon.
595 213 666 273 LlB.
682 213 704 272 Ι.
726 213 783 273 ΕΡ.
797 223 824 277 8.
840 223 866 278 9.
1030 215 1070 280 15

96 369 168 429 enlm
182 369 286 444 ipsum
300 363 515 441 philosophiae
528 364 644 424 servire
655 365 778 425 libertas
793 373 850 426 est.
882 365 986 428 Potest
996 367 1103 441 lieris

95 460 122 514 ut
136 467 184 512 me
199 451 388 525 interroges,
408 463 503 524 quare
518 448 556 508 ab
570 448 704 524 Epicuro
720 456 779 508 tam
796 452 888 510 multa
902 451 981 511 bene
993 452 1074 513 dicta

94 538 226 598 releram
245 534 455 609 potiusquam
473 540 663 594 nostrorum:
687 534 761 608 quid
776 541 824 594 est
839 542 954 608 tamen,
978 552 1073 610 quaro

94 629 122 681 tu
141 621 218 680 istas
232 618 359 694 Epicuri
378 633 472 678 voces
488 625 577 692 pules
593 633 679 691 esse,
703 633 762 678 non
778 617 941 693 publicas‘t
978 620 1072 692 Quam

94 706 172 765 multi
195 707 309 781 poetae
328 702 447 774 dicunt,
471 717 550 777 quae
565 700 759 776 philosophis
775 709 827 762 aut
840 701 921 763 dicta
936 711 1008 763 sunt
1022 712 1075 764 aut

95 790 239 850 dicenda!
264 803 325 848 non
342 787 495 862 adtingam
510 784 643 861 tragicos
660 801 716 846 nec
728 793 848 861 togatas
861 795 993 849 nostras.
1021 787 1073 847 ha-

94 873 162 934 hent
176 873 259 934 enirn
274 871 333 930 hae
345 886 470 947 quoque
485 870 600 946 aliquid
615 870 786 931 severitatis
801 879 832 931 et
846 880 917 932 sunt
931 872 1008 932 inter
1022 887 1072 932 co·

94 956 231 1018 rhoedias
248 971 285 1017 ae
299 955 475 1030 tragoedias
491 955 618 1014 mediae.
642 962 787 1028 quantum
803 955 1074 1017 disertissimorum

94 1056 238 1103 versuum
255 1034 455 1101 intermimos
469 1040 662 1112 iacettquam
670 1039 958 1101 multaPubliliinon
971 1041 1072 1100 excal-

93 1127 203 1198 acatis,
222 1125 281 1185 sed
295 1123 484 1184 cothurnatis
500 1122 630 1183 dicenda
641 1130 726 1183 sunt!
750 1123 849 1185 Unum
863 1140 984 1185 versum
997 1126 1073 1198 eius,
1085 1129 1102 1184 9

93 1211 143 1287 qui
164 1211 207 1270 ad
229 1207 458 1285 philosophiam
481 1207 609 1283 pertinet
630 1214 660 1266 ει
680 1207 719 1267 ad
741 1207 819 1269 hanc
840 1216 970 1284 partem,
993 1224 1074 1284 quae

92 1295 187 1359 modo
209 1293 266 1355 luit
286 1293 315 1352 in
336 1291 492 1364 inanibus,
522 1291 666 1364 reseram,
696 1307 757 1367 quo
782 1301 874 1369 negat
898 1293 1019 1354 lortuita
1044 1293 1073 1352 in

92 1387 200 1441 nostro
219 1377 375 1437 habendae

178 1465 311 1524 alienum
325 1467 368 1522 est
380 1477 479 1532 omne,
501 1461 643 1534 quicquid
654 1463 784 1536 optando
797 1466 898 1523 evenit.

92 1549 182 1609 Hunc
202 1562 325 1607 versum
347 1560 365 1604 a
380 1552 409 1605 te
425 1543 485 1603 dici
500 1559 560 1604 non
575 1546 667 1618 paulo
684 1547 806 1621 melius,
830 1546 884 1606 sed
900 1546 1074 1607 adstrictius
1086 1557 1116 1610 ιι)

94 1648 233 1694 meminit

179 1715 247 1776 Non
260 1720 305 1776 ert
319 1720 415 1786 tuam,
435 1713 562 1787 fortuna
576 1712 657 1787 quod
665 1713 741 1787 fecit
754 1720 843 1774 tuum.

95 1801 172 1861 lllud
188 1800 363 1860 etiamnunc
381 1798 487 1858 melius
503 1795 616 1856 dictum
634 1813 651 1855 a
667 1805 696 1858 le
712 1814 771 1857 non
789 1795 976 1872 praeteritos

179 1885 252 1945 dori
264 1883 371 1944 ϋειιιιιιι
385 1882 465 1958 quod
472 1884 582 1956 potuit,
604 1879 727 1953 auferri
735 1889 838 1957 potest.

96 1969 162 2030 Hoc
176 1984 238 2028 non
253 1967 360 2043 inputo
377 1968 406 2025 ln
422 1966 555 2027 solutum
571 1963 609 2023 de
625 1972 677 2024 tuo
694 1964 754 2024 tibi.
790 1966 876 2025 Vale.

440 2101 655 2159 EPISTULA
682 2102 729 2157 lX.

352 2197 462 2250 sennen
481 2199 593 2250 Locrnro
613 2210 665 2249 suo
685 2211 823 2250 sacurem.

157 2302 1102 2380 AnmeritoreprehendatinquadamepistulaEpi-1

97 2405 213 2450 curus
236 2403 319 2462 eos,
343 2387 406 2462 qui
430 2388 564 2447 dicunt
585 2389 802 2462 sapientem
825 2404 865 2449 se
883 2389 968 2464 ipso
987 2405 1076 2451 esse

96 2479 320 2535 contentum
342 2479 377 2532 et
394 2472 778 2547 proptcrhocamico
795 2490 866 2532 non
884 2475 1076 2548 indigere,

97 2558 259 2620 desideras
282 2558 371 2616 scire.
412 2556 479 2616 Hoc
495 2555 624 2621 obicitur
639 2555 769 2617 Stilboni
783 2557 821 2617 ab
836 2557 970 2632 Epicuro
983 2565 1015 2617 ει
1031 2557 1077 2630 iis,

98 2643 207 2717 quihus
223 2656 374 2702 summum
388 2641 502 2700 bonum
517 2639 614 2702 visum
630 2648 678 2701 est
698 2641 846 2702 animus
867 2641 901 2702 in
912 2641 1076 2716 patiens.

96 2727 127 2786 ln
142 2725 371 2801 ambiguitatem
386 2725 579 2786 incidendum
595 2734 654 2798 est,
671 2724 698 2786 si
710 2726 880 2800 exprimere
896 2725 1104 2801 apathiana

97 2827 156 2872 uno
184 2810 282 2870 verbo
309 2809 369 2871 cito
395 2809 581 2870 voluerimus
607 2818 637 2870 et
664 2810 934 2885 inpatientiam
963 2810 1075 2870 dicere.

99 2895 208 2969 poterit
235 2893 316 2955 enim
345 2892 529 2955 contrarium
550 2894 592 2966 ei,
623 2895 706 2969 quod
729 2894 903 2968 significare
925 2896 1076 2967 volumus,

98 2969 260 3054 intellegi?
276 2994 334 3039 nos
354 2994 424 3040 eum
447 2980 586 3039 volumus
607 2978 724 3050 dicere,
755 2977 807 3054 qui
828 2986 955 3055 respuat
977 2979 1076 3040 omnis
1192 3022 1196 3029 .

99 3065 166 3125 mali
188 3079 327 3124 sensum.
357 3063 525 3138 accipietur
544 3064 586 3136 is,
608 3062 659 3138 qui
677 3063 790 3124 nullum
807 3065 885 3124 lene
901 3063 1001 3138 possit
1015 3079 1076 3122 ma-

99 3148 166 3209 lum.
198 3147 271 3207 vide
292 3163 382 3223 ergo,
406 3164 478 3208 num
498 3148 594 3208 satius
616 3146 655 3207 sit
679 3155 731 3207 aut
756 3147 1077 3208 involuerabilem

99 3233 260 3293 animum
289 3232 407 3305 dicere,
436 3240 488 3292 aut
516 3232 675 3292 animum
702 3237 812 3292 extra
840 3247 982 3292 omnem
1011 3247 1077 3306 pa·

100 3316 274 3377 tienliam
303 3315 484 3392 positum.
527 3317 594 3376 Ηοε
618 3316 774 3376 internos
796 3324 826 3376 et
845 3315 915 3376 illos
937 3316 1106 3376 interest=3

100 3409 204 3463 noster
226 3401 354 3476 sapiens
374 3399 466 3461 vincit
487 3400 610 3475 quidem
635 3400 862 3462 incommodum
888 3412 998 3474 omne,
1022 3398 1086 3458 sed

99 3485 197 3548 sentit.
221 3487 341 3546 illorum
353 3501 394 3546 ne
407 3485 500 3549 sentit
515 3486 652 3564 quidem.
684 3487 767 3552 illud
780 3487 877 3554 nohis
891 3485 1002 3550 stillis
1016 3497 1102 3544 com—
