2422 3862
155 245 325 308 unsrun.
340 246 434 307 moa.
452 246 526 307 nra.
538 247 646 308 xviri.
661 247 718 307 nr.
730 256 755 309 1.
767 257 793 310 r.
805 257 879 325 (ror.
892 248 967 328 m.)
1009 248 1073 314 aaa

95 400 182 460 vides
197 406 258 459 tam
273 403 401 459 mortem
415 413 513 472 posse
527 400 679 459 contemni
701 415 791 474 quam
807 399 945 461 exilium:
967 409 996 460 et
1010 401 1073 461 exi·

93 485 166 544 tium
188 483 246 543 sibi
268 481 375 542 indixit
394 488 426 542 et
438 489 564 542 mortem
581 489 611 542 et
624 482 741 542 interim
754 481 875 543 beilum.
903 482 1113 558 Possumus&

94 568 196 643 itaque
216 566 367 626 adversus
388 564 448 625 ista
469 572 584 626 tantum
604 565 717 626 habere
738 567 843 639 animi,
870 566 961 628 libeat
981 569 1073 630 modo

94 651 267 712 subducere
283 651 356 724 iugo
368 649 489 710 coitum.
522 650 552 708 in
566 649 671 725 primis
684 657 782 710 autem
797 651 992 728 respuendae
1004 660 1076 713 sunt

94 736 282 811 voluptates:
301 739 447 795 enervant
457 740 487 794 et
498 733 673 794 effeminant
683 740 713 793 et
723 736 848 794 muttum
863 741 975 810 petunt.
999 737 1073 795 mut·

95 826 157 881 tum
180 825 280 879 autem
302 834 320 877 c
339 820 462 879 fortuna
483 817 647 893 petendum
662 823 718 877 est.
752 818 862 878 deinde
880 819 1076 894 spernendae

95 919 189 978 opes:
210 908 438 963 auctoramenta
454 907 526 962 sunt
540 900 729 962 servitutum.
751 917 858 962 aurum
874 909 904 961 et
917 911 1073 978 argentum

94 995 124 1047 et
140 985 286 1062 quicquid
306 985 388 1045 aliud
404 985 509 1046 ieiices
525 986 633 1046 domos
649 992 769 1059 onerat,
789 987 991 1062 relinquatur:
1012 1003 1074 1048 non

94 1076 197 1146 potest
217 1069 311 1145 gratis
332 1077 474 1130 constare
495 1068 626 1129 libertas.
657 1069 737 1129 hanc
753 1069 778 1128 si
794 1085 905 1145 magno
920 1071 1074 1145 aestimas,

94 1154 196 1213 omnia
210 1168 307 1228 parvo
322 1152 512 1214 aestimanda
526 1160 606 1212 sunt.
626 1153 714 1212 Vale.

383 1288 600 1347 EPISTULA
625 1291 657 1346 ΙΙ.
685 1291 774 1361 (105.)

347 1384 457 1436 sannen
474 1387 586 1437 Lucum
605 1397 657 1436 suo
674 1398 814 1437 sanarem.

159 1489 260 1563 Quae
281 1488 530 1550 observanda
551 1487 621 1548 tibi
642 1488 735 1562 sint,
756 1485 1104 1561 uttutiorvivas,t

95 1573 228 1633 dicam.
255 1581 287 1633 tu
303 1579 401 1632 tamen
416 1570 588 1632 sicaudias
603 1586 717 1631 censeo
732 1571 791 1631 ista
808 1577 982 1646 praecepta,
999 1586 1075 1646 quo·

93 1657 188 1717 modo
205 1657 232 1717 si
245 1657 298 1717 tibi
314 1655 537 1732 praeciperem,
554 1670 615 1730 qua
626 1656 743 1715 ratione
754 1655 865 1715 bonam
880 1654 1076 1714 valitudinem

93 1742 123 1801 in
141 1741 308 1802 Ardeatino
330 1740 467 1800 tuereris.
496 1739 728 1812 Considera,
749 1753 848 1814 quae
866 1738 960 1811 sint,
978 1753 1076 1812 quae

94 1825 285 1885 hominem
304 1823 340 1883 in
364 1823 581 1899 perniciem
600 1821 994 1896 hominisinstigenm
1020 1823 1075 1880 in-

95 1907 1076 1983 veniesspem,invidiam,odium,metnm,contem-

94 1998 210 2066 ptum.
239 1992 285 2050 Ex
308 1991 450 2054 omnibus
465 1991 532 2052 istis
548 1991 627 2052 adeo
641 1991 829 2051 levissimum
843 1995 893 2050 cst
907 1998 1073 2049 contem·
1090 1999 1109 2052 2

95 2084 203 2150 ptus,
229 2083 262 2136 ut
274 2077 358 2137 muiti
378 2077 407 2134 in
430 2076 481 2137 itio
501 2075 628 2134 remedii
650 2091 745 2137 causa
769 2073 950 2135 delituerint.
985 2089 1076 2149 quem

96 2160 166 2235 quis
189 2161 368 2233 contemnit,
396 2160 494 2220 enicat
520 2161 587 2220 sine
612 2160 720 2235 dubio,
748 2160 805 2220 sed
831 2157 949 2219 transit.
986 2173 1076 2218 nemo

94 2243 209 2304 homini
235 2251 409 2318 contempto
436 2243 651 2319 pertinaciter,
683 2260 774 2305 nemo
800 2243 960 2318 diiigenter
976 2249 1076 2323 nocet.

94 2328 185 2388 etiam
210 2329 238 2387 in
268 2329 334 2388 acie
360 2328 464 2388 iacens
490 2329 684 2404 praeteritur,
711 2344 779 2389 eum
800 2334 899 2388 stante
915 2334 1077 2404 pugnatur.

96 2410 210 2484 Spem
234 2411 434 2486 inproborum
457 2412 580 2483 vitabis,
602 2413 630 2472 si
651 2414 723 2472 nihil
737 2412 899 2485 habueris,
921 2411 1006 2486 qued
1026 2425 1079 2470 cu·

96 2491 253 2569 piditatem
279 2494 409 2552 alienam
429 2501 460 2553 et
484 2495 645 2570 inprobam
670 2496 785 2566 inritet,
813 2493 841 2554 si
866 2494 937 2553 nihil
958 2493 1078 2567 insigne

96 2576 288 2652 possederis
315 2577 574 2651 concupiscuntur
593 2579 672 2638 enim
691 2578 872 2656 [insignia]
891 2576 980 2636 etiam
1000 2592 1080 2650 meae

94 2677 168 2721 rara
188 2660 218 2719 in
241 2661 377 2722 notitiam
400 2668 480 2722 sunt.
514 2660 566 2720 Sic
588 2666 692 2734 [raro]
719 2660 907 2720 invidiam
934 2658 1077 2734 effugies,

96 2746 123 2805 si
144 2751 173 2804 te
200 2761 260 2806 non
287 2743 455 2820 ingesseris
482 2745 608 2818 oculis,
625 2745 651 2804 si
675 2744 757 2805 bona
781 2749 834 2804 tua
859 2759 920 2805 non
945 2744 1077 2804 iactare

95 2830 153 2902 ris,
181 2829 208 2888 si
228 2827 336 2889 scieris
356 2830 384 2889 in
408 2828 476 2888 sinu
498 2829 643 2903 gaudere.
680 2827 814 2889 Odium
834 2835 886 2890 aut
905 2835 950 2889 est
969 2844 1009 2888 ex
1033 2827 1078 2888 oi·

96 2914 201 2972 sensa:
230 2913 289 2973 hoe
311 2913 419 2973 vitabis
439 2913 589 2973 neminem
607 2912 807 2973 lacessendo:
836 2920 888 2973 aut
904 2911 1077 2987 gratuitum,

96 3013 114 3055 a
130 3011 191 3071 quo
207 3004 236 3057 te
251 3013 362 3059 sensus
377 2997 548 3062 ¹communis
563 2996 703 3058 tuebitur.
732 2995 788 3056 fuit
807 2996 866 3057 hoc
880 2996 982 3057 multis
996 2995 1076 3070 peri-

96 3082 252 3142 culosum=
274 3082 398 3157 quidam
417 3082 521 3142 odium
542 3081 713 3141 habuerunt
726 3096 783 3140 nee
797 3080 960 3141 inimicum.
989 3078 1077 3152 lttud,
1099 3115 1104 3126 ·

96 3180 141 3223 ne
161 3165 350 3238 timearis,
373 3165 541 3241 praestabit
561 3165 614 3225 tibi
635 3172 666 3225 et
686 3166 824 3226 iomunae
839 3163 1033 3225 mediocritas
1046 3168 1080 3222 et

97 3245 210 3321 ingenii
227 3250 346 3309 lenitas.
372 3265 441 3310 eum
458 3265 530 3310 esse
544 3257 573 3310 te
588 3247 729 3310 homines
744 3249 857 3324 sciant,
874 3263 965 3324 quem
978 3245 1078 3306 offen·

98 3329 172 3390 dere
189 3331 256 3392 sine
277 3331 414 3409 periculo
432 3334 570 3409 possint=
591 3332 798 3395 reconciliatio
815 3340 867 3392 tua
881 3331 1023 3393 etfacilis
1039 3329 1080 3388 sit
1152 3356 1155 3363 .

98 3420 128 3472 et
143 3422 234 3475 certa
260 3415 358 3476 timeri
378 3425 480 3478 autem
497 3425 557 3478 tarn
581 3416 664 3479 domi
685 3419 846 3479 molestam
858 3423 909 3476 est
926 3428 1017 3490 quam
1034 3412 1079 3470 to·

98 3496 158 3571 ris,
173 3504 234 3558 tam
249 3515 268 3559 a
282 3499 382 3562 servis
397 3517 491 3578 quarn
505 3518 524 3561 a
537 3501 652 3562 liberis.
678 3501 754 3562 nulli
775 3516 835 3561 non
852 3500 892 3559 ad
906 3495 1079 3558 nocendum
