2422 3862
164 232 230 299 440
483 238 512 292 L.
524 233 663 294 anunm
675 224 839 294 SENECAE

165 398 205 448 ter
223 391 331 447 Romae
349 391 475 463 pluribus
490 388 632 444 laboribus
650 389 766 446 iactatus
786 395 880 462 ampla
894 391 1008 462 quidem
1025 391 1079 448 sed
1093 411 1148 466 pro

164 475 322 548 ingentibus
340 475 444 530 meritis
455 473 581 546 praemia
595 480 778 543 acceperant=
798 491 853 546 ego
866 475 934 546 quid
947 475 1023 531 aliud
1034 478 1148 533 munifi·

165 562 273 616 centias
289 558 423 615 adhibere
435 558 513 629 potui
525 572 608 627 quam
627 557 736 626 studia,
753 562 783 613 ut
802 559 842 613 sic
854 559 987 626 dixerim,
1006 559 1148 618 inumbra

165 643 285 699 educata
301 643 438 713 atquibus
450 640 584 696 claritudo
595 640 681 716 venit,
695 640 771 712 quod
782 642 914 700 iuventae
924 648 989 698 tuae
1001 642 1146 700 rudimen-

163 728 198 782 tis
216 726 333 783 affuisse
350 727 464 794 videor,
487 724 595 796 grande
612 723 696 779 huius
715 726 756 780 rei
772 726 901 796 pretium.
935 727 973 781 At
983 731 1013 780 tu
1024 728 1147 798 gratiam

38 834 54 858 e
163 812 344 878 immensam,
361 810 537 863 innumeram
551 809 700 880 pecuniam
712 809 935 878 circumdedisti,
957 808 1031 866 adeo
1043 816 1073 865 ut
1083 812 1144 882 ple-

75 903 76 906 ’
163 910 281 964 rumque
299 894 370 947 intro
392 909 437 947 me
458 891 520 962 ipse
537 892 668 949 volvamr
692 908 784 964 egone
801 892 924 963 equestri
940 899 967 949 et
977 895 1147 964 provinciali

163 979 226 1032 loeo
249 981 326 1032 ortus
346 976 511 1047 proceribus
533 975 652 1033 civitatis
674 975 867 1033 adnumerort
899 978 970 1032 inter
989 978 1098 1032 nobiles
1119 983 1147 1032 et

163 1061 249 1131 longa
264 1060 369 1115 decora
379 1061 573 1132 praeferentes
585 1059 696 1116 novitas
711 1075 774 1115 mea
786 1061 901 1116 enituit?
921 1061 969 1116 ubi
981 1065 1023 1116 est
1034 1062 1146 1116 animus

59 1163 61 1169 ·
163 1145 208 1199 ille
229 1143 347 1199 modicis
369 1147 535 1200 contentus?
556 1144 619 1199 talis
638 1142 735 1198 hortos
752 1144 869 1199 exstruit
888 1150 915 1200 et
930 1161 982 1217 per
993 1143 1066 1200 haec
1078 1147 1146 1200 sub·

162 1229 269 1283 urbana
286 1227 389 1283 incedit
408 1233 436 1283 et
457 1228 538 1282 tantis
556 1243 689 1300 agrorum
710 1228 822 1298 spatiis,
845 1234 900 1283 tam
917 1230 973 1284 lato
985 1229 1083 1283 fenore
1095 1244 1145 1284 cx-

161 1313 281 1367 uberat‘t
301 1312 362 1368 Una
374 1311 501 1368 defensio
515 1312 649 1381 occurrit,
660 1311 737 1381 quod
748 1312 910 1367 muneribus
922 1313 975 1367 tuis
988 1312 1075 1367 obniti
1088 1327 1145 1367 non

162 1395 257 1450 debui.

102 1517 156 1574 108
227 1510 286 1568 Scd
297 1518 414 1583 uterque
430 1526 590 1567 mensuram
600 1510 793 1584 implevimus,
812 1516 839 1566 ot
855 1516 899 1581 tu,
917 1516 1048 1591 quantum
1065 1512 1145 1583 prin·

162 1613 229 1668 ceps
248 1596 370 1652 tribuere
390 1596 480 1651 amico
491 1600 603 1667 posset,
619 1600 646 1650 et
665 1611 735 1666 ego,
751 1599 884 1665 quantum
907 1595 1013 1650 amicus
1030 1610 1047 1649 a
1065 1596 1140 1667 prin

161 1680 224 1751 cipe
241 1680 384 1752 accipere:
404 1684 498 1734 cetera
509 1677 645 1735 invidiam
657 1684 770 1750 augent.
794 1693 866 1749 quae
878 1678 991 1750 quidem
1001 1682 1030 1732 ut
1046 1679 1143 1734 omnia

160 1764 287 1818 mortalia
299 1764 370 1818 infra
382 1768 457 1817 tuam
468 1762 688 1834 magnitudinem
700 1762 805 1831 iacent,
823 1760 876 1818 sed
888 1761 955 1817 milri
965 1762 1143 1816 incumbunt=

160 1845 228 1901 mihi
239 1846 464 1904 subveniendum
482 1852 532 1902 est.
555 1845 697 1917 quomodo
713 1845 742 1901 in
757 1846 852 1900 militia
864 1851 912 1900 aut
927 1847 974 1902 via
985 1846 1076 1900 fessus
1090 1844 1144 1901 ad·

159 1930 320 1986 minieulum
338 1947 463 1999 orarem,
486 1931 523 1985 ita
540 1930 568 1984 in
584 1929 640 1985 hoc
657 1928 755 1985 itinere
766 1929 841 1985 vitae
854 1945 942 1985 senex
953 1935 980 1984 et
990 1930 1142 1985 levissimis

161 2030 272 2085 quoque
285 2015 359 2070 curis
370 2014 460 2085 impar
472 2029 557 2085 quum
569 2030 638 2086 opes
657 2028 735 2068 meas
753 2013 825 2067 ultra
842 2013 980 2068 sustinere
998 2029 1055 2067 non
1074 2029 1142 2085 pos-

159 2099 227 2166 sim,
238 2097 412 2169 praesidium
422 2104 503 2169 peto=
519 2098 583 2152 iube
594 2113 645 2169 per
658 2101 856 2168 procuratores
867 2100 930 2151 tuos
943 2095 1142 2166 administrari,

159 2180 188 2234 in
198 2186 274 2251 tuam
290 2183 427 2236 fortunam
444 2181 540 2253 recipi.
573 2179 632 2236 Nec
651 2196 695 2235 me
713 2179 741 2234 in
759 2184 953 2252 paupertatem
969 2180 1031 2251 ipse
1046 2180 1142 2236 detru-

160 2262 240 2331 dam,
256 2264 308 2319 sed
319 2263 441 2332 traditis,
461 2279 578 2335 quorum
590 2264 698 2334 fulgore
709 2264 898 2335 perstringor,
918 2263 993 2334 quod
1006 2265 1142 2336 temporis

158 2345 304 2401 hortorum
316 2353 363 2402 aut
373 2347 502 2403 villarum
516 2363 601 2403 curac
618 2347 776 2418 seponitur,
796 2347 825 2400 in
847 2348 969 2402 animum
985 2351 1139 2404 revocabo.

159 2427 296 2502 Superest
315 2431 362 2486 tibi
389 2433 475 2486 robur
493 2437 519 2487 et
536 2435 575 2485 tot
589 2446 641 2503 per
658 2446 747 2486 annos
766 2431 858 2486 visum
875 2430 976 2502 fastigii
995 2432 1140 2503 regimens

158 2531 309 2586 possumus
328 2514 455 2576 seniores
467 2515 549 2570 amici
561 2515 682 2586 quictem
695 2514 879 2585 respondere.
914 2513 974 2568 Hoc
986 2530 1099 2587 quoque
1111 2517 1141 2570 in

158 2604 233 2654 tuam
253 2599 371 2671 gloriam
389 2598 485 2667 cedet,
509 2615 558 2653 cos
577 2599 613 2653 ad
630 2614 739 2652 summa
756 2598 884 2668 vexisse,
907 2598 954 2670 qui
978 2605 1005 2653 et
1028 2599 1141 2656 modica

158 2683 338 2738 tolerarent.“

415 2845 420 2852 .
502 2798 588 2855 XVII:
610 2797 817 2856 EPISTOLAE.

98 2919 153 2976 109
221 2916 360 2971 Priscian.
378 2918 411 2972 de
421 2918 566 2989 maderio.
584 2933 609 2973 c.
620 2921 646 2974 3.
658 2935 692 2989 p.
709 2920 776 2975 1349
794 2921 866 2973 ectr.
878 2917 920 2971 cd.
937 2916 1052 2973 Pratsch.
1087 2915 1141 2974 Se·

63 3562 131 3640 h

158 3015 230 3055 noca
251 2999 286 3052 in
309 2999 447 3054 decimo
471 3002 709 3074 epistolarum
732 2999 774 3054 ad
797 3000 983 3056 Novatum=

221 3096 344 3209 '’yiginfi
368 3104 485 3169 quatuor
507 3099 650 3168 sestertia,
671 3100 702 3156 id
727 3107 769 3156 est
785 3102 916 3157 talentum
932 3101 1056 3156 Atticum
1074 3119 1142 3175 par·

158 3184 243 3234 vum‘

217 3293 357 3352 Martiales
367 3297 455 3368 epigr.
474 3295 544 3361 VII,
561 3300 606 3358 45.

310 3395 436 3451 Facundi
450 3394 577 3453 Senecae
589 3403 690 3470 potens
701 3400 807 3455 amicus

306 3477 379 3539 Caro
395 3479 544 3558 proximus
562 3487 610 3539 aut
622 3482 700 3558 prior
711 3481 819 3540 Sereno
