2422 3862
132 240 171 305 ls
213 228 217 235 ’
406 237 440 296 E.
462 234 609 297 aunam
632 235 806 296 SENEEAE

90 393 122 448 14
130 391 319 467 despiciente
335 390 496 450 fortunam.
519 390 599 450 Volo
614 389 668 449 tibi
683 390 847 468 Chrysippi
863 403 987 465 quoque
1003 389 1104 448 distm-

131 475 262 537 ctionem
276 473 422 534 indicare.
455 473 496 533 ait
513 477 675 550 sapientem
695 475 778 534 nulla
798 492 833 534 re
848 491 950 548 apere,
968 479 1109 534 ettamen

130 562 227 621 multas
246 561 292 620 itti
310 559 399 619 rebus
413 574 487 634 opus
502 574 573 618 esse.
606 564 711 620 contro
728 561 814 619 stulto
827 561 911 618 nollo
925 575 960 618 re
973 573 1047 633 opus
1057 564 1108 631 cst,

130 648 214 706 nullo
229 646 306 704 enim
320 659 355 703 re
366 645 410 702 uti
422 645 490 711 scit,
504 643 559 703 scd
573 644 705 704 omnibus
715 649 788 716 epet.
817 641 953 717 Sapienti
969 649 999 701 et
1014 642 1110 700 mani-

129 729 189 790 bus
211 734 241 788 et
261 725 358 786 oculis
379 733 409 786 et
430 726 531 786 multis
554 728 593 787 ad
614 728 798 788 cotidianum
818 741 907 786 usum
924 726 1109 785 necessariis

132 829 212 888 opus
228 818 289 885 est,
306 817 375 885 eget
389 811 472 870 nulla
487 826 530 869 re.
553 826 668 886 egere
683 811 762 870 enim
778 810 969 871 necessitatis
985 816 1046 883 est,
1064 810 1109 867 ni-

91 898 172 957 lahil
187 911 317 956 necesse
333 895 463 977 sapienti
478 902 534 955 est.
556 895 637 970 Ergo
654 894 794 970 quamvis
809 911 844 955 sc
860 895 929 969 ipso
944 899 1109 954 contentus

132 983 185 1052 sit,
200 978 305 1040 amicis
322 979 364 1038 illi
379 995 458 1054 opus
473 985 530 1039 est.
552 978 611 1040 hos
627 979 833 1055 cupithabere
847 978 1108 1055 quamplurimos,

132 1082 194 1127 non
214 1073 247 1125 ut
266 1063 355 1124 beate
375 1063 467 1124 vivat.
501 1064 582 1123 vivet
601 1065 679 1124 enim
702 1063 790 1122 etiam
806 1063 873 1122 sine
888 1062 994 1123 amicis
1011 1062 1098 1122 beate

133 1164 284 1212 summum
308 1149 422 1209 bonum
448 1147 639 1209 extrinsecus
665 1149 863 1207 instrumenta
890 1161 952 1207 non
981 1144 1110 1222 quaer*

133 1234 215 1295 domi
233 1233 356 1307 colitur,
379 1249 418 1292 ex
433 1248 468 1292 se
482 1240 577 1292 totum
592 1239 649 1293 est.
677 1232 782 1307 incipit
795 1232 935 1292 fortunae
949 1246 1022 1292 csse
1037 1230 1109 1290 sub-

92 1319 259 1391 reiectum,
278 1318 303 1377 si
319 1333 409 1392 quam
429 1325 545 1392 partem
562 1317 609 1377 sui
625 1317 700 1377 ioris
715 1316 841 1391 quaerit.
869 1314 993 1390 „Qualis
1008 1324 1108 1375 tamon

134 1405 234 1463 lutura
248 1408 296 1462 est
309 1403 372 1462 vita
386 1401 548 1477 sapientis,
567 1400 595 1460 si
609 1404 676 1461 sine
690 1400 796 1461 amicis
810 1400 999 1475 relinquatur
1013 1400 1042 1458 in
1059 1415 1109 1458 cu·

134 1487 264 1548 stodiam
281 1486 454 1561 coniectus,
476 1488 525 1545 vel
545 1486 575 1545 in
591 1487 693 1561 aliqua
713 1493 802 1560 gente
822 1484 923 1545 aliena
937 1482 1109 1557 destitutae,

135 1572 183 1630 vel
198 1571 228 1630 in
245 1571 314 1629 navi
338 1570 438 1631 atione
461 1571 553 1645 longa
574 1575 724 1644 retentae,
746 1570 848 1629 autin
871 1568 1025 1640 desertum
1041 1568 1110 1628 litus

135 1656 285 1715 eiectust‘
320 1653 420 1729 qualis
437 1661 466 1713 et
479 1654 577 1728 Iovis,
601 1669 669 1714 cunr
683 1655 819 1714 resoluto
835 1653 949 1712 mundo
967 1659 997 1711 et
1012 1652 1067 1722 din
1080 1652 1108 1712 in

134 1756 228 1800 unum
249 1736 388 1820 contusis
410 1739 566 1814 paulisper
582 1745 725 1802 cessante
742 1745 849 1797 natura
865 1735 1038 1811 adquiescit
1052 1733 1131 1836 31Ηῆ

136 1818 370 1899 cogitationibus
393 1821 457 1883 suis
473 1822 630 1889 traditusa
640 1824 700 1882 tale
721 1821 866 1898 quiddam
882 1821 1007 1896 sapiens
1023 1820 1095 1880 iacit

93 1907 164 1968 ttin
187 1922 221 1966 se
240 1906 431 1982 reconditur,
453 1922 558 1967 secum
580 1899 648 1970 esti
671 1906 819 1980 Quamdiu
841 1905 963 1981 quidem
984 1903 1027 1964 illi
1041 1904 1111 1964 licet

136 2007 193 2051 suo
211 1989 334 2051 arbitrio
349 2007 400 2050 res
418 2007 492 2051 suas
508 1990 666 2064 ordinare,
689 2006 724 2050 sc
744 1998 905 2051 contentus
920 1995 976 2049 est.
1011 1996 1041 2048 et
1055 1989 1109 2049 du·

136 2073 176 2134 cit
197 2089 325 2133 uxorem
346 2090 380 2133 se
402 2082 578 2147 contemne,
601 2082 632 2135 ct
651 2074 766 2135 liberos
788 2074 866 2135 tollit
883 2090 918 2134 se
936 2080 1109 2135 contentus

137 2164 167 2216 et
186 2164 286 2216 tamen
302 2173 362 2217 non
378 2140 558 2233 viveret&
574 2159 651 2218 toret
668 2159 734 2217 sinc
748 2159 870 2219 homine
884 2157 1035 2223 victurusa
1061 2156 1109 2217 Ad

51 2290 54 2297 .
137 2239 299 2300 amicitiam
320 2243 377 2300 lert
397 2241 479 2302 illum
496 2242 579 2301 nulla
595 2242 707 2301 utilitas
728 2259 798 2317 sua,
822 2242 879 2302 sed
901 2230 1046 2303 naturalis
1067 2240 1110 2300 in·

135 2325 244 2385 ritatio.
277 2341 346 2384 nam
365 2332 398 2385 ut
418 2326 544 2386 aliarum
561 2325 650 2386 nobis
666 2341 766 2386 rerum
782 2327 885 2386 innata
908 2326 1039 2387 dulcedo
1055 2333 1110 2398 est,

138 2410 182 2470 sic
204 2409 352 2469 amicitiae
374 2412 411 2484 [†
431 2415 462 2469 et
478 2408 623 2484 adpetitio
641 2409 796 2471 societatis
811 2411 862 2490 †].
886 2410 1042 2486 quomodo
1061 2426 1110 2470 so·

137 2493 233 2553 litudo
254 2494 285 2552 in
307 2493 409 2554 odium
432 2499 492 2566 est,
508 2497 558 2569 ††
574 2495 727 2568 quomodo
748 2496 901 2556 horninem
923 2494 1037 2555 homini
1058 2511 1110 2554 na-

138 2586 205 2638 tura
218 2576 372 2651 conciliat,
389 2577 434 2637 sic
446 2576 525 2638 inest
536 2578 605 2639 huic
622 2596 745 2654 quoque
759 2580 804 2639 rei
816 2578 970 2654 stimulus,
989 2579 1109 2654 quinos

99 2670 132 2724 18
139 2660 336 2721 amicitiarum
356 2661 534 2736 adpetentes
554 2664 652 2724 iaciat.
686 2664 885 2724 Nihilominus
902 2679 969 2725 cum
985 2664 1025 2722 sit
1039 2661 1110 2722 ami-

140 2760 244 2806 corum
270 2744 511 2820 amantissimus,
544 2765 612 2808 cum
640 2748 709 2808 illos
737 2748 795 2807 sibi
823 2755 983 2824 conparet,
1017 2762 1111 2822 saepe

139 2831 305 2904 praeierat:
325 2845 415 2890 omne
428 2831 506 2891 intra
517 2848 552 2891 se
566 2832 680 2892 bonum
692 2833 863 2893 terminabit
874 2841 904 2892 et
915 2832 1012 2905 dicet,
1028 2831 1110 2907 quod

140 2911 258 2974 Stilbon
273 2913 424 2989 illedixit,
441 2913 572 2989 Stilbon,
590 2933 679 2992 quem
691 2916 815 2992 Epicuri
831 2917 963 2992 epistula
976 2916 1110 2991 insequi·

138 3003 202 3057 tur:
223 2996 273 3056 hic
289 2998 368 3056 enim
387 3008 475 3075 capta
491 3001 602 3076 patria,
620 3001 741 3061 amissis
754 3001 870 3075 liberis,
888 3000 1000 3061 amissa
1014 3014 1112 3060 uxore

83 3095 85 3100 ¹
140 3097 209 3141 cum
230 3097 268 3140 ex
289 3082 429 3145 incendio
455 3084 578 3160 publico
597 3085 682 3145 solus
706 3091 852 3145 ettamen
875 3085 984 3144 beatus
1005 3084 1110 3155 exiret,

139 3166 335 3240 interroganti
355 3169 523 3243 Demetrio,
554 3170 600 3228 cui
623 3184 792 3244 cognomen
812 3170 850 3229 ab
874 3168 967 3230 exitio
992 3168 1112 3229 urbium

138 3248 325 3312 Poliorcetes
356 3253 424 3326 luit,
455 3251 603 3327 numquid
630 3253 829 3328 perdidisset,
860 3256 972 3328 omnic,
1005 3253 1111 3329 inquit,

102 3334 215 3396 itione
229 3351 296 3396 meo
309 3354 422 3399 mecam
435 3344 511 3398 sunt.
533 3336 613 3397 Ecce
626 3338 673 3396 vir
686 3338 772 3398 lortis
786 3354 821 3397 ac
837 3345 994 3399 strenuus!
1011 3337 1112 3414 ipsam

139 3418 235 3480 hostis
251 3421 299 3480 sui
313 3421 473 3481 victoriam
487 3421 569 3482 vicit.
588 3421 684 3496 Nihil,
699 3420 808 3498 inquit,
821 3424 960 3498 perdidi.-
973 3422 1112 3482 dubitate

121 3502 212 3563 r‘llam
226 3505 345 3582 coegit,
363 3523 402 3568 an
421 3505 558 3569 vicisset.
583 3505 886 3570 Omrtlomcomccum
900 3514 982 3567 suot:
1004 3506 1050 3585 [id
1065 3509 1113 3565 est
