2422 3862
229 247 398 310 EPISTUL.
415 247 509 310 MOR.
524 248 596 309 LIB.
612 249 719 311 livill.
733 250 791 310 ΕΡ.
806 260 833 313 5.
848 256 937 327 (108.)
1008 249 1071 315 353

93 403 234 482 proficiat
247 403 428 463 talis‘oratio
443 402 578 463 remedio
593 402 706 463 intentu
716 410 750 462 et
763 410 826 464 tota
842 402 873 463 in
891 402 1006 466 bonum·
1019 421 1073 467 au·

92 489 236 550 clientium
251 502 350 547 versa.
375 485 516 546 facillime
530 485 615 547 enim·
626 494 730 547 tenera
740 487 939 548 conciliantur
952 488 1074 564 ingenia

92 573 132 634 ad
147 571 267 632 honesti
281 570 418 646 rectique
433 585 567 630 amorem
582 579 612 631 et
623 570 726 630 'adhuc
742 570 892 632 docilibus
901 570 1074 648 leviterque
1098 594 1100 600 ·

93 654 246 730 corruptis
268 655 351 714 inicit
370 670 492 714 manum
513 655 641 726 veritas,
669 654 695 714 si
720 654 903 716 advocatum
928 656 1074 718 idoneum

92 741 203 800 nancta
218 746 273 799 est.
317 739 395 813 E'go
413 745 494 798 certe
513 754 594 798 cum
610 739 776 798 Attalum
799 739 969 800 audirem
985 740 1015 800 in
1031 739 1118 800 ιιι-13

92 825 142 897 tia,
158 825 189 882 in
204 838 341 895 errores,
357 822 388 881 in
402 823 483 881 mala
498 822 577 882 vitae
592 830 802 898 perorantem·
819 838 915 900 saepe
930 824 1073 885 misertus

93 924 161 969 sum
177 908 297 982 generis
316 907 438 966 humani
454 913 485 966 et
498 905 581 966 illum
595 905 1074 983 sublimemaltioremque

92 993 255 1052 humano
278 991 440 1065 fastigio
461 989 623 1049 credidi.
651 991 720 1065 ipse
733 1005 836 1066 regem
852 1007 887 1050 se
904 994 977 1052 esse
992 992 1073 1052 dice-

92 1077 156 1136 bat:
187 1075 243 1135 sed
262 1077 332 1150 plus
357 1090 448 1148 quam
471 1088 600 1148 regnare
619 1073 690 1132 mihi
711 1073 885 1148 videbatur,
906 1075 955 1137 cui
970 1075 1075 1136 liceret
1196 1136 1199 1141 .

93 1174 257 1219 censuram·
269 1160 361 1234 agere
374 1157 574 1232 regnantium.
596 1157 669 1217 Cum
686 1154 759 1218 v'ero
773 1159 988 1220 commendare
1000 1168 1119 1235 pau-14

94 1250 240 1318 pertatem
262 1244 407 1317 coeperat
427 1248 456 1301 et
477 1240 655 1313 ostendere,
683 1258 787 1316 quam,
817 1242 963 1319 quicquid
983 1259 1074 1304 usum

93 1328 272 1398 excederet,
302 1327 433 1401 pondus
445 1333 528 1385 esset
549 1341 775 1420 supervacuum
797 1333 828 1385 et
841 1341 936 1401 grave
957 1328 1073 1402 ferenti,

93 1427 189 1486 saepe
205 1412 289 1471 exire
307 1426 325 1470 e
340 1410 446 1470 scllola
460 1408 589 1485 pauperi
609 1408 702 1469 libuit.
731 1425 816 1469 cum
824 1418 967 1487 coeperat
988 1413 1073 1471 voln-

93 1504 192 1571 ptates
209 1503 330 1555 nostras
345 1493 515 1568 traducere,
531 1493 657 1553 laudare
672 1501 788 1555 castum
800 1508 924 1568 corpus,
939 1493 1074 1555 sobriam

93 1594 239 1653 mensam,
256 1580 363 1654 puram
379 1585 508 1637 mentem
522 1594 584 1637 non
595 1584 709 1637 tantum
721 1576 759 1636 ab
772 1575 894 1637 inlicitis
908 1579 1073 1652 voluptati-

96 1661 167 1738 bus,‘
179 1664 235 1722 sed
252 1665 340 1723 etiam
358 1662 568 1738 supervacuis,
584 1661 697 1721 libebat
711 1661 960 1721 circumscribere
973 1663 1074 1737 gulam

93 1763 131 1806 ae
154 1755 299 1807 ventrem.
348 1747 423 1806 Inde
448 1746 519 1807 milti
550 1745 700 1822 quaedam
730 1758 940 1820 permansere,
970 1745 1074 1806 Lucili.
1083 1746 1116 1800 15

94 1846 204 1904 magno
220 1830 342 1891 enimin
361 1831 462 1891 omnia
477 1831 599 1905 inceptu
613 1844 766 1889 verteram.
790 1827 901 1889 deinde
915 1830 955 1889 ad
971 1829 1073 1890 civita·

94 1913 133 1973 tis
155 1914 247 1974 vitam
265 1915 410 1975 reductus
432 1930 471 1974 ex
492 1914 571 1974 bene
591 1912 709 1988 coeptis
732 1928 830 1987 ριιιιιι
845 1914 981 1973 servavi:
1003 1912 1075 1989 inda

95 1998 205 2058 ostreis
220 1998 393 2073 boletisque
408 2000 437 2058 in
454 2014 574 2058 omnem
595 1996 688 2057 vitam
708 1997 912 2057 renuntiatum
933 2005 990 2056 est.
1017 2012 1074 2057 nec

94 2081 174 2141 enim
190 2082 258 2156 cibi,
275 2084 331 2142 sed
347 2083 567 2144 oblectamenta
582 2081 706 2143 suntad
722 2079 873 2142 edendum
888 2081 1011 2142 saturos
1023 2096 1073 2141 co·

93 2165 209 2242 gentio,
233 2167 318 2242 quod
334 2167 540 2241 gratissimum
562 2176 608 2227 est
629 2165 775 2226 edacibus
791 2170 821 2224 et
839 2180 874 2225 se
889 2165 1074 2241 ultraquam

94 2252 219 2326 capiunt
240 2252 451 2324 sarcientibus,
466 2253 566 2312 -laeile
590 2251 794 2322 descensura,
821 2250 910 2310 facile
926 2251 1072 2312 reditura.

94 2335 165 2395 inde
192 2337 222 2394 in
249 2351 370 2395 omnem
395 2335 485 2395 vitam
510 2343 666 2411 unguento
696 2334 901 2409 abstinemus,
930 2335 1118 2409 quoniamra

95 2420 228 2493 optimus
255 2418 332 2478 odor
357 2417 543 2492 incorpore
567 2418 744 2479 estnullusss
775 2417 846 2478 inde
869 2417 938 2478 vino
965 2433 1074 2478 carens
1172 2478 1180 2489 ,

95 2501 283 2562 stomachus.
312 2501 391 2560 inde'
404 2499 433 2559 in
451 2517 570 2561 omnem
586 2503 676 2561 vitam
692 2501 834 2561 balneum
854 2500 1000 2575 fugimus,
1022 2501 1074 2559 de·
1111 2521 1114 2528 ·

95 2599 232 2660 coquere
254 2599 368 2658 corpus
390 2589 481 2658 atque
502 2585 658 2644 exinanire
679 2583 970 2644 sudoribusinutile
985 2583 1075 2644 simul

95 2671 321 2743 delicatumque
333 2666 533 2727 credidimnse
546 2673 648 2727 cetera
659 2666 796 2742 proiecta
807 2665 970 2740 redierunt,
978 2665 1020 2728 ita
1030 2674 1075 2728 to·

95 2770 173 2823 nien,
190 2761 223 2813 ul
239 2768 367 2827 quorum
383 2749 594 2811 abstinentiam
609 2749 763 2825 interrupi
777 2749 901 2811 modum
913 2767 1032 2811 servem
1046 2758 1077 2812 et

97 2837 218 2914 quidem
233 2835 434 2897 abstinentiae
447 2833 670 2911 proximiorem,
687 2833 793 2894 nescio
810 2851 848 2894 an
862 2834 1073 2910 difficiliorem,

97 2922 241 2996 quoniam
265 2920 386 2996 quidem
408 2920 606 2980 absciduntur
627 2919 866 2980 lucilius·animo
887 2922 983 2995 quam'
1001 2930 1074 2982 lem·

98 3014 251 3082 petantur.
281 3005 465 3079 Quoniam
481 3005 597 3080 coepi
612 3003 682 3064 tibi
701 3019 913 3079 exponere,
932 3005 1118 3081 quantoli

96 3090 253 3151 maiore·
275 3091 411 3165 inpetu
439 3085 804 3164 ad'philosopsshiam
834 3088 1074 3150 invenisne·

98 3175 413 3249 cesserimzquam
426 3188 550 3232 senex
565 3187 739 3248 pergam
755 3187 828 3232 non
843 3173 1007 3248 pudebit
1020 3174 1074 3233 tan

96 3258 185 3329 teri,
204 3254 315 3332 Iquem
330 3256 420 3317 mihi
433 3255 872 3335 amoremPythag'orae.
884 3257 1076 3326 iniecerit

97 3339 243 3401 Sotion.
250 3341 389 3414 :dicebat
403 3339 1075 3417 quare-illeanimalibus{abstinuissetzqunra

99 3432 211 3499 postea
218 3424 303 3487 Sext
283 3435 363 3487 trus.
377 3425 533 3486 dissimilis
549 3424 786 3501 utriquecriusa
794 3424 870 3498 erat
879 3425 953 3485 ειιι
949 3424 1117 3498 utrique&

98 3508 283 3583 magnilica·¹
290 3506 360 3571 llic
364 3509 477 3571 bomini
486 3509 575 3573 sotis
583 3509 797 3571 alimentorum
808 3508 883 3568 citra
896 3504 1077 3581 sauguinem
1086 3514 1119 3570 ιθ

140 3611 242 3651 seneen
259 3612 329 3651 enm.
350 3597 393 3654 lll.
876 3595 969 3651 to
