2422 3862
171 220 233 287 288
465 220 497 279 L.
519 217 665 279 Annam
687 216 863 277 SENECAE

130 385 163 442 19
171 374 281 449 cuique
297 371 444 431 debeatur
460 368 573 443 officio,
587 377 696 430 natura
709 384 771 429 non
788 368 888 428 docet.
931 367 1048 428 Deinde
1064 369 1151 428 euius

171 465 275 519 curata
291 454 431 515 sublusio
447 461 509 527 est,
530 454 557 512 is
573 468 634 513 non
649 453 804 527 protinus,
826 468 895 512 eum
911 451 1010 510 visum
1026 451 1150 527 recepit,

171 541 238 600 aliis
260 555 385 615 quoque
406 544 508 613 potest
525 537 671 596 redderet
690 535 802 596 malitia
818 535 963 595 liberatus
985 542 1016 595 et
1037 535 1151 596 liberat.

170 625 236 685 Non
251 639 331 699 opus
347 630 395 683 est
406 621 625 693 exhortatione,
641 619 959 694 neeonsilioquidem,
975 620 1152 681 utcolorum

171 709 374 784 proprietates
391 705 500 766 oculus
516 705 679 779 intellegat
697 719 716 764 a
734 702 822 778 nigro
844 701 946 763 album
962 701 1053 763 etiam
1070 704 1151 763 nullo

170 799 312 852 monente
333 788 512 864 distinguet:
535 788 635 848 multis
659 795 765 848 contra
789 786 963 862 praeceptis
993 795 1063 863 eget
1089 787 1150 847 ani-

169 892 246 950 mus,
261 883 295 936 ut
309 875 418 946 videat,
436 872 510 948 quid
526 873 677 947 agendum
692 871 775 931 sitin
791 870 862 932 vita.
880 887 1066 946 quamquam
1080 887 1149 932 ocu-

169 961 208 1019 lis
223 974 347 1034 queque
362 972 472 1032 aegros
488 957 626 1017 medicus
643 972 705 1016 non
726 963 842 1016 tantum
857 963 950 1029 curat,
968 956 1048 1029 [sed]
1064 954 1152 1015 etiam

127 1049 285 1103 admonete
304 1048 461 1115 „nonest
481 1041 586 1116 inquit,
606 1040 690 1116 quod
710 1040 850 1116 protinus
870 1039 1042 1100 inbecillam
1058 1039 1150 1100 aciem

170 1125 338 1188 committas
354 1124 485 1198 inprobo
500 1124 615 1184 lumini.
644 1141 662 1184 a
677 1125 812 1185 tenebris
827 1123 957 1199 primum
973 1125 1013 1184 ad
1031 1124 1151 1184 umbro-

170 1226 205 1270 sa
224 1210 375 1286 procede,
396 1208 508 1269 deinde
529 1210 599 1283 plus
614 1209 695 1268 aude
716 1215 746 1268 et
762 1208 905 1283 paulatim
927 1209 1039 1268 claram
1053 1209 1150 1268 lucem

171 1295 231 1371 peti
248 1295 409 1354 adsuesce.
450 1299 589 1364 nonest,
609 1294 691 1368 quod
715 1300 787 1368 post
806 1292 907 1361 cibum
924 1293 1062 1353 studeas.
1090 1307 1150 1352 non

170 1386 226 1453 est,
242 1378 326 1454 quod
342 1376 440 1453 plenis
456 1377 554 1437 oculis
569 1391 606 1436 ac
622 1378 806 1437 tumentibus
827 1375 971 1452 imperes.
1006 1376 1151 1436 adflatum

169 1471 200 1523 et
222 1463 281 1521 vim
303 1461 425 1538 frigoris
448 1460 478 1519 in
497 1477 533 1520 os
556 1462 743 1522 occurrentis
766 1462 881 1535 evita‚“
906 1461 965 1521 alia
990 1459 1151 1532 eiusmodi,

170 1563 250 1622 quae
267 1564 328 1609 non
342 1547 443 1606 minus
460 1561 550 1620 quam
566 1546 786 1606 medicamenta
802 1544 980 1620 proficiunt:
996 1545 1089 1605 adicit
1106 1559 1151 1602 re-

127 1631 278 1692 almediis
295 1631 445 1691 medicina
460 1629 630 1691 consilium.
646 1629 769 1704 „Erron
785 1629 890 1704 inquit,
906 1635 953 1689 est
967 1644 1062 1689 eausa
1079 1643 1150 1702 pec-

171 1714 269 1773 candi.
285 1714 366 1774 hunc
379 1712 468 1775 nobis
481 1721 647 1788 praecepta
659 1730 720 1773 non
732 1713 893 1773 detrahunt
904 1727 960 1788 nec
973 1718 1153 1787 expugnant

170 1798 334 1873 opiniones
349 1797 491 1858 debonis
507 1813 544 1857 ac
559 1798 645 1857 malis
662 1798 787 1858 salsas.“
806 1796 948 1859 concedo
966 1812 1021 1871 per
1035 1813 1070 1855 se
1086 1795 1151 1855 elli-

170 1883 428 1957 caciapraecepta
439 1897 500 1941 non
512 1897 583 1944 esse
595 1883 837 1943 adevertendam
847 1897 973 1957 pravam
985 1880 1076 1939 animi
1088 1895 1152 1954 per-

169 1966 361 2028 suasionem:
383 1967 439 2026 sed
460 1982 520 2026 non
535 1968 605 2028 ideo
621 1967 711 2045 [aaa]
727 1964 794 2026 aliis
812 1966 935 2041 quidem
951 1966 1070 2026 adiecta
1085 1980 1152 2039 pro·

169 2049 284 2112 ficiunt.
305 2052 436 2111 Primum
451 2051 628 2111 memoriam
642 2057 800 2111 renovant.
820 2049 932 2110 deinde
948 2064 1027 2124 quae
1043 2049 1073 2107 in
1088 2047 1152 2108 uni·

169 2148 261 2194 verso
278 2136 437 2195 confusius
453 2133 648 2208 videbantur,
676 2135 708 2194 in
729 2140 833 2210 partes
855 2133 956 2192 divisa
977 2133 1151 2208 diligentius

170 2217 417 2279 considerantur:
433 2225 486 2277 aut
499 2225 532 2279 lu
547 2220 605 2280 isto
621 2220 712 2280 modo
728 2218 798 2278 licet
813 2225 843 2278 et
858 2216 1088 2278 consolationes
1108 2217 1152 2274 di-

170 2315 223 2359 eas
240 2317 450 2376 supervacuas
466 2308 496 2362 et
511 2302 755 2365 exhortationem
771 2301 855 2377 atqui
870 2318 931 2362 non
954 2309 1025 2362 sunt
1046 2315 1152 2375 super-

127 2396 162 2448 aa
169 2400 295 2460 vacuae,
311 2401 384 2461 ergo
400 2401 438 2445 ne
452 2387 633 2448 monitiones
650 2387 783 2462 quidem.
805 2387 956 2461 „Stultum
974 2394 1031 2458 est,
1048 2385 1152 2460 inquit,

171 2471 347 2546 praecipere
362 2485 454 2545 aegro
471 2472 545 2546 quid
558 2473 658 2531 lacere
669 2479 824 2546 tamquam
840 2488 934 2532 sanus
951 2470 1070 2544 debeat,
1085 2484 1153 2529 eum

169 2555 358 2615 restituenda
373 2556 487 2616 sanitas
505 2557 557 2629 sit,
589 2556 656 2616 sine
679 2572 739 2631 qua
758 2556 848 2615 inrita
866 2563 938 2616 sunt
958 2558 1153 2630 praecepta.“

170 2638 261 2712 Quid·
290 2640 373 2714 quod
407 2639 521 2700 habent
541 2641 624 2714 aegri
646 2641 797 2715 quaedam
818 2641 948 2715 sanique
972 2638 1152 2709 eommunia,

170 2722 208 2780 de
224 2723 335 2797 quibus
352 2724 536 2784 admonendi
552 2731 644 2786 suntt
668 2733 822 2800 tamquam
838 2741 877 2785 ne
891 2724 982 2784 avide
997 2724 1084 2784 cibos
1100 2722 1154 2782 ad-

170 2813 282 2879 petant,
301 2815 334 2866 ut
348 2807 558 2868 lassitudinem
572 2809 676 2869 vitent.
718 2808 839 2869 Habent
861 2809 1011 2884 quaedam
1028 2821 1152 2882 praece-

127 2895 220 2962 tepla
236 2890 410 2948 eommunia
424 2906 543 2966 pauper
558 2900 587 2952 et
601 2893 698 2953 dives.
717 2891 835 2967 ‚‚Sana,
861 2892 974 2967 inquit,
997 2890 1153 2951 avaritiam

169 2979 199 3031 et
214 2970 286 3030 nihil
302 2971 445 3046 habebis,
468 2977 554 3050 quod
570 2979 737 3037 admoneas
760 2985 813 3037 aut
826 2992 994 3053 pauperem
1010 2984 1062 3036 aut
1078 2975 1153 3034 divi-

168 3064 243 3117 tem:
262 3055 412 3130 eapiditas
428 3060 587 3136 utriusque
603 3062 774 3123 considet.“
803 3061 888 3136 Quid,
905 3061 989 3134 quod
1006 3060 1090 3119 aliud
1108 3067 1155 3119 est

120 3172 124 3179 ·
169 3154 230 3199 non
243 3140 463 3216 concupiscere
477 3146 645 3219 pecuniam,
661 3147 743 3206 aliud
755 3146 797 3206 uti
811 3147 941 3220 pecunia
953 3146 1054 3204 sciret
1066 3142 1154 3204 cuius

169 3222 253 3282 avari
274 3226 398 3286 modum
420 3229 575 3302 ignorant,
598 3228 686 3289 etiam
708 3246 769 3291 non
790 3231 874 3290 avari
895 3246 995 3290 usum.
1041 3228 1153 3303 „Tolle

168 3305 274 3384 lnquit,
290 3326 427 3372 errores=
444 3329 638 3389 supervacua
651 3320 817 3390 praecepta
831 3319 931 3374 sunl.“
951 3313 1075 3373 Falsum
1091 3319 1140 3371 est

169 3397 243 3477 puta
259 3396 338 3455 enim
355 3398 511 3460 avaritiam
525 3399 708 3473 relaxatam,
725 3406 804 3474 puta
818 3399 994 3459 adstrictam
1016 3413 1089 3458 esse
1110 3397 1153 3455 lu·-
