2422 3862
165 225 232 289 aoa
354 258 357 263 ·
458 225 491 285 n.
510 225 659 285 aunam
678 187 915 285 sunnone

163 384 263 437 umen
281 375 320 435 ad
337 375 476 435 virtutem
492 390 554 435 non
575 373 715 448 pertinet
758 374 840 449 ligna
864 375 934 434 navi
952 374 1026 435 nihil
1046 378 1151 438 conse

162 466 246 534 runt,
262 458 404 535 quamvis
419 474 481 519 non
497 458 550 518 fiat
563 458 652 517 navis
673 458 788 518 nisiex
808 458 913 533 lignis:
939 475 1001 520 non
1023 468 1086 535 est,
1107 461 1151 522 in·

165 560 266 620 quam,
282 560 336 604 cnr
350 541 467 616 aliquid
481 550 571 617 putes
585 542 652 602 eius
669 542 818 607 adiutorio
834 542 910 616 fieri,
928 542 996 603 sine
1011 561 1073 619 quo
1087 561 1150 607 non

121 631 267 704 bipotest
284 627 361 687 fieri.
402 627 538 687 Potest
558 625 711 700 quidem
732 626 846 686 etiam
866 627 942 688 illud
964 627 1039 700 dici,
1067 629 1150 689 sine

162 710 401 775 liberalibus
422 710 567 771 studiis
589 709 716 770 veniri
730 710 778 769 ad
795 709 1027 785 sapientiam
1044 727 1148 786 posse.

163 796 304 872 quamvis
319 795 399 854 enim
415 795 509 853 virtus
532 793 682 854 discenda
701 793 755 868 sit,
777 800 878 854 tamen
904 811 967 855 non
993 811 1049 871 per
1072 795 1149 856 haec

163 878 299 940 discitur.
344 878 417 953 quid
438 885 486 938 est
506 884 623 953 autem,
643 893 739 953 quare
754 875 924 939 existimem
939 895 1001 938 non
1017 880 1149 940 futurum

163 964 333 1039 sapientem
354 977 439 1034 eum,
462 961 514 1036 qui
529 962 632 1022 literas
648 962 761 1037 nescit,
782 977 851 1020 cnm
866 961 1017 1038 sapientia
1034 963 1151 1026 nonsit

72 1106 77 1113 ,
162 1048 193 1107 in
208 1048 324 1106 literisr
361 1061 413 1106 res
428 1046 526 1120 tradit,
543 1061 603 1105 non
623 1045 725 1117 verba,
741 1052 772 1106 et
785 1045 891 1108 nescio
907 1062 946 1106 an
963 1047 1074 1108 certior
1088 1063 1149 1107 me-

120 1140 154 1196 33
163 1131 259 1192 moria
274 1129 329 1204 sit,
343 1144 423 1204 quae
436 1130 551 1190 nullum
566 1137 652 1194 extra
666 1145 702 1190 se
716 1129 887 1190 subsidium
902 1130 1001 1192 habet
1040 1131 1152 1206 Magna

164 1220 195 1275 et
218 1215 358 1290 spatiosa
381 1229 432 1274 res
454 1221 501 1274 est
521 1212 681 1288 sapientia.
722 1230 820 1274 vacuo
841 1213 885 1274 illi
904 1215 973 1275 loco
989 1230 1068 1290 opus
1085 1223 1148 1274 est:

165 1298 205 1358 dc
219 1297 329 1358 divinis
339 1297 549 1373 'humanisque
563 1298 744 1358 discendum
758 1305 820 1369 est,
848 1298 888 1358 de
901 1299 1087 1375 praeteritis
1109 1299 1148 1358 de

164 1383 283 1457 futuris,
299 1383 338 1442 de
355 1381 490 1455 caducis,
511 1383 551 1442 de
566 1382 707 1457 aeternis,
729 1383 769 1442 de
786 1390 932 1458 tempore,
954 1383 994 1442 de
1010 1400 1072 1458 quo
1088 1399 1149 1442 uno
1189 1455 1191 1458 y

163 1465 235 1526 vide
262 1481 352 1542 quam
377 1466 470 1526 multa
491 1473 690 1540 quaerentum
716 1465 845 1541 primum
867 1482 906 1526 an
920 1481 978 1541 per
990 1479 1028 1526 se
1043 1466 1083 1527 sit
1097 1467 1149 1525 ali·

164 1551 247 1626 qnid.
290 1549 401 1609 deinde
421 1565 460 1610 an
481 1549 596 1625 aliquid
617 1557 687 1610 ante
710 1558 832 1624 tempus
852 1551 892 1610 sit
912 1548 979 1610 sine
1001 1557 1150 1624 tempore.

163 1650 231 1694 cum
256 1634 369 1693 mundo
392 1632 528 1707 coeperit
549 1649 588 1694 an
611 1634 701 1694 etiam
721 1640 791 1693 ante
811 1633 955 1693 mundum
971 1632 1044 1707 quia
1059 1633 1151 1693 luerit

85 1768 88 1773 .
121 1721 154 1778 st
162 1718 286 1792 aliquid,
303 1717 393 1778 luerit
406 1725 436 1778 et
449 1725 591 1791 tempus?
611 1715 851 1778 Innumerabiles
864 1717 1062 1792 quaestiones
1078 1725 1150 1778 sunt

163 1802 203 1860 de
217 1802 317 1862 animo
333 1808 464 1861 tantuma
492 1802 572 1861 unde
587 1801 640 1876 sit,
663 1803 763 1876 qualis
779 1800 833 1874 sit,
848 1801 972 1876 quando
987 1816 1061 1862 esse
1075 1802 1149 1861 inci-

163 1886 240 1961 piat,
262 1885 408 1961 quamdiu
427 1885 475 1946 sit.
510 1885 634 1945 aliunde
648 1887 707 1947 alio
724 1893 858 1946 transeat
872 1892 902 1945 et
916 1884 1070 1946 domicilia
1085 1902 1148 1945 mu-

160 1976 205 2030 tet
219 1970 259 2029 ad
273 1970 350 2029 alias
365 1969 539 2029 animalium
555 1971 670 2030 formas
686 1970 824 2043 aliasque
839 1970 1015 2043 coniectus,
1031 1986 1071 2029 an
1087 1987 1149 2030 non

163 2054 293 2128 amplius
319 2069 410 2129 quam
436 2056 531 2114 semel
553 2054 666 2114 serviat
687 2061 717 2114 et
731 2053 862 2114 emissus
876 2061 1005 2128 vagetur
1024 2055 1054 2114 in
1074 2061 1148 2115 toto.

162 2145 262 2197 utrum
284 2153 397 2213 corpus
418 2138 509 2197 sitan
528 2154 589 2198 non
607 2126 655 2198 sit.
698 2137 772 2213 quid
787 2138 827 2198 sit
840 2138 991 2212 tacturus,
1007 2154 1076 2198 cum
1094 2154 1149 2212 per

163 2236 222 2280 nos
236 2221 352 2297 aliquid
367 2223 468 2282 lacere
483 2221 616 2294 desierit,
629 2221 785 2297 quomodo
797 2221 936 2283 libertate
951 2239 1008 2282 sua
1023 2239 1147 2293 usurus,

163 2319 231 2364 cum
257 2320 296 2365 ex
318 2305 375 2365 hac
395 2304 536 2380 effugerit
553 2320 657 2367 cavea.
701 2322 741 2365 an
756 2305 954 2366 obliviscatur
968 2307 1104 2381 priorum
1120 2312 1149 2365 et

162 2386 222 2449 illic
238 2406 332 2450 nosse
348 2404 383 2449 se
398 2389 531 2464 incipiat,
540 2388 592 2449 ubi
605 2390 727 2464 corpori
742 2389 894 2454 abductus
908 2389 938 2450 in
954 2389 1085 2450 sublime
1100 2405 1147 2449 se·

118 2474 262 2535 bscessit.
303 2474 530 2548 Quamcumque
552 2481 668 2548 partem
690 2488 791 2533 rerum
812 2472 1011 2533 humanarum
1032 2473 1148 2533 divina-

161 2573 293 2634 rumque
314 2556 590 2633 conprehenderis,
615 2556 729 2632 ingenti
744 2557 834 2631 copia
850 2558 1097 2632 quaerendorum
1113 2572 1149 2616 ac

162 2640 380 2702 discendorum
395 2640 580 2716 fatigaberis.
617 2643 702 2701 Haec
716 2648 777 2702 tam
793 2642 900 2715 multa,
915 2649 976 2701 tam
992 2657 1104 2716 magna
1117 2647 1149 2701 ut

161 2724 275 2785 habere
290 2726 412 2800 possint
426 2725 554 2786 liberum
570 2724 752 2800 hospitium,
776 2740 972 2800 supervacua
993 2742 1031 2784 ex
1047 2725 1148 2785 animo

103 2828 109 2835 ·
161 2808 298 2868 tollenda
312 2817 392 2868 sunt.
434 2825 496 2868 non
518 2810 600 2871 dabit
616 2826 651 2870 se
669 2810 700 2869 in
722 2809 778 2869 has
794 2810 951 2884 angustias
968 2810 1079 2869 virtus=
1107 2810 1148 2868 la·

161 2907 235 2951 xum
257 2893 389 2966 spatium
412 2908 462 2951 res
484 2910 595 2968 magna
618 2892 782 2954 desiderat.
829 2895 1021 2968 expellantur
1036 2895 1148 2953 omnia.

117 2981 255 3040 sotorum
275 2983 382 3049 pectus
397 2976 439 3035 illi
453 2984 552 3037 vacet.
594 2978 667 3050 „At
691 2977 790 3037 enim
815 2978 989 3039 delectat
1010 2977 1148 3038 artium

162 3058 305 3119 notitia
328 3061 561 3122 multarum.“
591 3063 752 3122 Tantum
772 3062 905 3136 itaque
925 3078 970 3121 ex
991 3059 1147 3121 illisre·

161 3140 368 3216 tineamus,
389 3153 575 3220 quantum
596 3147 866 3206 necessarium
881 3154 949 3206 est
983 3160 1022 3203 an
1037 3152 1070 3205 tn
1085 3145 1148 3205 exi·

161 3227 268 3288 stimas
282 3228 583 3303 reprehendendum,
600 3229 652 3303 qui
667 3245 862 3304 supervacua
876 3231 984 3290 usibus
1000 3236 1150 3304 conparat

151 3307 193 3371 'et
204 3313 405 3386 pretiosarum
419 3328 520 3373 rernm
536 3329 681 3388 pompam
697 3313 727 3372 in
737 3314 834 3375 domo
849 3313 997 3389 explicat:
1014 3329 1076 3373 non
1091 3330 1148 3389 pu·

161 3401 208 3456 tas
230 3412 315 3469 eum,
346 3397 399 3472 qui
419 3405 588 3472 occupatus
609 3404 658 3457 est
673 3398 704 3457 in
718 3413 912 3473 supervacua
926 3397 1080 3458 literarum
1097 3413 1148 3457 su-

161 3480 335 3556 pellectiler
375 3481 448 3540 Plus
464 3481 544 3541 scire
565 3482 644 3542 velle
660 3498 753 3557 quam
770 3483 810 3543 sit
829 3482 920 3556 satis,
942 3482 1149 3558 intemperan-
