2422 3862
174 211 239 276 838
474 213 507 273 t.
530 213 677 273 ΑΝΝΑΕΙ
698 212 874 273 SENECAE

175 362 258 424 enim
274 360 342 422 illas
357 360 396 420 ad
407 359 583 420 nocendum
595 357 654 418 nisi
670 359 842 420 necessitas
858 358 975 422 incitat.
997 362 1081 435 [bae]
1109 376 1164 429 aut

176 448 257 509 lame
277 456 329 509 aut
347 445 456 508 limoro
482 452 632 519 coguntur
657 444 696 505 ad
718 462 865 521 pugnam:
890 446 1005 509 homini
1026 450 1162 524 perdere

146 531 330 596 thourinem
343 531 424 592 libet.
456 528 502 589 Tu
515 536 615 589 tamen
630 529 672 589 ita
686 528 796 605 cogita,
813 531 897 604 quod
912 547 953 592 ex
966 531 1091 594 homine
1106 551 1160 610 pe

176 615 304 677 riculum
319 615 367 691 sit,
381 624 415 676 ut
429 614 556 688 cogites,
573 613 657 688 quod
668 611 708 674 sit
718 612 851 675 homInls
863 614 1009 676 oillcium.
1031 618 1162 679 alterum

175 699 303 776 intuere,
314 715 353 760 ne
364 697 506 771 laedaris,
521 698 648 758 alterum
661 711 699 757 ne
709 696 825 758 laedas.
843 699 1013 760 commodIs
1026 702 1162 761 omnium

175 783 313 859 laeteris,
335 783 488 844 movearis
504 780 708 842 incommodis
723 789 754 841 et
767 782 958 857 memineris,
976 799 1057 856 quae
1070 801 1161 860 prae·

147 874 257 930 estare
268 867 393 940 debeas,
409 881 488 942 quae
499 880 618 926 cavere.
640 863 692 924 Sic
704 865 837 926 vivendo
849 864 924 942 quid
936 869 1162 943 consequerisr

175 965 237 1010 non
254 955 306 1023 [le]
322 965 360 1010 ne
375 957 514 1023 noceant,
529 949 636 1011 sedne
651 948 765 1008 fallant.
788 959 932 1024 quantum
945 957 1036 1026 potes
1048 960 1160 1027 autem,

175 1033 211 1094 in
232 1033 523 1110 philosophiam
544 1032 701 1094 secede=
724 1032 776 1094 illa
791 1041 821 1095 te
840 1037 908 1095 sinu
929 1051 988 1096 suo
1010 1043 1160 1112 proteget.

174 1117 205 1177 in
219 1115 311 1178 huius
328 1116 464 1181 sacrario
486 1116 547 1178 erle
568 1124 620 1177 aut
640 1123 721 1178 tulus
742 1125 794 1178 aut
816 1119 917 1179 tutior.
946 1135 1007 1179 non
1030 1120 1161 1183 arietant

146 1201 253 1265 sinter
267 1217 302 1261 se
317 1202 375 1262 nisi
391 1202 421 1265 in
436 1201 545 1264 eodem
560 1202 761 1262 ambulantes.
784 1203 856 1278 quia
872 1209 974 1262 autem
986 1201 1030 1262 **.
1054 1203 1161 1279 Ipsam

99 1323 104 1331 ,
174 1283 403 1361 philosophiam
426 1302 488 1347 non
513 1285 640 1346 debebis
663 1285 790 1345 lactare:
822 1287 924 1348 multis
949 1285 1006 1347 luit
1031 1287 1160 1362 periculi

175 1385 270 1430 causa
289 1371 457 1432 insolenter
476 1377 602 1431 tractata
625 1376 655 1429 et
675 1369 908 1432 contumaciter:
936 1369 991 1430 tibi
1012 1369 1085 1432 villa
1105 1371 1158 1433 dc·

174 1452 286 1528 trahat,
304 1470 366 1514 nou
381 1454 449 1515 aliis
465 1454 639 1530 exprobret.
661 1469 722 1515 non
736 1453 899 1516 abhorreat
913 1471 932 1515 a
947 1454 1077 1530 publicis
1093 1472 1158 1518 mo·

173 1538 259 1598 ribus
275 1553 332 1599 neo
347 1538 406 1599 hoc
420 1544 500 1614 agat,
516 1546 549 1599 ut
564 1537 711 1613 quicquid
726 1554 787 1598 non
805 1538 875 1600 lacit
889 1538 1035 1599 damnare
1052 1540 1158 1600 videa-

174 1630 231 1682 tur.
274 1622 359 1683 Licet
373 1639 484 1699 sapere
498 1623 564 1684 sine
578 1636 702 1697 pompa,
722 1623 789 1682 sine
805 1622 929 1683 invidia.
958 1621 1045 1682 Vale.

559 1835 772 1844 ..Ἣ-..-

463 2009 497 2091 l.
523 2007 663 2092 llllnl
690 2007 863 2092 tontole

513 2161 566 2212 hb
596 2159 813 2213 tucthtttnt

218 2277 705 2378 nrlslbtlhull
751 2278 1109 2383 nohltldn

529 2452 665 2514 LIBER
688 2450 793 2515 XVIII.

479 2689 698 2748 EPISTULA
717 2691 738 2749 Ι.
759 2691 849 2763 (104.)

425 2783 535 2836 Seneca
552 2787 663 2838 Lucrtto
683 2797 735 2836 sno
756 2797 894 2840 saturant.

143 2896 160 2947 1
234 2883 1154 2966 lnNomentanummeumlugi,quidputasturbeml

171 2966 263 3026 immo
283 2966 425 3029 lebrem
440 2977 470 3032 et
484 2971 608 3047 quidem
621 2974 847 3049 subrepentem.
870 2975 930 3036 iam
946 2993 1069 3038 manum
1081 2978 1154 3037 mihi

171 3049 325 3111 iulecerat.
353 3052 492 3128 protinus
512 3057 615 3132 itaque
630 3059 732 3133 parari
747 3058 919 3121 vehiculum
934 3059 1012 3122 iussi
1026 3061 1155 3122 Paulina

171 3149 240 3194 mea
253 3133 411 3198 refluente.
440 3141 577 3202 meditus
592 3141 677 3202 inititt
690 3158 762 3203 esse
778 3143 899 3205 dlcebat
913 3147 1004 3212 motis
1020 3145 1108 3206 venis
1122 3151 1154 3205 et

171 3217 294 3282 incertis
308 3227 339 3283 et
355 3225 521 3284 naturalem
538 3224 727 3288 turbantibus
744 3227 879 3288 modum.
901 3229 987 3290 exire
1006 3245 1152 3306 perseve-

171 3304 251 3363 ravi:
264 3303 339 3365 illud
350 3303 421 3366 mihi
433 3306 463 3367 ln
473 3323 526 3368 ore
537 3317 602 3370 erat
612 3309 726 3371 domini
737 3312 796 3371 mei
808 3311 964 3387 Gallionis,
974 3313 1028 3390 qui
1039 3331 1110 3376 curn
1121 3313 1153 3373 in

170 3388 288 3448 Achaia
299 3388 415 3450 febrem
427 3390 541 3453 habere
553 3392 717 3470 coepisset,
726 3395 865 3470 protinus
873 3414 982 3458 navem
990 3399 1155 3459 adscendit

142 3471 328 3533 aelamitaus
340 3488 403 3534 non
415 3477 555 3551 eorporis
567 3492 653 3551 esse,
672 3481 728 3539 sed
744 3479 803 3540 loci
817 3482 967 3543 morbum.
1011 3483 1079 3544 Hoc
1093 3498 1153 3557 ego
