<?xml version="1.0" encoding="UTF-8"?>
<!DOCTYPE html PUBLIC "-//W3C//DTD XHTML 1.0 Transitional//EN"
    "http://www.w3.org/TR/xhtml1/DTD/xhtml1-transitional.dtd">
<html xmlns="http://www.w3.org/1999/xhtml" xml:lang="en" lang="en">
 <head>
  <title>
</title>
<meta http-equiv="Content-Type" content="text/html;charset=utf-8" />
  <meta name='ocr-system' content='tesseract 3.04.00' />
  <meta name='ocr-capabilities' content='ocr_page ocr_carea ocr_par ocr_line ocrx_word'/>
</head>
<body>
  <div class='ocr_page' id='page_1' title='image "./lannaeisenecaeo06senegoog_0141.png"; bbox 0 0 2422 3862; ppageno 0'>
   <div class='ocr_carea' id='block_1_1' title="bbox 128 243 817 309">
    <p class='ocr_par' dir='ltr' id='par_1_1' title="bbox 128 243 817 309">
     <span class='ocr_line' id='line_1_1' title="bbox 128 243 817 309; baseline -0.007 0"><span class='ocrx_word' id='word_1_1' title='bbox 128 243 191 309; x_wconf 85' lang='lat'>106</span> <span class='ocrx_word' id='word_1_2' title='bbox 417 246 450 304; x_wconf 87' lang='lat' dir='ltr'>L.</span> <span class='ocrx_word' id='word_1_3' title='bbox 472 245 620 305; x_wconf 80' lang='lat' dir='ltr'>ANNAEI</span> <span class='ocrx_word' id='word_1_4' title='bbox 642 245 817 306; x_wconf 79' lang='lat' dir='ltr'>SENECAE</span> 
     </span>
    </p>
   </div>
   <div class='ocr_carea' id='block_1_2' title="bbox 88 398 1115 2660">
    <p class='ocr_par' dir='ltr' id='par_1_2' title="bbox 88 398 1115 2660">
     <span class='ocr_line' id='line_1_2' title="bbox 128 398 1105 472; baseline -0.001 -15"><span class='ocrx_word' id='word_1_5' title='bbox 128 398 228 459; x_wconf 80' lang='lat' dir='ltr'>venit:</span> <span class='ocrx_word' id='word_1_6' title='bbox 245 399 353 472; x_wconf 85' lang='lat' dir='ltr'>&#39;segnis</span> <span class='ocrx_word' id='word_1_7' title='bbox 374 405 422 458; x_wconf 88' lang='lat' dir='ltr'>est</span> <span class='ocrx_word' id='word_1_8' title='bbox 441 398 577 458; x_wconf 89' lang='lat' dir='ltr'>urbanus</span> <span class='ocrx_word' id='word_1_9' title='bbox 592 403 630 456; x_wconf 88' lang='lat' dir='ltr'>et</span> <span class='ocrx_word' id='word_1_10' title='bbox 644 412 748 456; x_wconf 87' lang='lat' dir='ltr'>verna.</span> <span class='ocrx_word' id='word_1_11' title='bbox 777 398 890 458; x_wconf 90' lang='lat' dir='ltr'>nullum</span> <span class='ocrx_word' id='word_1_12' title='bbox 905 398 1043 458; x_wconf 89' lang='lat' dir='ltr'>laborem</span> <span class='ocrx_word' id='word_1_13' title='bbox 1057 413 1105 456; x_wconf 79' lang='lat' dir='ltr'>re</span> 
     </span>
     <span class='ocr_line' id='line_1_3' title="bbox 130 480 1103 558; baseline -0.003 -15"><span class='ocrx_word' id='word_1_14' title='bbox 130 490 238 543; x_wconf 81' lang='lat' dir='ltr'>cusani</span> <span class='ocrx_word' id='word_1_15' title='bbox 252 497 376 554; x_wconf 86' lang='lat' dir='ltr'>manus,</span> <span class='ocrx_word' id='word_1_16' title='bbox 399 497 479 558; x_wconf 86' lang='lat' dir='ltr'>quoe</span> <span class='ocrx_word' id='word_1_17' title='bbox 494 482 533 541; x_wconf 84' lang='lat' dir='ltr'>ad</span> <span class='ocrx_word' id='word_1_18' title='bbox 548 497 632 540; x_wconf 87' lang='lat' dir='ltr'>arma</span> <span class='ocrx_word' id='word_1_19' title='bbox 646 481 684 540; x_wconf 89' lang='lat' dir='ltr'>ab</span> <span class='ocrx_word' id='word_1_20' title='bbox 700 488 799 542; x_wconf 83' lang='lat' dir='ltr'>aratro</span> <span class='ocrx_word' id='word_1_21' title='bbox 815 484 1052 542; x_wconf 77' lang='lat' dir='ltr'>transferuntur:</span> <span class='ocrx_word' id='word_1_22' title='bbox 1073 480 1103 540; x_wconf 92' lang='lat' dir='ltr'>in</span> 
     </span>
     <span class='ocr_line' id='line_1_4' title="bbox 88 564 1107 644; baseline -0.004 -15"><span class='ocrx_word' id='word_1_23' title='bbox 88 578 117 629; x_wconf 88' lang='lat' dir='ltr'>ll</span> <span class='ocrx_word' id='word_1_24' title='bbox 128 566 227 644; x_wconf 86' lang='lat' dir='ltr'>primo</span> <span class='ocrx_word' id='word_1_25' title='bbox 241 565 347 634; x_wconf 85' lang='lat' dir='ltr'>delicit</span> <span class='ocrx_word' id='word_1_26' title='bbox 361 567 488 641; x_wconf 85' lang='lat' dir='ltr'>pulvere</span> <span class='ocrx_word' id='word_1_27' title='bbox 506 566 556 624; x_wconf 88' lang='lat' dir='ltr'>ille</span> <span class='ocrx_word' id='word_1_28' title='bbox 570 573 679 624; x_wconf 89' lang='lat' dir='ltr'>unctus</span> <span class='ocrx_word' id='word_1_29' title='bbox 695 572 725 625; x_wconf 86' lang='lat' dir='ltr'>et</span> <span class='ocrx_word' id='word_1_30' title='bbox 740 565 861 626; x_wconf 89' lang='lat' dir='ltr'>nitidus.</span> <span class='ocrx_word' id='word_1_31' title='bbox 884 565 1030 626; x_wconf 87' lang='lat' dir='ltr'>Severior</span> <span class='ocrx_word' id='word_1_32' title='bbox 1045 564 1107 626; x_wconf 91' lang='lat' dir='ltr'>loci</span> 
     </span>
     <span class='ocr_line' id='line_1_5' title="bbox 130 647 1106 724; baseline -0.003 -12"><span class='ocrx_word' id='word_1_33' title='bbox 130 647 292 724; x_wconf 78' lang='lat' dir='ltr'>disciplina</span> <span class='ocrx_word' id='word_1_34' title='bbox 316 650 416 710; x_wconf 86' lang='lat' dir='ltr'>firmat</span> <span class='ocrx_word' id='word_1_35' title='bbox 441 649 595 724; x_wconf 81' lang='lat' dir='ltr'>ingenium</span> <span class='ocrx_word' id='word_1_36' title='bbox 616 656 782 724; x_wconf 87' lang='lat' dir='ltr'>aptumque</span> <span class='ocrx_word' id='word_1_37' title='bbox 803 651 921 724; x_wconf 82' lang='lat' dir='ltr'>magnis</span> <span class='ocrx_word' id='word_1_38' title='bbox 944 649 1106 710; x_wconf 83' lang='lat' dir='ltr'>conatibus</span> 
     </span>
     <span class='ocr_line' id='line_1_6' title="bbox 128 731 1110 808; baseline -0.005 -14"><span class='ocrx_word' id='word_1_39' title='bbox 128 733 236 795; x_wconf 78' lang='lat' dir='ltr'>reddit.</span> <span class='ocrx_word' id='word_1_40' title='bbox 269 732 381 793; x_wconf 79' lang='lat' dir='ltr'>Literni</span> <span class='ocrx_word' id='word_1_41' title='bbox 409 734 568 795; x_wconf 86' lang='lat' dir='ltr'>honestius</span> <span class='ocrx_word' id='word_1_42' title='bbox 592 731 696 808; x_wconf 82' lang='lat' dir='ltr'>Scipio</span> <span class='ocrx_word' id='word_1_43' title='bbox 726 749 817 808; x_wconf 92' lang='lat' dir='ltr'>quam</span> <span class='ocrx_word' id='word_1_44' title='bbox 837 733 920 794; x_wconf 88' lang='lat' dir='ltr'>Baiis</span> <span class='ocrx_word' id='word_1_45' title='bbox 946 731 1110 794; x_wconf 74' lang='lat' dir='ltr'>exulabalr</span> 
     </span>
     <span class='ocr_line' id='line_1_7' title="bbox 112 817 1106 892; baseline -0.004 -12"><span class='ocrx_word' id='word_1_46' title='bbox 112 818 216 880; x_wconf 86' lang='lat' dir='ltr'>ruina</span> <span class='ocrx_word' id='word_1_47' title='bbox 237 818 304 878; x_wconf 89' lang='lat' dir='ltr'>eius</span> <span class='ocrx_word' id='word_1_48' title='bbox 326 835 388 878; x_wconf 91' lang='lat' dir='ltr'>non</span> <span class='ocrx_word' id='word_1_49' title='bbox 402 826 450 878; x_wconf 88' lang='lat' dir='ltr'>est</span> <span class='ocrx_word' id='word_1_50' title='bbox 464 825 525 879; x_wconf 85' lang='lat' dir='ltr'>tam</span> <span class='ocrx_word' id='word_1_51' title='bbox 539 817 668 878; x_wconf 92' lang='lat' dir='ltr'>molliter</span> <span class='ocrx_word' id='word_1_52' title='bbox 683 818 882 878; x_wconf 86' lang='lat' dir='ltr'>conlocanda.</span> <span class='ocrx_word' id='word_1_53' title='bbox 912 817 954 880; x_wconf 90' lang='lat' dir='ltr'>illi</span> <span class='ocrx_word' id='word_1_54' title='bbox 970 831 1106 892; x_wconf 90' lang='lat' dir='ltr'>quoque,</span> 
     </span>
     <span class='ocr_line' id='line_1_8' title="bbox 128 901 1106 978; baseline -0.004 -15"><span class='ocrx_word' id='word_1_55' title='bbox 128 904 168 963; x_wconf 88' lang='lat' dir='ltr'>ad</span> <span class='ocrx_word' id='word_1_56' title='bbox 190 917 270 976; x_wconf 88' lang='lat' dir='ltr'>quos</span> <span class='ocrx_word' id='word_1_57' title='bbox 293 904 409 978; x_wconf 92' lang='lat' dir='ltr'>primos</span> <span class='ocrx_word' id='word_1_58' title='bbox 435 902 556 964; x_wconf 88' lang='lat' dir='ltr'>lortuna</span> <span class='ocrx_word' id='word_1_59' title='bbox 581 901 686 977; x_wconf 90' lang='lat' dir='ltr'>populi</span> <span class='ocrx_word' id='word_1_60' title='bbox 707 902 836 962; x_wconf 87' lang='lat' dir='ltr'>Romani</span> <span class='ocrx_word' id='word_1_61' title='bbox 862 901 1002 977; x_wconf 87' lang='lat' dir='ltr'>publicas</span> <span class='ocrx_word' id='word_1_62' title='bbox 1029 915 1106 976; x_wconf 90' lang='lat' dir='ltr'>opes</span> 
     </span>
     <span class='ocr_line' id='line_1_9' title="bbox 128 983 1105 1062; baseline -0.002 -16"><span class='ocrx_word' id='word_1_63' title='bbox 128 985 294 1060; x_wconf 86' lang='lat' dir='ltr'>transtulit,</span> <span class='ocrx_word' id='word_1_64' title='bbox 310 986 341 1046; x_wconf 86' lang='lat' dir='ltr'>O.</span> <span class='ocrx_word' id='word_1_65' title='bbox 355 986 468 1047; x_wconf 84' lang='lat' dir='ltr'>Marius</span> <span class='ocrx_word' id='word_1_66' title='bbox 484 995 516 1047; x_wconf 86' lang='lat' dir='ltr'>et</span> <span class='ocrx_word' id='word_1_67' title='bbox 530 987 582 1046; x_wconf 82' lang='lat' dir='ltr'>Cn.</span> <span class='ocrx_word' id='word_1_68' title='bbox 594 983 757 1062; x_wconf 83' lang='lat' dir='ltr'>Pompeius</span> <span class='ocrx_word' id='word_1_69' title='bbox 773 992 803 1044; x_wconf 89' lang='lat' dir='ltr'>el</span> <span class='ocrx_word' id='word_1_70' title='bbox 818 985 930 1046; x_wconf 79' lang='lat' dir='ltr'>Caesar</span> <span class='ocrx_word' id='word_1_71' title='bbox 945 993 1105 1047; x_wconf 84' lang='lat' dir='ltr'>exstruxe-</span> 
     </span>
     <span class='ocr_line' id='line_1_10' title="bbox 128 1068 1115 1145; baseline -0.002 -15"><span class='ocrx_word' id='word_1_72' title='bbox 128 1077 199 1130; x_wconf 91' lang='lat' dir='ltr'>runt</span> <span class='ocrx_word' id='word_1_73' title='bbox 220 1068 343 1144; x_wconf 90' lang='lat' dir='ltr'>quidem</span> <span class='ocrx_word' id='word_1_74' title='bbox 357 1070 446 1131; x_wconf 86' lang='lat' dir='ltr'>villas</span> <span class='ocrx_word' id='word_1_75' title='bbox 466 1072 495 1129; x_wconf 92' lang='lat' dir='ltr'>in</span> <span class='ocrx_word' id='word_1_76' title='bbox 512 1070 637 1145; x_wconf 78' lang='lat' dir='ltr'>regione</span> <span class='ocrx_word' id='word_1_77' title='bbox 655 1069 783 1142; x_wconf 81' lang='lat' dir='ltr'>Baiana,</span> <span class='ocrx_word' id='word_1_78' title='bbox 805 1070 861 1130; x_wconf 88' lang='lat' dir='ltr'>sed</span> <span class='ocrx_word' id='word_1_79' title='bbox 875 1071 944 1129; x_wconf 90' lang='lat' dir='ltr'>illas</span> <span class='ocrx_word' id='word_1_80' title='bbox 960 1072 1115 1145; x_wconf 77' lang='lat' dir='ltr'>inposue-</span> 
     </span>
     <span class='ocr_line' id='line_1_11' title="bbox 128 1152 1106 1229; baseline -0.003 -15"><span class='ocrx_word' id='word_1_81' title='bbox 128 1161 199 1214; x_wconf 91' lang='lat' dir='ltr'>runt</span> <span class='ocrx_word' id='word_1_82' title='bbox 210 1154 338 1215; x_wconf 89' lang='lat' dir='ltr'>summis</span> <span class='ocrx_word' id='word_1_83' title='bbox 348 1153 427 1229; x_wconf 86' lang='lat' dir='ltr'>iugis</span> <span class='ocrx_word' id='word_1_84' title='bbox 439 1155 593 1215; x_wconf 90' lang='lat' dir='ltr'>montium.</span> <span class='ocrx_word' id='word_1_85' title='bbox 615 1153 774 1214; x_wconf 88' lang='lat' dir='ltr'>videbatur</span> <span class='ocrx_word' id='word_1_86' title='bbox 788 1153 848 1215; x_wconf 85' lang='lat' dir='ltr'>hoe</span> <span class='ocrx_word' id='word_1_87' title='bbox 860 1154 958 1229; x_wconf 84' lang='lat' dir='ltr'>magis</span> <span class='ocrx_word' id='word_1_88' title='bbox 968 1152 1106 1225; x_wconf 84' lang='lat' dir='ltr'>militare,</span> 
     </span>
     <span class='ocr_line' id='line_1_12' title="bbox 128 1236 1107 1317; baseline -0.003 -20"><span class='ocrx_word' id='word_1_89' title='bbox 128 1254 168 1297; x_wconf 86' lang='lat' dir='ltr'>ex</span> <span class='ocrx_word' id='word_1_90' title='bbox 184 1237 266 1297; x_wconf 89' lang='lat' dir='ltr'>edito</span> <span class='ocrx_word' id='word_1_91' title='bbox 281 1239 433 1317; x_wconf 87' lang='lat' dir='ltr'>speculari</span> <span class='ocrx_word' id='word_1_92' title='bbox 449 1240 507 1298; x_wconf 86' lang='lat' dir='ltr'>late</span> <span class='ocrx_word' id='word_1_93' title='bbox 521 1238 675 1312; x_wconf 82' lang='lat' dir='ltr'>longeque</span> <span class='ocrx_word' id='word_1_94' title='bbox 687 1236 834 1298; x_wconf 85' lang='lat' dir='ltr'>subiecta.</span> <span class='ocrx_word' id='word_1_95' title='bbox 855 1237 999 1311; x_wconf 80' lang='lat' dir='ltr'>adspice,</span> <span class='ocrx_word' id='word_1_96' title='bbox 1016 1252 1107 1312; x_wconf 88' lang='lat' dir='ltr'>quam</span> 
     </span>
     <span class='ocr_line' id='line_1_13' title="bbox 130 1319 1106 1398; baseline -0.002 -17"><span class='ocrx_word' id='word_1_97' title='bbox 130 1321 314 1396; x_wconf 79' lang='lat' dir='ltr'>positionem</span> <span class='ocrx_word' id='word_1_98' title='bbox 335 1323 496 1396; x_wconf 85' lang='lat' dir='ltr'>clegerint,</span> <span class='ocrx_word' id='word_1_99' title='bbox 518 1321 630 1398; x_wconf 89' lang='lat' dir='ltr'>quihus</span> <span class='ocrx_word' id='word_1_100' title='bbox 652 1319 793 1381; x_wconf 88' lang='lat' dir='ltr'>aedilicia</span> <span class='ocrx_word' id='word_1_101' title='bbox 813 1322 1015 1383; x_wconf 77' lang='lat' dir='ltr'>excitaverint</span> <span class='ocrx_word' id='word_1_102' title='bbox 1030 1319 1106 1380; x_wconf 90' lang='lat' dir='ltr'>locis</span> 
     </span>
     <span class='ocr_line' id='line_1_14' title="bbox 89 1404 1107 1481; baseline -0.004 -14"><span class='ocrx_word' id='word_1_103' title='bbox 89 1415 159 1476; x_wconf 72' lang='lat' dir='ltr'>raet</span> <span class='ocrx_word' id='word_1_104' title='bbox 176 1405 292 1481; x_wconf 81' lang='lat' dir='ltr'>qualia:</span> <span class='ocrx_word' id='word_1_105' title='bbox 315 1406 396 1466; x_wconf 85' lang='lat' dir='ltr'>scies</span> <span class='ocrx_word' id='word_1_106' title='bbox 411 1423 472 1467; x_wconf 93' lang='lat' dir='ltr'>non</span> <span class='ocrx_word' id='word_1_107' title='bbox 490 1407 578 1466; x_wconf 89' lang='lat' dir='ltr'>villas</span> <span class='ocrx_word' id='word_1_108' title='bbox 593 1420 678 1479; x_wconf 88' lang='lat' dir='ltr'>csse,</span> <span class='ocrx_word' id='word_1_109' title='bbox 695 1404 751 1464; x_wconf 90' lang='lat' dir='ltr'>sed</span> <span class='ocrx_word' id='word_1_110' title='bbox 767 1412 876 1466; x_wconf 86' lang='lat' dir='ltr'>castra.</span> <span class='ocrx_word' id='word_1_111' title='bbox 897 1405 1107 1466; x_wconf 83' lang='lat' dir='ltr'>Habitaturum</span> 
     </span>
     <span class='ocr_line' id='line_1_15' title="bbox 127 1489 1107 1566; baseline -0.003 -16"><span class='ocrx_word' id='word_1_112' title='bbox 127 1498 161 1550; x_wconf 91' lang='lat' dir='ltr'>tu</span> <span class='ocrx_word' id='word_1_113' title='bbox 184 1497 272 1566; x_wconf 84' lang='lat' dir='ltr'>putas</span> <span class='ocrx_word' id='word_1_114' title='bbox 294 1505 439 1565; x_wconf 90' lang='lat' dir='ltr'>umquam</span> <span class='ocrx_word' id='word_1_115' title='bbox 461 1491 558 1551; x_wconf 89' lang='lat' dir='ltr'>luisse</span> <span class='ocrx_word' id='word_1_116' title='bbox 572 1489 603 1549; x_wconf 91' lang='lat' dir='ltr'>in</span> <span class='ocrx_word' id='word_1_117' title='bbox 622 1489 701 1548; x_wconf 90' lang='lat' dir='ltr'>mica</span> <span class='ocrx_word' id='word_1_118' title='bbox 717 1489 876 1561; x_wconf 78' lang='lat' dir='ltr'>Catonem,</span> <span class='ocrx_word' id='word_1_119' title='bbox 897 1496 931 1550; x_wconf 89' lang='lat' dir='ltr'>ul</span> <span class='ocrx_word' id='word_1_120' title='bbox 946 1489 1107 1565; x_wconf 88' lang='lat' dir='ltr'>praenavi-</span> 
     </span>
     <span class='ocr_line' id='line_1_16' title="bbox 128 1574 1107 1652; baseline -0.004 -18"><span class='ocrx_word' id='word_1_121' title='bbox 128 1583 237 1650; x_wconf 86' lang='lat' dir='ltr'>gantes</span> <span class='ocrx_word' id='word_1_122' title='bbox 257 1575 413 1634; x_wconf 88' lang='lat' dir='ltr'>adulteras</span> <span class='ocrx_word' id='word_1_123' title='bbox 435 1574 640 1634; x_wconf 86' lang='lat' dir='ltr'>dinumeraret</span> <span class='ocrx_word' id='word_1_124' title='bbox 667 1579 698 1632; x_wconf 91' lang='lat' dir='ltr'>et</span> <span class='ocrx_word' id='word_1_125' title='bbox 725 1581 770 1634; x_wconf 88' lang='lat' dir='ltr'>tot</span> <span class='ocrx_word' id='word_1_126' title='bbox 794 1588 908 1649; x_wconf 90' lang='lat' dir='ltr'>genera</span> <span class='ocrx_word' id='word_1_127' title='bbox 929 1574 1107 1652; x_wconf 82' lang='lat' dir='ltr'>cymbarum</span> 
     </span>
     <span class='ocr_line' id='line_1_17' title="bbox 128 1656 1108 1732; baseline -0.003 -13"><span class='ocrx_word' id='word_1_128' title='bbox 128 1660 222 1719; x_wconf 83' lang='lat' dir='ltr'>variis</span> <span class='ocrx_word' id='word_1_129' title='bbox 243 1658 399 1720; x_wconf 89' lang='lat' dir='ltr'>coloribus</span> <span class='ocrx_word' id='word_1_130' title='bbox 422 1658 502 1732; x_wconf 82' lang='lat' dir='ltr'>picta</span> <span class='ocrx_word' id='word_1_131' title='bbox 522 1665 553 1718; x_wconf 89' lang='lat' dir='ltr'>et</span> <span class='ocrx_word' id='word_1_132' title='bbox 572 1656 740 1717; x_wconf 82' lang='lat' dir='ltr'>fluitantem</span> <span class='ocrx_word' id='word_1_133' title='bbox 763 1664 826 1719; x_wconf 86' lang='lat' dir='ltr'>loto</span> <span class='ocrx_word' id='word_1_134' title='bbox 848 1658 917 1719; x_wconf 89' lang='lat' dir='ltr'>lacu</span> <span class='ocrx_word' id='word_1_135' title='bbox 930 1673 1052 1732; x_wconf 88' lang='lat' dir='ltr'>rosam,</span> <span class='ocrx_word' id='word_1_136' title='bbox 1075 1665 1108 1717; x_wconf 91' lang='lat' dir='ltr'>ut</span> 
     </span>
     <span class='ocr_line' id='line_1_18' title="bbox 128 1739 1104 1808; baseline -0.006 -4"><span class='ocrx_word' id='word_1_137' title='bbox 128 1743 248 1804; x_wconf 84' lang='lat' dir='ltr'>audiret</span> <span class='ocrx_word' id='word_1_138' title='bbox 262 1742 433 1802; x_wconf 88' lang='lat' dir='ltr'>canentium</span> <span class='ocrx_word' id='word_1_139' title='bbox 448 1748 598 1802; x_wconf 85' lang='lat' dir='ltr'>nocturna</span> <span class='ocrx_word' id='word_1_140' title='bbox 612 1741 772 1802; x_wconf 78' lang='lat' dir='ltr'>conviciet</span> <span class='ocrx_word' id='word_1_141' title='bbox 791 1757 895 1803; x_wconf 92' lang='lat' dir='ltr'>nonne</span> <span class='ocrx_word' id='word_1_142' title='bbox 914 1756 1040 1802; x_wconf 86' lang='lat' dir='ltr'>manere</span> <span class='ocrx_word' id='word_1_143' title='bbox 1057 1739 1104 1808; x_wconf 72' lang='lat' dir='ltr'>itu</span> 
     </span>
     <span class='ocr_line' id='line_1_19' title="bbox 127 1825 1108 1901; baseline -0.001 -14"><span class='ocrx_word' id='word_1_144' title='bbox 127 1825 206 1888; x_wconf 89' lang='lat' dir='ltr'>intra</span> <span class='ocrx_word' id='word_1_145' title='bbox 222 1828 333 1887; x_wconf 88' lang='lat' dir='ltr'>vallum</span> <span class='ocrx_word' id='word_1_146' title='bbox 347 1826 519 1901; x_wconf 83' lang='lat' dir='ltr'>maluisset,</span> <span class='ocrx_word' id='word_1_147' title='bbox 542 1826 626 1901; x_wconf 89' lang='lat' dir='ltr'>quod</span> <span class='ocrx_word' id='word_1_148' title='bbox 646 1825 675 1884; x_wconf 93' lang='lat' dir='ltr'>in</span> <span class='ocrx_word' id='word_1_149' title='bbox 692 1841 782 1885; x_wconf 88' lang='lat' dir='ltr'>unam</span> <span class='ocrx_word' id='word_1_150' title='bbox 804 1833 926 1888; x_wconf 88' lang='lat' dir='ltr'>noctem</span> <span class='ocrx_word' id='word_1_151' title='bbox 943 1842 1033 1886; x_wconf 87' lang='lat' dir='ltr'>manu</span> <span class='ocrx_word' id='word_1_152' title='bbox 1051 1842 1108 1886; x_wconf 85' lang='lat' dir='ltr'>sua</span> 
     </span>
     <span class='ocr_line' id='line_1_20' title="bbox 128 1907 1106 1987; baseline -0.002 -17"><span class='ocrx_word' id='word_1_153' title='bbox 128 1912 196 1987; x_wconf 91' lang='lat' dir='ltr'>ipse</span> <span class='ocrx_word' id='word_1_154' title='bbox 216 1910 379 1972; x_wconf 62' lang='lat' dir='ltr'>duxisset?</span> <span class='ocrx_word' id='word_1_155' title='bbox 400 1910 505 1985; x_wconf 89' lang='lat' dir='ltr'>quidni</span> <span class='ocrx_word' id='word_1_156' title='bbox 525 1910 641 1983; x_wconf 88' lang='lat' dir='ltr'>mallet,</span> <span class='ocrx_word' id='word_1_157' title='bbox 663 1907 804 1985; x_wconf 83' lang='lat' dir='ltr'>quisquis</span> <span class='ocrx_word' id='word_1_158' title='bbox 819 1911 942 1982; x_wconf 78' lang='lat' dir='ltr'>vireat,</span> <span class='ocrx_word' id='word_1_159' title='bbox 965 1925 1106 1971; x_wconf 88' lang='lat' dir='ltr'>somnum</span> 
     </span>
     <span class='ocr_line' id='line_1_21' title="bbox 93 1992 1107 2072; baseline -0.004 -14"><span class='ocrx_word' id='word_1_160' title='bbox 93 2005 218 2059; x_wconf 70' lang='lat' dir='ltr'>lasuum</span> <span class='ocrx_word' id='word_1_161' title='bbox 242 1995 373 2055; x_wconf 89' lang='lat' dir='ltr'>classico</span> <span class='ocrx_word' id='word_1_162' title='bbox 395 2010 487 2069; x_wconf 88' lang='lat' dir='ltr'>quum</span> <span class='ocrx_word' id='word_1_163' title='bbox 511 1992 697 2072; x_wconf 79' lang='lat' dir='ltr'>symphonia</span> <span class='ocrx_word' id='word_1_164' title='bbox 716 1995 838 2070; x_wconf 74' lang='lat' dir='ltr'>rumpit</span> <span class='ocrx_word' id='word_1_165' title='bbox 872 1993 935 2054; x_wconf 86' lang='lat' dir='ltr'>Sed</span> <span class='ocrx_word' id='word_1_166' title='bbox 958 1996 1034 2055; x_wconf 85' lang='lat' dir='ltr'>satis</span> <span class='ocrx_word' id='word_1_167' title='bbox 1056 1994 1107 2054; x_wconf 91' lang='lat' dir='ltr'>diu</span> 
     </span>
     <span class='ocr_line' id='line_1_22' title="bbox 129 2076 1104 2154; baseline -0.001 -17"><span class='ocrx_word' id='word_1_168' title='bbox 129 2093 198 2139; x_wconf 88' lang='lat' dir='ltr'>curn</span> <span class='ocrx_word' id='word_1_169' title='bbox 212 2077 296 2137; x_wconf 80' lang='lat' dir='ltr'>Baiis</span> <span class='ocrx_word' id='word_1_170' title='bbox 317 2078 515 2151; x_wconf 87' lang='lat' dir='ltr'>litigavimus,</span> <span class='ocrx_word' id='word_1_171' title='bbox 537 2094 701 2152; x_wconf 86' lang='lat' dir='ltr'>numquam</span> <span class='ocrx_word' id='word_1_172' title='bbox 723 2080 798 2140; x_wconf 88' lang='lat' dir='ltr'>satis</span> <span class='ocrx_word' id='word_1_173' title='bbox 814 2095 882 2139; x_wconf 87' lang='lat' dir='ltr'>cum</span> <span class='ocrx_word' id='word_1_174' title='bbox 896 2076 994 2151; x_wconf 83' lang='lat' dir='ltr'>viliis,</span> <span class='ocrx_word' id='word_1_175' title='bbox 1018 2093 1104 2154; x_wconf 88' lang='lat' dir='ltr'>quae,</span> 
     </span>
     <span class='ocr_line' id='line_1_23' title="bbox 128 2159 1105 2236; baseline 0 -15"><span class='ocrx_word' id='word_1_176' title='bbox 128 2176 184 2222; x_wconf 89' lang='lat' dir='ltr'>oro</span> <span class='ocrx_word' id='word_1_177' title='bbox 196 2168 242 2234; x_wconf 88' lang='lat' dir='ltr'>te,</span> <span class='ocrx_word' id='word_1_178' title='bbox 256 2159 369 2235; x_wconf 88' lang='lat' dir='ltr'>Lucili,</span> <span class='ocrx_word' id='word_1_179' title='bbox 386 2176 574 2236; x_wconf 86' lang='lat' dir='ltr'>persequere</span> <span class='ocrx_word' id='word_1_180' title='bbox 586 2161 652 2221; x_wconf 90' lang='lat' dir='ltr'>sine</span> <span class='ocrx_word' id='word_1_181' title='bbox 664 2162 773 2235; x_wconf 92' lang='lat' dir='ltr'>modo,</span> <span class='ocrx_word' id='word_1_182' title='bbox 789 2161 857 2223; x_wconf 88' lang='lat' dir='ltr'>sine</span> <span class='ocrx_word' id='word_1_183' title='bbox 871 2161 943 2222; x_wconf 85' lang='lat' dir='ltr'>fine.</span> <span class='ocrx_word' id='word_1_184' title='bbox 964 2178 1035 2223; x_wconf 91' lang='lat' dir='ltr'>nam</span> <span class='ocrx_word' id='word_1_185' title='bbox 1047 2160 1105 2221; x_wconf 93' lang='lat' dir='ltr'>illis</span> 
     </span>
     <span class='ocr_line' id='line_1_24' title="bbox 129 2244 1106 2323; baseline -0.002 -19"><span class='ocrx_word' id='word_1_186' title='bbox 129 2259 255 2321; x_wconf 88' lang='lat' dir='ltr'>quoque</span> <span class='ocrx_word' id='word_1_187' title='bbox 268 2259 326 2304; x_wconf 90' lang='lat' dir='ltr'>nec</span> <span class='ocrx_word' id='word_1_188' title='bbox 341 2245 410 2305; x_wconf 87' lang='lat' dir='ltr'>finis</span> <span class='ocrx_word' id='word_1_189' title='bbox 425 2251 473 2306; x_wconf 87' lang='lat' dir='ltr'>est</span> <span class='ocrx_word' id='word_1_190' title='bbox 487 2260 544 2305; x_wconf 88' lang='lat' dir='ltr'>nec</span> <span class='ocrx_word' id='word_1_191' title='bbox 558 2245 680 2306; x_wconf 87' lang='lat' dir='ltr'>modus.</span> <span class='ocrx_word' id='word_1_192' title='bbox 702 2244 810 2307; x_wconf 89' lang='lat' dir='ltr'>Proice</span> <span class='ocrx_word' id='word_1_193' title='bbox 825 2262 1040 2323; x_wconf 87' lang='lat' dir='ltr'>quaecumque</span> <span class='ocrx_word' id='word_1_194' title='bbox 1055 2260 1106 2306; x_wconf 91' lang='lat' dir='ltr'>cor</span> 
     </span>
     <span class='ocr_line' id='line_1_25' title="bbox 128 2329 1104 2406; baseline -0.002 -17"><span class='ocrx_word' id='word_1_195' title='bbox 128 2336 210 2389; x_wconf 88' lang='lat' dir='ltr'>tuum</span> <span class='ocrx_word' id='word_1_196' title='bbox 227 2329 355 2403; x_wconf 87' lang='lat' dir='ltr'>laniant,</span> <span class='ocrx_word' id='word_1_197' title='bbox 377 2329 498 2404; x_wconf 89' lang='lat' dir='ltr'>quaesi</span> <span class='ocrx_word' id='word_1_198' title='bbox 514 2330 600 2389; x_wconf 86' lang='lat' dir='ltr'>aliter</span> <span class='ocrx_word' id='word_1_199' title='bbox 614 2329 731 2390; x_wconf 85' lang='lat' dir='ltr'>extrahi</span> <span class='ocrx_word' id='word_1_200' title='bbox 747 2331 921 2406; x_wconf 88' lang='lat' dir='ltr'>nequirent,</span> <span class='ocrx_word' id='word_1_201' title='bbox 937 2346 992 2390; x_wconf 88' lang='lat' dir='ltr'>eor</span> <span class='ocrx_word' id='word_1_202' title='bbox 1005 2332 1104 2406; x_wconf 84' lang='lat' dir='ltr'>ipsum</span> 
     </span>
     <span class='ocr_line' id='line_1_26' title="bbox 129 2413 1105 2490; baseline -0.002 -16"><span class='ocrx_word' id='word_1_203' title='bbox 129 2413 283 2474; x_wconf 89' lang='lat' dir='ltr'>cumillis</span> <span class='ocrx_word' id='word_1_204' title='bbox 311 2414 518 2475; x_wconf 87' lang='lat' dir='ltr'>revellendum</span> <span class='ocrx_word' id='word_1_205' title='bbox 546 2421 619 2474; x_wconf 90' lang='lat' dir='ltr'>erat.</span> <span class='ocrx_word' id='word_1_206' title='bbox 653 2415 826 2490; x_wconf 86' lang='lat' dir='ltr'>voluptates</span> <span class='ocrx_word' id='word_1_207' title='bbox 859 2413 1027 2490; x_wconf 89' lang='lat' dir='ltr'>praecipue</span> <span class='ocrx_word' id='word_1_208' title='bbox 1055 2429 1105 2473; x_wconf 85' lang='lat' dir='ltr'>ex·</span> 
     </span>
     <span class='ocr_line' id='line_1_27' title="bbox 129 2493 1106 2580; baseline -0.001 -23"><span class='ocrx_word' id='word_1_209' title='bbox 129 2496 219 2560; x_wconf 89' lang='lat' dir='ltr'>turba</span> <span class='ocrx_word' id='word_1_210' title='bbox 231 2505 262 2558; x_wconf 90' lang='lat' dir='ltr'>et</span> <span class='ocrx_word' id='word_1_211' title='bbox 273 2498 475 2558; x_wconf 87' lang='lat' dir='ltr'>invisissimas</span> <span class='ocrx_word' id='word_1_212' title='bbox 488 2496 582 2557; x_wconf 79' lang='lat' dir='ltr'>habe:</span> <span class='ocrx_word' id='word_1_213' title='bbox 596 2499 746 2560; x_wconf 88' lang='lat' dir='ltr'>latronum</span> <span class='ocrx_word' id='word_1_214' title='bbox 758 2515 858 2574; x_wconf 87' lang='lat' dir='ltr'>more,</span> <span class='ocrx_word' id='word_1_215' title='bbox 874 2515 954 2575; x_wconf 88' lang='lat' dir='ltr'>quos</span> <span class='ocrx_word' id='word_1_216' title='bbox 966 2493 1106 2580; x_wconf 65' lang='lat' dir='ltr'>palajaco</span> 
     </span>
     <span class='ocr_line' id='line_1_28' title="bbox 130 2581 1105 2660; baseline 0 -18"><span class='ocrx_word' id='word_1_217' title='bbox 130 2582 274 2660; x_wconf 79' lang='lat' dir='ltr'>Aegyptii</span> <span class='ocrx_word' id='word_1_218' title='bbox 295 2591 421 2656; x_wconf 88' lang='lat' dir='ltr'>vocant,</span> <span class='ocrx_word' id='word_1_219' title='bbox 444 2581 475 2641; x_wconf 94' lang='lat' dir='ltr'>in</span> <span class='ocrx_word' id='word_1_220' title='bbox 497 2581 558 2640; x_wconf 92' lang='lat' dir='ltr'>hoc</span> <span class='ocrx_word' id='word_1_221' title='bbox 577 2597 634 2642; x_wconf 91' lang='lat' dir='ltr'>nos</span> <span class='ocrx_word' id='word_1_222' title='bbox 655 2584 890 2659; x_wconf 84' lang='lat' dir='ltr'>amplectuntur,</span> <span class='ocrx_word' id='word_1_223' title='bbox 912 2590 946 2643; x_wconf 88' lang='lat' dir='ltr'>ut</span> <span class='ocrx_word' id='word_1_224' title='bbox 967 2592 1105 2657; x_wconf 79' lang='lat' dir='ltr'>strangu·</span> 
     </span>
    </p>
   </div>
   <div class='ocr_carea' id='block_1_3' title="bbox 127 2669 309 2753">
    <p class='ocr_par' dir='ltr' id='par_1_3' title="bbox 127 2669 309 2753">
     <span class='ocr_line' id='line_1_29' title="bbox 127 2669 309 2753; baseline -0.016 -26"><span class='ocrx_word' id='word_1_225' title='bbox 127 2669 199 2753; x_wconf 70' lang='lat' dir='ltr'>lent.</span> <span class='ocrx_word' id='word_1_226' title='bbox 221 2669 309 2727; x_wconf 87' lang='lat' dir='ltr'>Vale.</span> 
     </span>
    </p>
   </div>
   <div class='ocr_carea' id='block_1_4' title="bbox 382 2801 852 2952">
    <p class='ocr_par' dir='ltr' id='par_1_4' title="bbox 382 2801 852 2952">
     <span class='ocr_line' id='line_1_30' title="bbox 417 2801 816 2875; baseline 0.023 -19"><span class='ocrx_word' id='word_1_227' title='bbox 417 2801 632 2861; x_wconf 80' lang='lat' dir='ltr'>EPISTULA</span> <span class='ocrx_word' id='word_1_228' title='bbox 658 2805 717 2860; x_wconf 87' lang='lat' dir='ltr'>Xll.</span> <span class='ocrx_word' id='word_1_229' title='bbox 745 2807 816 2875; x_wconf 73' lang='lat' dir='ltr'>(tt.)</span> 
     </span>
     <span class='ocr_line' id='line_1_31' title="bbox 382 2894 852 2952; baseline 0.017 -8"><span class='ocrx_word' id='word_1_230' title='bbox 382 2894 492 2946; x_wconf 72' lang='lat' dir='ltr'>seneen</span> <span class='ocrx_word' id='word_1_231' title='bbox 510 2898 622 2950; x_wconf 80' lang='lat' dir='ltr'>chruro</span> <span class='ocrx_word' id='word_1_232' title='bbox 642 2911 693 2951; x_wconf 84' lang='lat' dir='ltr'>svo</span> <span class='ocrx_word' id='word_1_233' title='bbox 713 2908 852 2952; x_wconf 73' lang='lat' dir='ltr'>saturnu.</span> 
     </span>
    </p>
   </div>
   <div class='ocr_carea' id='block_1_5' title="bbox 94 2996 1104 3583">
    <p class='ocr_par' dir='ltr' id='par_1_5' title="bbox 98 2996 1104 3327">
     <span class='ocr_line' id='line_1_32' title="bbox 98 2996 1103 3077; baseline -0.002 -19"><span class='ocrx_word' id='word_1_234' title='bbox 98 3009 112 3058; x_wconf 91' lang='lat'>1</span> <span class='ocrx_word' id='word_1_235' title='bbox 194 2999 271 3074; x_wconf 79' lang='lat' dir='ltr'>Quid</span> <span class='ocrx_word' id='word_1_236' title='bbox 294 3005 341 3058; x_wconf 87' lang='lat' dir='ltr'>est</span> <span class='ocrx_word' id='word_1_237' title='bbox 364 2998 438 3072; x_wconf 92' lang='lat' dir='ltr'>hoc,</span> <span class='ocrx_word' id='word_1_238' title='bbox 461 3000 569 3075; x_wconf 90' lang='lat' dir='ltr'>Lucili,</span> <span class='ocrx_word' id='word_1_239' title='bbox 592 3000 677 3077; x_wconf 91' lang='lat' dir='ltr'>quod</span> <span class='ocrx_word' id='word_1_240' title='bbox 700 3015 757 3060; x_wconf 92' lang='lat' dir='ltr'>nos</span> <span class='ocrx_word' id='word_1_241' title='bbox 779 3000 840 3060; x_wconf 89' lang='lat' dir='ltr'>alio</span> <span class='ocrx_word' id='word_1_242' title='bbox 860 2999 1025 3060; x_wconf 82' lang='lat' dir='ltr'>tendentes</span> <span class='ocrx_word' id='word_1_243' title='bbox 1044 2996 1103 3057; x_wconf 85' lang='lat' dir='ltr'>alio</span> 
     </span>
     <span class='ocr_line' id='line_1_33' title="bbox 129 3083 1103 3159; baseline -0.004 -15"><span class='ocrx_word' id='word_1_244' title='bbox 129 3084 221 3145; x_wconf 87' lang='lat' dir='ltr'>trahil</span> <span class='ocrx_word' id='word_1_245' title='bbox 236 3090 332 3156; x_wconf 86' lang='lat' dir='ltr'>eleo,</span> <span class='ocrx_word' id='word_1_246' title='bbox 347 3083 429 3142; x_wconf 87' lang='lat' dir='ltr'>unde</span> <span class='ocrx_word' id='word_1_247' title='bbox 443 3085 589 3145; x_wconf 81' lang='lat' dir='ltr'>recedere</span> <span class='ocrx_word' id='word_1_248' title='bbox 603 3083 759 3159; x_wconf 90' lang='lat' dir='ltr'>cupimus,</span> <span class='ocrx_word' id='word_1_249' title='bbox 777 3083 914 3158; x_wconf 66' lang='lat' dir='ltr'>inpellit?</span> <span class='ocrx_word' id='word_1_250' title='bbox 940 3083 1016 3158; x_wconf 89' lang='lat' dir='ltr'>quid</span> <span class='ocrx_word' id='word_1_251' title='bbox 1033 3097 1103 3141; x_wconf 92' lang='lat' dir='ltr'>con-</span> 
     </span>
     <span class='ocr_line' id='line_1_34' title="bbox 128 3165 1104 3242; baseline -0.004 -14"><span class='ocrx_word' id='word_1_252' title='bbox 128 3171 260 3228; x_wconf 80' lang='lat' dir='ltr'>luctatur</span> <span class='ocrx_word' id='word_1_253' title='bbox 284 3182 353 3227; x_wconf 89' lang='lat' dir='ltr'>cum</span> <span class='ocrx_word' id='word_1_254' title='bbox 382 3168 482 3228; x_wconf 82' lang='lat' dir='ltr'>animo</span> <span class='ocrx_word' id='word_1_255' title='bbox 508 3172 614 3229; x_wconf 87' lang='lat' dir='ltr'>nostro</span> <span class='ocrx_word' id='word_1_256' title='bbox 639 3183 696 3228; x_wconf 85' lang='lat' dir='ltr'>nec</span> <span class='ocrx_word' id='word_1_257' title='bbox 725 3167 868 3242; x_wconf 87' lang='lat' dir='ltr'>permittit</span> <span class='ocrx_word' id='word_1_258' title='bbox 894 3165 987 3228; x_wconf 86' lang='lat' dir='ltr'>nobis</span> <span class='ocrx_word' id='word_1_259' title='bbox 1019 3166 1104 3242; x_wconf 84' lang='lat' dir='ltr'>quic-</span> 
     </span>
     <span class='ocr_line' id='line_1_35' title="bbox 130 3249 1104 3327; baseline -0.006 -15"><span class='ocrx_word' id='word_1_260' title='bbox 130 3268 221 3327; x_wconf 85' lang='lat' dir='ltr'>quam</span> <span class='ocrx_word' id='word_1_261' title='bbox 244 3250 339 3311; x_wconf 87' lang='lat' dir='ltr'>semel</span> <span class='ocrx_word' id='word_1_262' title='bbox 361 3252 460 3311; x_wconf 74' lang='lat' dir='ltr'>vellet</span> <span class='ocrx_word' id='word_1_263' title='bbox 487 3251 669 3312; x_wconf 86' lang='lat' dir='ltr'>fluctuamus</span> <span class='ocrx_word' id='word_1_264' title='bbox 690 3252 768 3312; x_wconf 89' lang='lat' dir='ltr'>inter</span> <span class='ocrx_word' id='word_1_265' title='bbox 787 3252 871 3312; x_wconf 89' lang='lat' dir='ltr'>varia</span> <span class='ocrx_word' id='word_1_266' title='bbox 892 3252 1031 3314; x_wconf 87' lang='lat' dir='ltr'>consilia.</span> <span class='ocrx_word' id='word_1_267' title='bbox 1062 3249 1104 3308; x_wconf 93' lang='lat' dir='ltr'>ni·</span> 
     </span>
    </p>

    <p class='ocr_par' dir='ltr' id='par_1_6' title="bbox 94 3333 1103 3583">
     <span class='ocr_line' id='line_1_36' title="bbox 94 3333 1103 3412; baseline -0.007 -15"><span class='ocrx_word' id='word_1_268' title='bbox 94 3336 168 3397; x_wconf 78' lang='lat' dir='ltr'>anit</span> <span class='ocrx_word' id='word_1_269' title='bbox 183 3336 278 3395; x_wconf 89' lang='lat' dir='ltr'>libere</span> <span class='ocrx_word' id='word_1_270' title='bbox 292 3337 448 3410; x_wconf 90' lang='lat' dir='ltr'>volumus,</span> <span class='ocrx_word' id='word_1_271' title='bbox 467 3335 540 3397; x_wconf 92' lang='lat' dir='ltr'>nihil</span> <span class='ocrx_word' id='word_1_272' title='bbox 556 3336 709 3411; x_wconf 87' lang='lat' dir='ltr'>absolute,</span> <span class='ocrx_word' id='word_1_273' title='bbox 729 3335 801 3396; x_wconf 89' lang='lat' dir='ltr'>nihil</span> <span class='ocrx_word' id='word_1_274' title='bbox 813 3350 945 3412; x_wconf 90' lang='lat' dir='ltr'>semper.</span> <span class='ocrx_word' id='word_1_275' title='bbox 975 3333 1103 3410; x_wconf 88' lang='lat' dir='ltr'>„Stul-</span> 
     </span>
     <span class='ocr_line' id='line_1_37' title="bbox 127 3416 1103 3496; baseline -0.005 -17"><span class='ocrx_word' id='word_1_276' title='bbox 127 3419 235 3496; x_wconf 87' lang='lat' dir='ltr'>litio,</span> <span class='ocrx_word' id='word_1_277' title='bbox 262 3419 379 3495; x_wconf 87' lang='lat' dir='ltr'>inquis,</span> <span class='ocrx_word' id='word_1_278' title='bbox 408 3428 483 3492; x_wconf 90' lang='lat' dir='ltr'>est,</span> <span class='ocrx_word' id='word_1_279' title='bbox 511 3419 571 3479; x_wconf 88' lang='lat' dir='ltr'>cui</span> <span class='ocrx_word' id='word_1_280' title='bbox 598 3419 690 3480; x_wconf 90' lang='lat' dir='ltr'>nihil</span> <span class='ocrx_word' id='word_1_281' title='bbox 718 3426 889 3491; x_wconf 84' lang='lat' dir='ltr'>constat,</span> <span class='ocrx_word' id='word_1_282' title='bbox 916 3418 1014 3478; x_wconf 91' lang='lat' dir='ltr'>nihil</span> <span class='ocrx_word' id='word_1_283' title='bbox 1040 3416 1103 3477; x_wconf 89' lang='lat' dir='ltr'>diu</span> 
     </span>
     <span class='ocr_line' id='line_1_38' title="bbox 113 3501 1103 3583; baseline -0.003 -21"><span class='ocrx_word' id='word_1_284' title='bbox 113 3506 286 3574; x_wconf 74' lang='lat' dir='ltr'>plaeet.“</span> <span class='ocrx_word' id='word_1_285' title='bbox 310 3505 376 3566; x_wconf 86' lang='lat' dir='ltr'>Sed</span> <span class='ocrx_word' id='word_1_286' title='bbox 398 3504 560 3583; x_wconf 91' lang='lat' dir='ltr'>quomodo</span> <span class='ocrx_word' id='word_1_287' title='bbox 580 3520 640 3568; x_wconf 90' lang='lat' dir='ltr'>nos</span> <span class='ocrx_word' id='word_1_288' title='bbox 661 3511 715 3566; x_wconf 82' lang='lat' dir='ltr'>aul</span> <span class='ocrx_word' id='word_1_289' title='bbox 733 3504 857 3580; x_wconf 84' lang='lat' dir='ltr'>quando</span> <span class='ocrx_word' id='word_1_290' title='bbox 876 3503 917 3562; x_wconf 78' lang='lat' dir='ltr'>ah</span> <span class='ocrx_word' id='word_1_291' title='bbox 936 3504 993 3561; x_wconf 80' lang='lat' dir='ltr'>illa</span> <span class='ocrx_word' id='word_1_292' title='bbox 1007 3501 1103 3560; x_wconf 87' lang='lat' dir='ltr'>revel·</span> 
     </span>
    </p>
   </div>
   <div class='ocr_carea' id='block_1_6' title="bbox 0 0 1219 3862">
    <p class='ocr_par' dir='ltr' id='par_1_7' title="bbox 0 0 1219 3862">
     <span class='ocr_line' id='line_1_39' title="bbox 0 0 1219 3862; baseline 0 0"><span class='ocrx_word' id='word_1_293' title='bbox 0 0 1219 3862; x_wconf 95' lang='lat' dir='ltr'> </span> 
     </span>
    </p>
   </div>
  </div>
 </body>
</html>
