2422 3862
139 255 208 293 xvru
531 238 758 290 PRAEFATIO

137 397 213 442 nemo
229 379 313 430 adhuc
326 378 359 429 ad
373 376 559 429 emendandum
576 379 668 429 librum
686 385 857 444 contemptum
877 387 901 429 ct
918 395 965 444 pro
984 384 1071 447 spurio
1089 384 1161 438 habi.

137 460 190 503 tum
210 449 308 500 auxilia
326 447 473 513 diligentius
491 449 652 512 conquisivit.
669 448 816 512 quidquod
833 448 914 499 fertur
926 451 952 498 in
962 450 1161 507 Uffenbaehisno

138 521 248 585 quodam
266 519 354 569 codice
371 517 505 567 distinctus
523 518 603 568 luisse
621 519 648 567 iu
667 517 746 568 libros
768 518 851 568 duosi
878 519 947 582 quod
964 523 988 569 si
1005 537 1094 574 uerum
1114 538 1160 587 est,

138 590 288 641 crediderim
306 588 420 639 codicem
437 585 509 637 illum
527 589 559 638 ab
575 589 620 649 iis,
641 600 705 651 quos
719 602 788 638 nuuc
804 590 922 654 cognitos
934 589 1072 656 habemus,
1087 595 1161 648 valde

138 661 265 710 diversum
289 657 379 708 luisse.
421 655 473 707 Sed
499 658 575 709 video
595 659 647 707 ism
666 657 732 707 mihi
754 659 780 708 in
794 665 933 708 -certomen
956 654 1161 719 descendendum

137 744 194 780 esse
211 743 270 780 cum
289 725 390 778 Osauuo
409 727 464 777 viro
483 727 647 789 doctissimo)
666 729 709 791 qul
727 729 825 793 primus
839 738 925 793 ‘nuper
943 728 1158 792 Gisssea.184'l.

137 799 224 850 dedita
239 812 318 864 opera
334 796 425 847 collato
444 797 532 848 codice
552 797 704 860 Drasdensi‚
727 799 771 862 qui
794 805 832 848 est
855 815 887 848 ex
908 801 1106 866 recentioribus,
1128 806 1160 856 nd

137 871 192 920 eius
210 868 286 918 fidem
307 874 387 917 totum
409 865 523 916 libellum
548 868 627 919 edidit
649 874 673 916 et
697 867 730 918 de
751 874 855 918 auctore
873 871 1015 933 quamius-3
1039 873 1061 922 is
1083 874 1161 940 igitur

136 939 264 990 contraris
287 937 339 987 dno
358 937 430 1002 pouit
452 937 559 987 dehoc
581 952 658 1002 opere
680 937 789 1000 iudicia;
817 939 853 987 sit
875 940 1024 1006 enim'pag.
1046 942 1087 996 tu
1107 946 1158 993 sic:

136 1020 215 1074 „aon
229 1008 307 1058 solum
326 1006 355 1056 id
377 1006 481 1056 locarat
503 1006 544 1058 iic
555 1009 608 1057 iiiia
622 1007 758 1057 incarus
767 1009 899 1073 latinitatis
914 1024 974 1071 usu,
991 1012 1043 1062 se'oi
1057 1020 1107 1063 tam
1124 1017 1160 1063 in-

136 1080 273 1142 composito
295 1085 321 1128 et
344 1075 446 1126 eiumbio
468 1083 507 1127 est
527 1078 670 1145 siccationis
690 1078 771 1143 raico,
800 1085 828 1127 ut
851 1094 868 1127 a
886 1077 983 1130 Seneca
1007 1083 1046 1131 aei
1062 1083 1095 1132 ab
1112 1086 1159 1135 alit

136 1151 251 1215 quapiam
267 1154 352 1197 uetere
373 1147 500 1208 scriptore
519 1161 627 1215 proruis
648 1146 799 1198 obhorreat:
814 1147 929 1215 ¹denique
948 1156 1001 1200 tota
1015 1156 1158 1216 oonntositis

136 1218 285 1284 aromati,
301 1216 369 1282 quad
382 1230 432 1279 per
448 1217 591 1282 colloquium
603 1214 702 1268 Senum
720 1228 775 1267 enm
790 1216 898 1268 Ratione
909 1221 1096 1285 pertractatam,
1112 1231 1155 1274 tun

135 1292 194 1352 ipsa
210 1288 282 1337 ianus
296 1287 391 1352 dialogi
405 1287 540 1336 sadotem
555 1288 640 1338 inuno
658 1291 872 1355 etonepe'paen'e
884 1288 998 1339 simmaa
1016 1294 1067 1350 est,‘
1082 1300 1109 1343 ut
1123 1296 1159 1343 ni·

135 1359 171 1409 nti
186 1373 223 1408 ec
239 1358 330 1408 titteris
346 1357 511 1406 Romanorum
528 1359 638 1423 astartis
649 1359 763 1407 relictum
779 1357 901 1423 sommus,
929 1360 996 1424 quod
1005 1360 1056 1410 ‘uei
1078 1363 1150 1414 tantii

136 1433 185 1479 Itan
208 1428 245 1477 ad
264 1441 343 1492 uentus
364 1427 499 1492 inficetum,
517 1442 566 1492 quo
587 1426 684 1477 iiiciists
702 1428 750 1477 irie
772 1429 929 1490 conscriptus
950 1437 1001 1492 est,
1024 1431 1160 1482 accedat.“

135 1497 234 1549 Deinde
252 1512 313 1546 vero
337 1510 397 1562 pag.
419 1496 463 1547 li.
487 1496 562 1546 dicite
589 1496 757 1558 „accuratius
779 1498 942 1563 inquirentem
957 1506 994 1536 '-·-
1011 1513 1060 1550 non
1075 1510 1159 1564 potest

136 1571 226 1632 intere,
248 1569 274 1616 in
296 1580 326 1616 eo
346 1566 404 1629 ipso
418 1565 540 1632 quaedam
557 1568 657 1631 inesse‚‘
677 1580 741 1631 qnae
758 1565 939 1618 consenesce
957 1569 1055 1635 inuenio
1073 1585 1158 1621 conae·

135 1641 214 1688 niaat.
235 1665 270 1675 -
286 1637 426 1704 cantandae
440 1638 548 1686 morales
565 1663 598 1673 -
614 1648 724 1698 prorsas
740 1650 775 1686 em
791 1643 870 1687 mente
886 1635 999 1689 Senecae
1016 1639 1098 1690 dictae
1116 1667 1159 1689 —.

136 1709 348 1774 Neque'prsrsus
365 1705 458 1756 uiuent
472 1706 503 1755 ai
521 1705 561 1757 iiis
577 1707 707 1756 sententiis
726 1720 757 1755 ea
773 1707 869 1772 ingenii
884 1709 974 1757 larana
993 1714 1019 1758 et
1030 1714 1158 1772 ‘acumina

135 1781 162 1828 ni
178 1779 250 1828 omlis
266 1777 355 1835 mulsi,
373 1775 462 1840 quinus
479 1774 576 1826 Seneca
593 1777 731 1826 oraa‘onem
749 1791 819 1826 suam
837 1777 1004 1842 manauere,
1020 1790 1159 1837 exornare,

136 1856 161 1899 et
177 1850 204 1898 in
224 1847 330 1910 proiima
348 1846 457 1896 eiusdem
476 1849 615 1912 argumenti
632 1846 783 1896 tractatione
798 1848 904 1896 uariare
917 1849 987 1899 solet.
1017 1847 1072 1898 Iam
1088 1865 1160 1915 quum

136 1927 160 1968 et
177 1931 268 1967 suanno
286 1917 438 1979 plantarum
454 1930 507 1965 curn
518 1913 631 1966 Senecae
645 1914 952 1979 philosophia'acimoriam·
963 1920 1098 1982 conspiret,
1117 1935 1160 1968 ne·

135 2002 182 2052 que
198 1988 257 2036 stilo
275 1987 329 2036 eius
341 1984 451 2049 frocttcn
466 1986 530 2036 iliud
543 1987 673 2037 sententiis
687 1982 788 2034 minutis
799 2000 879 2050 oenus
896 1984 997 2037 dicendi
1014 1984 1105 2054 [inuri]
1123 1990 1160 2037 in-

136 2058 233 2121 diynum
249 2055 379 2119 videatur,
407 2057 453 2117 iis,
483 2071 548 2120 qnae
564 2055 596 2105 de
615 2063 719 2106 aratore
736 2054 814 2104 libelii
832 2055 980 2112 comentur,
1004 2070 1051 2106 non
1070 2072 1160 2107 omrrem

132 2127 208 2190 fidem
224 2124 428 2189 deroyobimusf‘
462 2125 577 2188 Denique
592 2123 656 2174 hoec
673 2138 723 2187 qno
736 2124 762 2173 id
779 2139 829 2173 uuo
847 2125 922 2175 modo
936 2124 992 2176 fieri
1010 2134 1101 2192 potest,
1122 2128 1161 2175 in-

135 2206 174 2245 ter
188 2211 216 2244 se
232 2194 350 2243 conciliat
366 2194 419 2243 sic:
439 2193 580 2257 „Novitiae
598 2193 695 2258 quidem
710 2191 831 2255 salmace
842 2193 939 2246 libellus
956 2198 1011 2247 sine
1024 2194 1098 2246 dubio
1111 2206 1160 2261 est,

135 2265 183 2316 sed
199 2264 269 2314 cuius
284 2263 381 2327 fundus
393 2265 431 2315 ‘sit
447 2266 580 2330 antiquus,
599 2268 624 2313 et
641 2262 736 2328 quidem
755 2278 790 2313 ecc
808 2262 921 2315 Senecae
932 2267 975 2316 nilo
993 2266 1025 2316 de
1043 2267 1161 2316 remediis

134 2335 295 2398 fortuitorum
312 2349 389 2398 opere
407 2338 534 2397 anaspum:
552 2346 599 2398 quo
617 2334 759 2398 quicumque
772 2332 850 2385 libelii
866 2340 955 2384 attctor
971 2335 1030 2399 fnit,
1047 2336 1085 2384 ita
1101 2351 1161 2385 usus

137 2411 190 2466 est,
215 2410 243 2453 ut
266 2407 402 2456 sententias
425 2405 558 2454 mnsam
578 2409 679 2466 purten
695 2409 877 2466 maussumptas
891 2406 916 2453 in
937 2405 1026 2456 iustum
1048 2405 1161 2455 ordinem

136 2481 293 2537 componeret
312 2477 373 2525 etin
389 2474 497 2536 somnam
515 2473 613 2539 diciaci
628 2472 659 2522 de
677 2487 744 2522 more
755 2475 858 2530 saeculi,
875 2488 923 2538 qao
936 2475 959 2526 is
975 2476 1086 2538 scripum
1101 2475 1160 2538 sitit,

136 2543 269 2608 coneret.“
299 2544 366 2603 Quid
383 2550 482 2603 autem,
501 2543 589 2592 eiiam
605 2543 662 2607 ipse
681 2540 776 2592 Seneca
791 2544 885 2592 iustum
904 2544 1018 2594 ordinem
1032 2543 1161 2593 instituit?

136 2615 204 2664 unde
223 2614 290 2663 enlm
307 2619 419 2674 constat,
436 2613 463 2662 id
476 2610 539 2662 'eum
558 2626 608 2662 non
627 2610 737 2662 iecisse?
753 2612 815 2662 item
833 2610 940 2663 formam
952 2613 1050 2679 dialogi
1068 2614 1091 2664 si
1107 2628 1161 2663 cre-

138 2685 197 2734 dere
216 2699 266 2734 non
291 2684 350 2734 licet
374 2683 406 2731 ub
422 2683 479 2747 ipso
499 2679 596 2733 Seneca
613 2682 735 2749 originem
755 2680 862 2741 habere,
878 2684 940 2744 quid
957 2683 1078 2733 iaciemus
1097 2683 1161 2732 locis

137 2752 289 2815 simillimis,
309 2751 396 2816 quales
412 2759 472 2802 sunt
490 2765 531 2816 ep.
551 2752 598 2811 24,
619 2753 659 2802 li.
679 2752 728 2813 42,
747 2750 774 2804 9.
793 2754 835 2814 47,
854 2751 880 2805 1,
902 2752 933 2802 dc
951 2753 1044 2804 beneff.
1064 2752 1095 2814 Π,
1118 2752 1160 2815 10,

138 2826 165 2875 2.»
184 2823 208 2875 3.
229 2831 253 2874 ct
268 2822 314 2872 alii
335 2821 427 2883 multi?
445 2835 503 2871 nom
527 2822 598 2887 ipsos
615 2820 718 2884 quidem
736 2817 928 2872 interlocutores
947 2821 1094 2877 Sensum-,et
1109 2821 1161 2871 Ra-

135 2896 232 2944 tionem
254 2892 352 2943 aliosvc
373 2906 438 2955 quos
460 2906 539 2957 supra
562 2891 631 2951 dixi,
658 2906 707 2941 non
728 2899 790 2956 puto
809 2897 879 2940 tanta
900 2892 1080 2957 superstitione
1104 2906 1162 2941 csse

138 2963 268 3014 Oseunum
287 2970 315 3012 ut
333 2975 384 3012 nou
401 2961 486 3012 credat
503 2961 608 3028 adiungi
631 2962 746 3029 potuisse
762 2959 825 3011 libro
842 2958 882 3010 vel
899 2962 1076 3028 integerrim03
1099 2977 1162 3024 quo·

137 3033 213 3085 modo
233 3042 317 3083 sutem
335 3033 450 3082 eiusdem
466 3031 541 3092 libri,
563 3032 607 3094 qui
629 3032 660 3080 ab
686 3031 757 3081 initio
774 3030 807 3080 ad
824 3029 898 3078 linem
915 3032 1041 3093 aequabili
1060 3031 1161 3081 dicendi

137 3116 231 3169 genere
248 3103 405 3168 conscriptus
425 3111 478 3162 est,
498 3101 574 3152 modo
588 3102 773 3164 incompositam
784 3108 810 3150 et
827 3100 939 3151 elumbem
955 3103 1098 3151 elocutionis
1116 3116 1162 3149 ra-

138 3175 227 3223 tionem
245 3172 446 3239 reprehendere,
468 3173 544 3223 modo
565 3173 659 3238 ingenii
676 3171 767 3219 lumina
787 3176 811 3219 ei
833 3171 934 3222 aculeos
953 3170 1058 3220 laudare
1076 3176 1099 3219 et
1116 3186 1161 3235 ye-

136 3259 184 3294 nus
202 3242 302 3293 dicendi
315 3241 427 3294 Senecae
444 3243 502 3295 stilo
519 3243 589 3293 naui
604 3242 729 3307 indiacum
747 3238 894 3306 praedicare
910 3241 1036 3304 potuerit,
1055 3255 1101 3304 ego
1122 3255 1161 3288 me

137 3312 279 3378 intelligere
296 3327 346 3363 non
363 3328 440 3379 posse
464 3312 553 3363 fateor.
591 3311 728 3362 Barbarum
753 3308 861 3372 denique
877 3307 1029 3359 latinitatem
1048 3325 1103 3359 esse
1124 3311 1162 3358 in-

137 3382 256 3433 credibile
274 3385 343 3434 dictu
359 3391 411 3445 est,
428 3383 556 3447 quomodo
575 3380 691 3431 Osannus
710 3378 927 3445 comprobaverit3
947 3379 1044 3445 profert
1062 3395 1123 3444 pag.
1136 3378 1160 3429 o.

136 3467 212 3500 uoces
231 3448 351 3504 barbaras
371 3451 652 3521 incantamentorum
671 3457 695 3498 ct
710 3452 860 3500 inuasurum.
879 3465 944 3513 quae
959 3463 1034 3499 voces
1053 3451 1075 3499 si
1095 3458 1161 3499 certa

114 3515 171 3562 tide
187 3519 215 3565 1'a
234 3523 297 3584 noso
314 3523 383 3574 libro
406 3524 522 3591 scriptae
546 3529 648 3583 esseut,
674 3521 756 3572 victas
772 3533 863 3568 manus
881 3519 983 3569 darem:
1002 3520 1059 3582 uuis
1077 3526 1161 3568 autera
