2422 3862
213 250 491 315 llplsltttmou.
514 253 587 314 ιιΒ.
601 255 639 314 V.
660 254 717 316 ΕΡ.
738 265 776 317 ιι.
790 264 831 317 ιι.
846 264 973 330 (sion)
1022 259 1082 324 tot

102 406 222 465 temus?
266 419 372 464 nemo
402 419 469 479 per
498 420 538 465 se
565 405 665 467 sotis
695 405 800 466 valet
826 414 865 466 ut
896 417 1082 484 emergat:

102 494 263 564 oportet
288 505 430 549 manum
445 487 795 564 aliquisporrigat,
819 489 966 566 aliquis
988 493 1082 555 edu-

101 579 169 633 cat.
217 572 374 646 Quosdam
400 573 442 633 ait
461 571 619 647 Epicurus
643 571 682 635 ad
712 574 870 635 veritatem
899 574 966 635 sine
990 578 1112 642 ullius3

102 656 255 718 adiutorio
278 655 399 729 exisse,
421 656 534 718 iecisse
556 657 614 717 sibi
634 657 721 733 ipsos
743 658 832 720 viam.
871 658 929 720 hos
950 660 1081 722 maxime
1157 686 1160 693 ·

102 741 221 816 laudat,
237 741 350 817 quibus
365 756 405 801 ex
421 755 456 800 se
468 741 591 816 inpetus
607 742 676 815 fuit,
690 740 743 816 qui
758 757 792 802 se
808 742 867 817 ipsi
883 746 1079 818 protulerunt.

102 825 257 901 quosdam
272 825 411 900 indigere
426 841 486 900 ope
502 825 617 899 aliena,
636 841 698 886 noo
717 826 828 898 ituros,
845 827 871 888 si
886 844 976 888 nemo
993 846 1080 903 prae-

102 909 245 984 cesserit,
271 908 328 969 scd
353 909 433 969 beno
458 917 629 971 secuturos.
665 925 704 971 ex
728 909 777 970 his
803 909 1011 976 Metrodorum
1040 915 1081 973 ait

100 1009 188 1054 ossea
223 992 379 1068 egregium
401 992 460 1054 hoo
481 1009 621 1068 quoque,
646 994 702 1056 sed
719 995 875 1057 secundae
890 997 981 1059 sortis
996 998 1079 1073 inge-

100 1078 192 1139 nium.
210 1077 275 1138 ilos
290 1093 331 1140 cx
346 1077 397 1137 illa
411 1075 509 1151 prima
525 1085 597 1138 nota
610 1094 670 1138 non
683 1094 805 1140 sumus:
828 1079 906 1140 bene
918 1079 1079 1143 nobiscum

100 1161 216 1238 agitur,
236 1162 265 1221 si
286 1160 316 1220 in
333 1161 501 1222 secundam
518 1161 693 1238 recipimur.
714 1178 753 1223 ne
771 1162 851 1224 hunc
867 1166 990 1239 quidem
1005 1182 1078 1231 con·

100 1247 264 1321 tempseris
277 1245 445 1319 hominem,
464 1246 516 1321 qui
535 1248 634 1308 olicno
649 1247 798 1308 beneficio
815 1262 887 1311 esse
903 1252 1007 1311 salvus
1023 1267 1078 1326 po·

99 1336 174 1391 testa
197 1337 229 1390 et
242 1329 302 1390 hoc
317 1331 442 1390 multum
458 1336 520 1402 est,
543 1332 623 1390 velle
640 1330 766 1392 servari.
795 1331 919 1393 Praeter
933 1333 1010 1395 haec
1026 1336 1077 1395 ad·
1095 1341 1112 1392 4

100 1413 160 1475 linc
180 1412 321 1474 invenies
338 1429 437 1488 genos
453 1414 536 1474 aliud
554 1413 711 1477 hominium
729 1431 767 1477 ne
782 1414 884 1490 ipsum
898 1416 1021 1492 quidem
1035 1419 1078 1478 la-

100 1498 288 1560 stidiendum
307 1513 428 1572 eornm,
453 1497 506 1574 qui
521 1500 590 1573 cogi
608 1499 778 1560 adiectum
795 1502 989 1576 conpellique
1004 1517 1077 1575 pos·

99 1588 186 1655 sunt,
202 1582 315 1659 quibus
331 1599 391 1644 non
408 1582 487 1644 duce
501 1590 617 1644 tantum
633 1599 712 1657 opus
731 1584 783 1657 sit,
805 1583 861 1644 sed
883 1584 1021 1644 adiutore
1039 1593 1076 1658 et,

98 1675 131 1728 ut
149 1668 193 1728 ita
205 1667 322 1740 dicam,
345 1675 496 1728 coactore.
530 1667 579 1727 hic
596 1667 702 1728 tertius
718 1668 804 1729 color
820 1674 877 1727 est.
910 1668 936 1728 si
954 1668 1076 1743 quaeris

99 1750 191 1812 liuius
212 1752 383 1826 exemplar,
405 1751 623 1812 Hermarchum
640 1750 844 1825 oitEpicurus
865 1752 954 1813 talem
970 1751 1076 1814 luisse.

101 1836 208 1912 itaque
232 1837 316 1896 alleri
339 1835 436 1912 magis
457 1837 640 1912 gratulatur,
667 1837 793 1895 oliorum
819 1836 916 1910 magis
938 1836 1076 1912 suspicit.

99 1920 244 1996 quamvis
260 1921 339 1980 enim
357 1920 396 1980 od
412 1921 553 1982 eumdem
574 1920 665 1979 linem
680 1926 810 1994 uterque
826 1922 1013 1994 pervenerit,
1035 1928 1076 1981 ta-

96 2020 168 2064 men
191 2005 290 2064 maior
309 2012 356 2066 cst
371 2005 438 2066 laus
453 2003 532 2066 idem
550 2003 695 2064 offecisse
710 2003 738 2063 in
755 2003 926 2066 difficiliore
941 2004 1075 2066 materia.

98 2087 174 2148 Puta
185 2089 268 2148 enim
282 2089 343 2149 duo
356 2087 496 2149 aedificio
512 2088 643 2149 excitata
655 2102 741 2160 esse,
757 2087 847 2149 ambo
860 2090 959 2164 pario,
976 2105 1075 2165 aeque
1091 2105 1106 2156 5

97 2173 241 2247 excelso,
256 2188 356 2248 aeque
369 2171 541 2248 magnifica.
559 2173 686 2234 alterum
701 2187 808 2247 puram
824 2188 926 2233 aream
941 2175 1074 2250 accepit:

99 2258 160 2317 illic
184 2257 324 2332 protinus
346 2273 426 2332 opus
442 2257 548 2317 erevit.
576 2257 702 2318 alterum
719 2257 915 2318 fundamento
930 2259 1077 2319 laniabunt

98 2341 128 2400 in
152 2342 276 2402 mollem
301 2348 331 2402 et
348 2340 473 2402 fluidam
492 2340 615 2403 humum
638 2341 733 2401 missa
752 2341 941 2417 multumque
962 2342 1075 2403 laboris

98 2424 281 2486 exhaustum
294 2433 355 2497 est,
369 2427 440 2486 dum
452 2426 628 2500 pervenitur
639 2425 679 2485 ad
691 2425 838 2486 solidum=
860 2427 979 2487 invenio
991 2426 1074 2500 quic·

99 2509 173 2584 quid
188 2509 260 2570 fecit
274 2509 399 2570 alterins
416 2509 549 2586 [opifex.-
564 2513 696 2582 αιιειιιιι]
711 2525 822 2585 magna
836 2525 908 2586 pars
923 2516 953 2568 et
967 2509 1075 2568 diffiei-

98 2593 155 2674 lior
168 2593 251 2653 latet.
281 2594 437 2668 Quaedam
451 2594 572 2668 ingenia
588 2594 687 2654 facilia
706 2602 735 2654 et
750 2594 907 2668 expedita,
924 2593 1075 2667 quaedam
1089 2602 1106 2656 6

97 2692 205 2749 monn,
229 2679 314 2753 quod
330 2677 429 2749 aiunt,
453 2677 593 2738 iaciendo
613 2685 684 2737 sunt
699 2685 729 2737 et
744 2678 772 2737 io
789 2674 993 2738 fundamentis
1009 2676 1074 2737 suis

99 2768 260 2836 occupatu
292 2763 396 2837 itaque
410 2777 467 2836 ego
483 2762 567 2823 illum
582 2761 751 2822 feliciorem
766 2762 909 2831 dixerim,
934 2761 986 2836 qui
1001 2761 1074 2821 nihil

98 2845 211 2920 negotii
234 2861 339 2906 secum
362 2846 477 2906 habuit.
510 2845 591 2907 hunc
616 2845 739 2920 quidem
759 2845 868 2906 melius
890 2846 929 2905 de
954 2861 988 2904 se
1012 2860 1073 2904 me·

41 2982 48 2995 ,
96 2930 214 3004 ruisse,
238 2930 290 3006 qui
304 2929 519 3004 malignitatem
536 2937 662 2990 naturae
678 2945 753 2990 snae
768 2929 839 2990 vicit
854 2940 884 2990 et
900 2929 939 2988 ad
952 2929 1071 3004 sapien-

97 3013 167 3073 tiam
184 3029 219 3074 se
234 3030 296 3075 non
312 3015 470 3089 perduxit,
490 3015 547 3074 sed
561 3013 702 3074 extraxit.
730 3014 796 3074 Hoc
811 3013 921 3077 dorum
940 3020 970 3072 et
989 3012 1073 3073 labo·
1089 3021 1104 3076 7

95 3098 212 3158 riosum
234 3098 390 3173 ingenium
411 3098 500 3159 nobis
520 3099 624 3159 datum
643 3098 725 3158 scios
741 3097 819 3158 licet.
853 3097 933 3158 imus
948 3113 1002 3172 per
1019 3096 1072 3156 ob·

96 3182 216 3242 stantia.
232 3182 334 3257 itaque
346 3199 527 3259 pugnemus,
543 3183 713 3257 aliquorum
726 3179 906 3242 invocemus
918 3181 1071 3241 auxilium.

96 3265 227 3340 „Quem,
253 3265 371 3341 inquis,
396 3266 592 3328 invocabot“
632 3266 720 3327 Hunc
743 3273 794 3326 aut
818 3264 911 3324 illum.
946 3271 977 3324 tu
997 3280 1071 3325 vero

94 3350 185 3409 etiam
202 3349 242 3410 ad
258 3351 377 3425 priores
392 3358 559 3423 revertere,
580 3350 630 3425 qui
646 3357 771 3410 vacant:
799 3348 986 3408 adiuvare
1001 3364 1071 3407 nos

97 3443 352 3508 possunlnon
371 3442 513 3496 tantum
531 3435 593 3512 qui
609 3441 714 3513 sunl,
738 3433 811 3498 scd
827 3434 894 3512 nui
912 3434 1091 3494 luerunt.

90 3516 142 3571 Ex
157 3516 220 3573 nis
237 3525 375 3592 antem,
400 3521 590 3599 quisunt,
613 3523 1021 3604 eligamnsnoneos,
1042 3509 1149 3586 autu
