2422 3862
128 191 190 256 too
416 191 449 251 t.
470 192 618 252 nunant
640 191 815 255 SEEEonE
836 160 840 167 ’

126 341 270 406 lescentis
286 350 346 405 tam
358 341 462 405 stolidi
478 361 569 420 quam
582 343 703 418 nobilis,
718 344 834 407 maiora
845 344 999 419 sperantis
1012 361 1104 419 quam

126 429 177 490 illo
193 429 299 488 seculo
316 427 479 503 quisquam
501 443 628 503 sperare
643 434 763 510 poterat
777 434 828 489 aut
846 429 914 504 ipse
928 428 1001 487 ullo.
1035 444 1104 488 cum

126 528 219 588 aeger
236 529 254 572 a
269 519 377 573 senatu
391 512 421 571 in
438 513 545 572 lectica
560 515 674 575 relatus
690 519 773 572 esset
792 530 853 574 non
870 526 945 573 sane
959 511 1103 587 frequen-

126 598 208 657 tibus
223 595 392 672 exsequiis,
411 611 519 657 omnes
533 597 613 656 enim
629 596 797 656 necessarii
809 597 1009 656 deseruerant
1021 595 1104 672 inpie

127 681 187 741 iam
214 697 276 741 non
305 695 408 754 reum,
435 680 491 739 sed
520 680 628 741 lunus=
665 678 779 741 habere
805 680 907 756 coepit
934 680 1103 754 consilium,

126 773 228 825 utrum
242 764 451 824 conscisceret
466 771 592 824 mortem
615 781 654 825 an
676 771 879 838 exspectaret.
917 764 965 824 cui
981 763 1103 825 Scribo-

128 847 193 909 nia=
216 846 311 924 „quid
326 855 370 923 te,
386 847 493 922 inquit,
509 848 639 910 delectat
654 846 786 908 alienum
801 847 955 924 negotium
971 853 1104 924 ageret“

129 949 191 993 non
217 932 372 1007 persuasit
397 929 454 990 illi:
478 948 586 992 manus
613 930 672 992 sibi
698 932 805 992 adtulit
829 948 887 993 uec
911 933 978 992 sine
1000 947 1103 993 causa.

129 1033 199 1077 nam
224 1022 295 1091 post
315 1016 395 1075 diem
417 1014 536 1075 tertium
557 1023 609 1077 aut
637 1013 777 1091 quartum
802 1015 915 1077 inimici
939 1015 1104 1077 moriturus

88 1101 251 1162 llarbitrio
274 1101 300 1160 si
321 1100 410 1174 vivit,
433 1099 564 1161 alienum
586 1099 739 1174 negotium
754 1100 824 1175 agit.
867 1100 945 1161 Non
967 1102 1104 1176 possis

129 1185 232 1260 itaque
261 1184 361 1244 dere
394 1184 429 1242 in
461 1183 687 1246 universum
715 1184 985 1258 pronuntiare,
1025 1201 1105 1244 cum

129 1269 370 1341 mortemvis
393 1267 790 1343 externadenuntiat‚
812 1269 1106 1343 occupandasit

130 1369 175 1412 an
191 1352 468 1426 exspectanda.
490 1353 584 1413 multa
598 1353 677 1411 enlm
692 1358 778 1426 sunt„
801 1367 880 1427 quae
899 1352 927 1410 in
943 1357 1105 1427 utramque

131 1435 374 1513 purtemtrehere
382 1442 522 1510 possunt.
536 1433 670 1496 Sialtera
677 1451 759 1497 mors
768 1451 836 1496 cum
844 1443 1003 1506 tormento,
1011 1438 1107 1495 altera

130 1521 265 1598 simplex
283 1528 314 1583 et
330 1519 428 1582 lacilis
447 1526 509 1591 est,
533 1519 639 1595 quidni
656 1519 728 1580 huic
744 1520 895 1582 inicienda
911 1519 952 1580 sit
972 1521 1105 1579 manus?

134 1607 393 1682 quemadmodum
405 1619 515 1664 navem
528 1603 638 1679 eligam
656 1603 856 1680 navigaturus
873 1610 904 1665 et
915 1604 1041 1665 domum
1053 1603 1104 1662 lra-

93 1691 295 1774 militaturus,
312 1689 357 1750 sic
369 1695 499 1749 mortem
511 1687 649 1749 exiturus
663 1688 763 1750 evita.
785 1691 949 1750 Praeterea
959 1687 1105 1762 quemad-

134 1776 259 1836 modum
273 1790 336 1834 non
353 1773 460 1847 utique
479 1770 588 1832 melior
605 1778 653 1833 est
670 1772 793 1849 longior
805 1772 876 1844 vita,
894 1771 939 1833 sic
951 1771 1041 1847 peior
1056 1779 1105 1832 est

133 1859 241 1934 utique
253 1873 337 1919 mors
346 1856 477 1932 longior.
499 1858 533 1916 ln
545 1857 628 1917 nulla
639 1872 673 1916 re
681 1856 779 1933 magis
787 1873 879 1932 quam
890 1856 920 1917 in
930 1863 1029 1918 morte
1042 1872 1106 1916 mo·

134 1959 199 2003 rem
217 1941 318 2002 animo
330 1955 440 2016 gerere
456 1940 619 2002 debemus.
646 1948 751 2017 exeat,
770 1958 832 2017 qua
850 1940 987 2017 inpetum
1007 1940 1104 2015 cepit:

135 2027 203 2087 sive
216 2027 329 2086 terrum
344 2021 461 2101 adpetit
473 2023 541 2084 sive
553 2027 697 2100 laqueum
712 2024 781 2087 sive
796 2024 930 2101 aliquam
946 2024 1105 2101 potionem

135 2125 233 2169 venas
247 2115 461 2184 occupantem,
475 2114 584 2184 pergat
595 2108 755 2171 etvin‘cula
766 2109 1105 2190 servitutisabrumpat.

134 2192 237 2253 Vitam
251 2199 282 2252 et
290 2193 357 2252 aliis
365 2193 539 2267 adprobare
548 2193 788 2269 quisquedebet,
800 2202 929 2256 mortem
936 2194 1011 2256 sibi:
1028 2193 1106 2268 opti-

93 2287 126 2342 te
136 2292 195 2349 ma,
208 2291 289 2352 quae
301 2278 412 2350 placet.
435 2275 534 2337 Stulte
546 2277 622 2337 haec
635 2276 823 2352 cogitantur:
840 2278 950 2353 aliquis
963 2278 1046 2339 dicet
1058 2293 1107 2337 me

135 2375 243 2435 parum
258 2356 374 2420 lortiter
389 2358 511 2435 iecisse,
526 2360 637 2437 aliquis
650 2361 738 2422 nimis
751 2367 874 2436 temere,
889 2361 1000 2436 aliquis
1013 2362 1108 2423 luisse

134 2442 261 2519 aliquod
274 2458 372 2519 genus
395 2444 500 2505 mortis
521 2444 727 2507 animosius=“
757 2446 804 2506 vis
824 2452 858 2506 tu
878 2445 1012 2520 cogitare
1030 2446 1061 2505 id
1079 2447 1107 2504 in

134 2528 274 2589 munibus
298 2543 370 2588 esse
392 2528 569 2604 consilium,
595 2529 637 2590 ad
661 2529 748 2606 quod
771 2530 851 2590 lama
870 2546 930 2591 non
958 2530 1109 2604 pertineto

133 2611 192 2673 hoc
214 2629 308 2673 unum
329 2613 461 2686 intuere,
484 2618 516 2674 ut
540 2620 570 2673 te
593 2615 733 2676 fortunae
758 2629 850 2689 quam
869 2614 1025 2674 celerrime
1051 2611 1107 2672 eri·

134 2695 217 2772 pias:
239 2696 375 2773 alioquin
390 2697 527 2768 aderunt,
545 2698 596 2773 qui
611 2698 742 2758 delecto
757 2704 810 2758 tuo
831 2697 910 2758 male
928 2698 1110 2758 existiment.

94 2781 275 2841 lllnvenies
296 2781 385 2840 etiam
410 2781 570 2855 professos
592 2781 788 2858 sapientiam,
811 2782 862 2857 qui
883 2782 943 2841 vim
969 2782 1109 2841 adteren-

134 2866 205 2926 dam
218 2864 299 2924 vitae
313 2879 389 2924 suae
412 2871 524 2939 negent
544 2872 575 2926 et
593 2866 681 2926 ncias
702 2865 835 2939 iudicent
852 2864 956 2941 ipsum
970 2865 1109 2926 interem-

134 2957 252 3024 ptorem
267 2947 316 3007 sui
330 2946 411 3007 lieri=
429 2950 679 3024 exspectandum
700 2965 772 3010 esse
793 2949 922 3025 exitum,
947 2965 1036 3025 quem
1056 2965 1108 3008 na·

134 3041 202 3093 tura
217 3029 361 3093 decrevit.
390 3031 449 3094 hoc
466 3031 518 3108 qui
533 3032 621 3109 dicit,
644 3050 705 3094 non
721 3034 804 3095 videt
819 3050 853 3095 se
867 3033 1013 3094 libertatis
1031 3033 1110 3092 riam

136 3114 270 3174 cludere.
306 3115 348 3174 nil
363 3117 471 3177 melius
487 3126 611 3179 aeterna
625 3121 675 3178 lex
691 3117 776 3190 lecit,
801 3134 892 3195 quam
916 3117 1001 3194 quod
1016 3133 1109 3178 unum

96 3196 288 3260 lointroitum
303 3198 393 3261 nobis
409 3201 448 3260 ad
464 3200 554 3261 vitam
570 3201 666 3275 dedit,
690 3203 790 3263 exitus
810 3205 931 3264 multos.
975 3201 1041 3276 Ego
1057 3217 1108 3260 ex·

136 3288 273 3358 spectem
287 3284 337 3344 vel
351 3284 448 3346 morbi
467 3285 675 3347 crudelitatem
690 3287 738 3347 vel
753 3285 894 3360 hominis,
910 3301 978 3347 cum
992 3287 1109 3363 possim

136 3381 192 3441 per
216 3366 317 3427 media
342 3367 426 3430 exire
448 3376 599 3432 tormenta
618 3377 649 3431 et
669 3370 801 3432 adversa
821 3371 997 3432 discuteret
1031 3371 1108 3430 Hoc

134 3457 194 3512 est
224 3468 349 3528 unum,
389 3453 515 3514 curde
546 3455 623 3515 vita
650 3471 723 3516 non
754 3457 951 3534 possimus
982 3455 1107 3530 queri:
