2422 3862
160 183 222 248 212
334 211 340 228 ·
448 182 481 241 L.
500 180 648 242 ANNAEl
670 179 852 241 SENECAE.

117 336 350 413 apsingulorum
365 349 501 396 errorem
523 333 595 393 lacit
617 333 768 408 publicus.
804 331 868 392 Sed
887 334 1145 410 quemadmodum

45 455 52 506 q
160 422 211 481 illu
226 419 426 491 credidimus,
445 417 490 479 sio
506 425 535 478 et
548 416 608 478 hoe
620 418 718 477 eidem
732 418 849 492 populo
866 419 1043 493 credamus,
1071 420 1145 479 nillil

48 508 53 564 l
161 519 233 566 esse
252 512 339 578 gralo
359 504 461 564 animo
477 501 651 562 honestius.
687 517 795 562 omnes
819 501 878 561 hoe
898 502 1006 575 urbes,
1037 520 1145 564 omnes

161 588 252 650 eliam
263 603 303 647 ex
316 587 456 648 barbaris
464 585 643 660 regionibus
654 593 762 660 gentes
775 587 1018 648 conclamabunt.
1045 588 1075 646 in
1085 587 1146 648 hoc

118 673 251 747 albonis
265 671 417 745 motisque
433 669 603 731 conveniet.
630 669 735 743 Erunt,
755 670 806 745 qui
821 670 994 746 voluptates
1010 673 1145 733 laudent.

153 763 264 831 eruut,
287 758 339 831 qui
354 756 476 816 labores
491 755 602 814 malint.
631 761 733 827 erunt,
758 754 811 829 qui
827 754 965 814 dolorem
980 757 1144 816 maximum

162 842 274 903 malum
295 841 408 903 dicant.
440 846 542 912 erunt,
567 838 619 913 qui
640 854 679 898 ne
700 838 811 898 malum
834 839 958 911 quidem
980 840 1145 914 adpellem.

162 925 282 986 divitias
304 925 414 999 aliquis
437 924 476 982 ad
497 938 646 983 summum
666 923 780 984 bonum
803 922 947 983 admittet.
978 924 1057 984 alius
1077 924 1145 984 illas

162 1008 243 1070 dicet
257 1009 337 1069 malo
353 1008 434 1068 vitae
448 1008 598 1068 humanae
612 1015 765 1081 repertas,
781 1006 855 1066 nihil
870 1023 943 1068 esse
957 1023 994 1067 eo
1009 1009 1145 1082 loeuple-

160 1095 237 1166 tius,
260 1094 309 1153 cui
331 1092 414 1168 quod
436 1092 530 1152 donet
548 1092 669 1151 iortuna
683 1107 743 1151 non
765 1091 893 1150 invenit=
926 1091 956 1150 in
972 1097 1053 1152 tanta
1067 1092 1144 1151 iudi·

161 1178 279 1238 ciorum
299 1177 476 1237 diversitate
499 1175 689 1234 referendam
709 1170 996 1236 benemerentibus
1017 1173 1144 1249 gratiam

163 1276 270 1322 omnes
286 1261 339 1320 tibi
355 1276 433 1335 uno,
450 1259 534 1335 quod
549 1260 641 1332 aiunt,
657 1274 711 1320 ore
725 1259 938 1320 adfirmabunt.
964 1258 993 1318 in
1008 1259 1068 1318 hoe
1083 1266 1145 1318 tam

163 1345 387 1405 discorsturba
402 1343 587 1407 consentiet:
609 1358 677 1404 cum
699 1343 816 1404 interim
832 1343 958 1404 iniurias
978 1358 1033 1417 pro
1051 1341 1144 1401 bene-

13 1492 15 1497 ,
162 1427 241 1488 ficiis
257 1429 430 1503 reddimus,
446 1436 477 1489 et
491 1427 589 1504 prima
607 1434 772 1502 causaest,
788 1445 842 1489 cur
859 1430 928 1503 quis
943 1426 1080 1501 ingratus
1098 1427 1145 1499 sit,

119 1514 189 1578 disi
211 1514 285 1574 satis
308 1521 413 1588 gratus
433 1528 505 1573 esse
529 1514 590 1572 non
611 1512 718 1586 potuit.
747 1512 793 1571 Eo
808 1512 973 1588 perductus
989 1517 1037 1571 est
1052 1511 1145 1584 furor,

161 1605 194 1658 ut
209 1596 472 1671 periculosissima
487 1613 537 1659 res
553 1596 592 1656 sit
604 1595 755 1656 beneficia
764 1596 794 1655 in
808 1598 940 1671 aliquem
951 1611 1062 1670 magna
1074 1610 1145 1654 con-

162 1682 256 1741 ferre:
278 1699 348 1742 narn
364 1682 436 1757 quia
453 1688 540 1757 putat
554 1687 643 1754 turpe
664 1697 724 1740 non
739 1680 886 1753 reddere,
908 1695 968 1739 non
986 1679 1145 1749 multasse,

163 1763 213 1837 cui
226 1766 344 1826 reddat.
379 1764 445 1825 Tibi
459 1764 553 1837 habe,
577 1765 660 1839 quod
681 1763 843 1839 accepisti=
865 1780 927 1824 non
944 1772 1066 1839 repeto,
1085 1779 1144 1822 non

161 1849 261 1923 exigo.
292 1850 445 1924 proluisse
466 1855 561 1908 tutum
577 1847 625 1909 sit.
659 1847 779 1923 Nullum
799 1855 847 1908 est
870 1848 973 1908 odium
994 1848 1144 1923 pernicio-

162 1933 227 1994 sius
243 1950 333 2010 quam
350 1949 367 1993 ε
381 1932 522 1994 beneficii
543 1930 646 1992 violati
660 1932 791 2006 pudore.
820 1934 908 1993 Vale.

456 2069 671 2126 EPISTULA
697 2070 743 2124 lll.
772 2071 844 2139 (82.)
875 2114 878 2119 .

416 2163 528 2216 sunnon
546 2166 657 2217 Lucrum
678 2176 729 2216 suo
750 2175 889 2218 saturent.

138 2291 150 2342 1
223 2267 330 2327 Desii
352 2267 424 2326 iam
445 2268 490 2327 de
512 2276 548 2328 te
569 2285 660 2330 esse
682 2266 896 2329 sollicitus.
939 2266 1077 2341 ‚,Quem,
1101 2265 1145 2324 in-

162 2348 247 2425 quis,
273 2350 400 2410 deorum
423 2367 607 2426 sponsorem
629 2352 822 2427 εεεεριειίιιι
853 2367 923 2412 eum
941 2351 1072 2424 scilicet,
1094 2351 1146 2426 qui

160 2435 312 2498 neminem
328 2433 417 2505 fallit,
445 2436 576 2496 animum
591 2437 666 2498 reali
681 2452 718 2496 ac
736 2436 810 2497 boni
826 2442 1001 2496 amatorem.
1031 2435 1064 2494 ln
1082 2441 1144 2494 luto

161 2535 233 2595 pars
255 2519 297 2579 tui
318 2518 425 2579 melior
446 2526 502 2579 est.
536 2520 640 2582 Potest
661 2521 783 2581 fortuna
803 2517 857 2580 tibi
871 2517 1011 2584 iniuriam
1026 2519 1144 2578 facere:

161 2604 244 2678 quod
260 2604 298 2664 ad
314 2619 378 2662 rem
392 2603 489 2677 magis
507 2605 651 2678 pertinet,
668 2621 728 2665 non
744 2602 850 2677 timeo,
867 2619 907 2662 ne
925 2611 957 2663 tu
973 2600 1069 2662 iacias
1082 2601 1145 2662 tibi.

160 2687 188 2761 l,
211 2704 272 2762 qua
290 2689 334 2747 ire
350 2686 480 2762 coepisti
502 2695 534 2748 et
557 2687 593 2747 in
619 2689 697 2749 isto
719 2695 754 2749 te
774 2687 877 2748 vitae
897 2684 1032 2746 habitu
1055 2701 1144 2745 con-

130 2786 260 2849 qpone
279 2771 450 2844 placide,
471 2787 547 2832 non
569 2772 750 2832 molliter.
783 2770 864 2831 Male
885 2768 957 2830 mihi
979 2785 1051 2829 esse
1065 2770 1144 2829 malo

160 2869 252 2928 quam
267 2854 410 2914 molliter:
433 2855 510 2928 [ltoe]
526 2872 606 2917 nunc
622 2854 667 2917 sie
682 2855 806 2930 excipe,
825 2854 1082 2930 quemadmodum
1104 2858 1144 2926 [a]

160 2938 277 3012 populo
298 2939 378 2998 solet
398 2938 459 2999 dici
476 2940 567 3015 dure,
589 2955 717 3014 aspere,
739 2939 903 3000 laboriose.
932 2938 1049 2998 Audire
1064 2939 1143 2996 sole-

160 3037 229 3082 mus
255 3021 299 3082 sic
327 3024 526 3097 quorumdam
554 3025 646 3084 vitam
672 3024 805 3098 laudari,
840 3022 950 3098 quibus
976 3021 1143 3083 invidetur:

112 3177 113 3181 Ἰ
159 3104 311 3179 „molliter
324 3106 429 3165 vivit.“
452 3105 513 3169 hoc
528 3107 646 3168 dicunt:
665 3105 785 3182 „mollis
802 3114 879 3168 est.“
906 3104 1051 3182 paulatim
1066 3106 1144 3165 enim

159 3187 351 3251 effeminatur
371 3189 490 3252 animus
512 3199 605 3267 alque
625 3192 656 3251 in
676 3191 901 3254 similitudinem
923 3189 976 3252 otii
992 3189 1040 3250 sui
1056 3197 1085 3250 et
1099 3189 1144 3265 pi-

159 3274 281 3348 gritiae,
308 3274 337 3333 in
360 3290 421 3350 qua
436 3275 528 3350 iacet,
554 3277 691 3337 solvitur.
721 3276 794 3352 quid
810 3283 906 3351 ergol
933 3276 999 3335 viro
1018 3290 1079 3334 non
1096 3274 1143 3332 rel

159 3356 357 3432 obrigescere
368 3358 464 3420 satius
480 3367 548 3422 esti
574 3359 687 3422 deinde
704 3360 825 3422 delicati
842 3361 923 3423 idem
938 3359 1043 3420 timent
1057 3356 1144 3429 mori,

155 3443 207 3501 eui
225 3443 324 3540 'ritant
349 3459 438 3542 suam
465 3444 568 3508 iecere
588 3444 727 3507 similem.
769 3443 895 3506 Multum
918 3445 1044 3504 interest
1067 3442 1144 3502 inter
