2422 3862
128 216 193 284 376
424 217 457 280 L.
479 218 625 281 ANNAEI
648 218 823 281 SENECAE

129 369 321 433 Sallustium:
342 375 508 434 exercitam
522 377 645 446 araento
655 369 739 443 fecit,
753 369 784 428 id
799 375 862 441 est,
877 367 1008 444 pecnnia
1022 385 1112 445 para-

132 455 182 516 vit.
211 454 271 516 hoc
291 455 454 516 Arruntius
476 469 578 515 amara
599 453 714 529 coepit:
744 453 847 528 posuit
869 453 944 513 illud
970 452 1112 514 omnibus

131 538 263 613 paginis.
290 538 363 599 dicit
383 539 518 614 quodam
536 539 621 598 locas
647 536 757 611 faram
775 539 883 599 normis
905 536 1019 610 fecere.
1051 538 1112 597 alio

130 623 216 683 loco:
248 621 354 696 Hiero,
379 640 437 684 rec
457 621 730 698 Syracusanorum,
756 621 862 682 heliam
883 620 967 693 fecit.
1000 620 1112 685 etalio

131 707 216 767 luca:
240 705 322 777 Qnae
335 708 439 767 andita
454 707 701 767 Panhormitanos
718 705 828 766 dedere
842 703 985 765 Romanis
997 704 1110 777 secere.

89 792 124 849 18
133 789 260 850 Gustum
275 789 328 851 tibi
343 790 417 848 darc
432 788 530 848 volui:
552 796 633 850 totus
650 788 698 848 his
713 788 884 848 contexitur
903 787 988 847 liber.
1033 803 1113 862 quae

94 922 104 945 -.
133 874 215 947 apud
231 871 405 940 Sallustium
427 887 495 932 rara
517 873 652 946 luerunt,
668 872 751 947 apud
773 872 854 932 hunc
869 871 977 931 crebra
993 879 1066 932 sunt
1083 878 1113 932 ct

133 971 232 1031 paene
248 957 405 1027 continua,
422 970 479 1015 nec
494 956 561 1015 sine
576 972 683 1016 causa:
705 956 755 1016 ille
767 957 847 1017 enim
861 956 891 1014 in
906 955 983 1014 hacc
998 955 1112 1014 incide

132 1040 198 1111 bat,
220 1046 250 1099 at
263 1038 313 1098 hic
334 1039 386 1098 illa
407 1040 581 1115 quaerebat.
628 1040 714 1100 vides
728 1046 843 1112 autem,
866 1037 1111 1114 quiunquam,

90 1125 124 1180 19
131 1121 183 1183 ubi
199 1121 288 1182 alicui
303 1121 408 1183 vitium
422 1139 478 1198 pro
492 1125 636 1199 exemplo
651 1130 706 1184 cst.
735 1122 817 1183 Dixit
830 1121 1009 1183 Sallustius:
1028 1125 1113 1197 aquis

131 1207 333 1269 lticmantibas.
375 1207 539 1267 Arruntius
563 1207 594 1267 in
619 1209 715 1283 primo
741 1205 817 1268 libro
839 1205 910 1266 belli
929 1206 1034 1266 Punici
1057 1205 1112 1265 ait:

132 1297 253 1366 repente
265 1292 404 1352 namara
419 1297 583 1366 tempestas.
610 1299 640 1351 et
655 1291 714 1351 atio
729 1291 799 1350 loco
818 1306 886 1350 cum
904 1290 1007 1350 dicere
1022 1289 1114 1348 vellet

132 1373 275 1448 frigidum
289 1391 402 1435 annum
417 1374 527 1446 luisse,
550 1375 605 1434 ait:
628 1380 703 1436 totas
716 1376 857 1435 hiemavit
874 1391 980 1434 annas.
1008 1373 1113 1433 etalio

133 1460 216 1519 loca:
248 1459 327 1521 Inde
350 1454 509 1533 semanima
534 1462 690 1520 onerarias
709 1461 786 1520 leves
804 1465 927 1533 praeter
946 1460 1067 1518 mititem
1087 1465 1114 1517 ct

132 1545 314 1604 necessarios
327 1548 486 1603 namaram
500 1543 647 1603 hiemante
659 1545 797 1616 aquitana
809 1545 896 1603 misit.
925 1557 986 1601 non
1002 1539 1113 1599 desini*

134 1627 274 1688 omnibus
292 1627 369 1688 locis
389 1626 450 1686 hoc
467 1626 591 1686 verbum
607 1626 754 1686 intuloire.
800 1626 939 1699 Quodam
955 1626 1024 1686 loco
1040 1624 1113 1684 dicit

134 1709 312 1772 Sallustius:
338 1711 424 1771 Inter
444 1725 532 1771 arma
550 1713 649 1772 civilia
672 1713 761 1784 aeaut
778 1711 902 1785 bantana
914 1708 1018 1782 famas
1027 1711 1112 1782 petit

133 1795 296 1855 Arruntius
319 1810 380 1856 non
398 1794 592 1870 temperavit,
615 1811 677 1869 quo
693 1795 791 1854 minus
807 1795 905 1868 primo
921 1792 1019 1853 statim
1034 1789 1113 1848 libro

90 1888 127 1941 20
132 1886 275 1955 poneret:
304 1881 435 1954 inaentes
454 1878 636 1951 essefamas
656 1878 836 1952 delirante.
879 1875 962 1939 Haec
984 1890 1058 1948 ergo
1086 1881 1116 1933 et

134 1961 285 2023 eiusmodi
300 1963 381 2036 vitia,
398 1977 477 2038 quae
492 1961 583 2022 alicui
598 1963 743 2036 inpressit
756 1960 891 2032 imitatio,
907 1974 969 2018 non
984 1967 1055 2020 sunt
1069 1958 1114 2016 in·

134 2047 214 2107 dicia
229 2047 367 2107 luxuriae
387 2062 445 2105 nec
459 2047 549 2105 animi
564 2045 714 2120 corrupti=
738 2045 864 2120 propria
878 2044 958 2104 enim
972 2057 1046 2102 esse
1061 2042 1113 2100 de·

134 2129 206 2189 bont
220 2138 249 2191 et
263 2145 303 2189 ex
318 2131 387 2204 ipso
405 2138 491 2201 nata,
517 2145 556 2189 ex
577 2130 688 2205 quibus
712 2136 743 2190 tu
757 2129 901 2189 aestimes
916 2126 1046 2187 alicuius
1061 2127 1115 2184 au-

135 2212 248 2274 lectus:
279 2213 417 2274 iracundi
439 2213 569 2274 hominis
591 2214 737 2274 iracunda
762 2213 859 2273 oratio
885 2220 946 2284 est,
970 2208 1116 2271 commoti

92 2309 124 2362 ει
135 2294 224 2356 nimis
237 2296 374 2369 incitata,
397 2297 517 2356 delicati
540 2303 642 2357 tenera
657 2306 687 2357 et
701 2296 795 2358 fluxa.
841 2295 920 2368 Quot
933 2293 1021 2354 vides
1037 2294 1115 2352 istos

135 2382 239 2456 sequi,
261 2380 313 2455 qui
328 2389 378 2441 aut
394 2382 507 2441 vellunt
521 2381 645 2440 barbam
661 2388 713 2442 aut
733 2381 940 2451 intervellunt,
963 2377 1015 2454 qui
1031 2377 1117 2436 labra

135 2465 274 2540 pressius
296 2465 421 2525 tondent
442 2472 471 2524 et
491 2463 642 2524 abradunt
656 2472 779 2526 servata
794 2469 823 2523 et
842 2461 997 2524 submissa
1014 2468 1117 2521 cetera

135 2556 229 2624 parte,
249 2547 302 2625 qui
316 2550 455 2608 lacernas
474 2547 587 2608 coloris
601 2547 723 2623 inprobi
735 2555 872 2621 sumunt,
889 2547 941 2622 qui
955 2545 1116 2621 perlucen-

134 2639 193 2692 tem
209 2642 325 2708 togam,
349 2633 399 2709 qui
416 2633 523 2693 nolunt
538 2634 640 2692 lacere
655 2633 836 2707 quicquam,
858 2631 943 2704 quod
958 2629 1116 2688 bominum

135 2718 232 2777 oculis
256 2719 387 2778 transire
412 2717 521 2777 liceat?
548 2715 669 2776 inritant
689 2716 758 2775 illos
781 2723 811 2776 et
829 2714 860 2775 in
885 2730 919 2774 se
943 2714 1116 2773 advertunt.

134 2801 240 2860 volunt
265 2800 313 2860 vel
337 2799 534 2874 reprehendi,
562 2800 634 2859 dum
661 2799 815 2874 conspici:
849 2799 918 2860 talis
944 2804 992 2856 cst
1017 2795 1116 2857 oratio

133 2881 320 2943 Maecenatis
337 2883 533 2959 omniumque
548 2883 685 2957 aliorum,
702 2884 754 2957 qui
770 2899 830 2943 non
847 2899 923 2942 casu
942 2887 1044 2941 errant
1059 2878 1116 2937 sed

90 2981 126 3034 aa
134 2965 267 3025 scientes
288 2966 500 3042 volentesque.
544 2967 610 3026 Hoc
631 2981 781 3039 a-nragno
802 2966 893 3027 animi
908 2964 988 3025 malo
1005 2963 1116 3023 oritur:

136 3049 292 3124 quomodo
319 3049 349 3109 in
376 3050 446 3110 vino
472 3067 534 3112 non
559 3058 629 3111 ante
655 3051 758 3124 lingua
781 3050 888 3111 titubat
914 3064 1006 3124 qnam
1027 3062 1115 3106 mens

136 3133 230 3192 cessit
244 3134 329 3195 oneri
350 3139 380 3194 et
400 3133 541 3194 inclinata
557 3135 605 3194 vel
621 3135 739 3209 perdita
752 3142 813 3194 est:
835 3136 877 3195 ita
896 3135 954 3195 ista
975 3130 1115 3200 oratio,

136 3214 209 3290 quid
224 3216 306 3278 aliud
328 3233 419 3293 quam
440 3217 594 3281 ebrietas?
624 3217 721 3277 nulli
744 3219 909 3280 molesta
933 3223 1010 3288 est,
1038 3213 1117 3274 nisi

135 3301 281 3363 animus
307 3301 426 3362 labat:
456 3301 544 3362 ideo
570 3301 637 3364 ille
661 3310 834 3363 curetur:
862 3302 900 3362 ab
919 3301 970 3360 illo
992 3313 1117 3371 sensus,

134 3386 173 3446 ab
195 3385 246 3446 illo
272 3387 366 3447 verba
389 3392 517 3457 exeunt,
543 3385 582 3446 ab
608 3386 660 3446 illo
677 3386 765 3446 nobis
783 3393 831 3447 est
844 3385 982 3458 habitus,
1004 3383 1116 3454 voltus,

121 3469 279 3532 rirccssus.
312 3469 366 3533 iilo
391 3485 470 3533 sano
494 3485 532 3532 ac
556 3471 678 3533 valente
703 3470 798 3541 oratio
826 3484 952 3546 quoquo
976 3466 1115 3540 robusta,
