2422 3862
520 226 751 280 PRAEFATIO.
1118 186 1158 310 ,st
1174 255 1192 269 ··

124 383 177 416 cum
195 367 344 431 saepissime
362 373 551 430 permutentur,
577 364 739 415 manifestum
762 372 799 415 est
820 365 896 416 scribi
912 366 1018 431 debere:
1039 369 1083 418 illa
1101 383 1144 420 no·

125 436 218 487 bircam
236 438 309 500 queri
326 434 407 486 debet.
426 436 521 498 queri
546 450 614 484 cum
634 434 747 497 aliquo
766 435 833 485 dixit
851 432 948 486 Seneca
964 430 1029 486 Dial.
1046 432 1085 498 V,
1101 434 1143 496 2³,

125 507 149 558 7.
167 503 211 564 IX,
231 504 316 564 11‚2.
334 502 428 554 Benelf.
445 505 485 564 ΙΙΙ,
504 503 587 563 11,1.
606 503 638 564 V,
654 504 701 562 21,
720 503 744 552 l.
766 503 895 555 encliticns
912 519 971 557 vero
988 519 1051 556 usus
1074 521 1143 556 curn

75 575 78 590 '
124 575 321 640 praepositionis
339 588 490 636 quamquam
508 573 577 639 apud
591 571 712 623 Senecam
729 575 753 622 in
768 574 918 639 pronomine
933 572 1039 626 relativo
1058 572 1144 627 nullus

125 651 177 704 est,
194 645 221 692 in
238 642 415 708 personalibus
430 642 623 708 pronominibus
641 649 679 693 est
695 642 870 696 creberrimus.

194 710 244 762 Sed
261 711 388 762 difficilior
404 726 444 762 res
469 719 521 774 est,
545 712 589 761 ubi
607 718 666 777 post
684 726 773 762 rocem
797 720 943 777 corruptam
967 714 1143 765 accedentibus

124 783 285 832 librariorum
304 782 376 831 novis
392 780 612 831 emendationibus
629 780 722 833 vitiosa
736 781 860 846 scriptura
876 796 891 830 a
906 797 967 832 vera
978 782 1079 848 longius
1091 783 1144 834 dis·

124 853 219 911 cessit;
245 851 317 900 cuius
335 850 371 899 rei
393 865 450 899 cnm
467 849 578 914 plurima
597 850 621 899 e't
639 849 710 900 varia
729 850 879 901 documenta
902 849 968 912 sint,
994 867 1041 918 ego
1064 867 1143 902 uuum

75 936 78 1001 ι
124 935 206 987 genus
224 920 346 985 exemplis
365 918 504 969 illustrabo.
527 919 576 984 Ep.
595 918 645 978 50,
663 919 681 970 4
702 918 801 970 nefaria
817 933 899 984 paene
917 921 1023 971 audacia
1038 921 1064 971 in
1083 923 1142 973 edd.

124 991 316 1055 scriptumest:
345 989 445 1053 quando
468 995 505 1038 tot
521 987 619 1038 morbos
642 994 756 1039 tomaene
777 989 947 1052 aspritudinee
969 989 1145 1042 ducatienurs?

123 1062 149 1109 in
168 1057 241 1109 libris
259 1072 321 1107 mss.
337 1057 430 1124 legitur
448 1064 562 1108 tantaeve
579 1072 623 1107 res
638 1057 716 1116 disc„
741 1057 810 1120 quod
828 1071 890 1108 sane
907 1057 968 1109 ferri
984 1074 1034 1110 non
1048 1062 1143 1126 potuit;

122 1127 297 1194 aspritudines
310 1135 393 1177 autem
412 1140 462 1189 quo
483 1127 538 1176 iure
555 1126 670 1176 invectae
686 1126 751 1187 siut,
775 1126 843 1175 haud
867 1126 944 1178 facile
966 1128 1050 1189 dicas;
1069 1131 1144 1179 nimi·

122 1214 178 1248 rum
197 1212 255 1246 cum
273 1197 395 1261 scriptum
411 1201 493 1255 esset,
518 1201 546 1244 nt
569 1194 691 1255 arbitror,
713 1209 764 1246 uns
787 1194 884 1262 syllaba
899 1198 994 1248 omissa
1012 1207 1036 1248 et
1052 1199 1143 1263 deindo

750 1286 775 1330 te

122 1350 201 1401 snpra
219 1334 312 1384 lineam
330 1332 370 1383 vel
389 1335 415 1383 in
434 1333 548 1399 margine
566 1333 654 1384 addita
673 1335 705 1384 ιῖι
727 1348 838 1400 veras,
863 1333 944 1384 alieno
970 1334 1026 1386 loco
1045 1335 1143 1402 syllaba

122 1405 193 1454 illata
211 1411 264 1465 est,
282 1410 310 1453 ιιι
328 1402 398 1452 fleret
413 1410 580 1462 tanteceresr
597 1403 705 1466 deniqne
722 1412 750 1454 ut
769 1402 922 1455 constructio
941 1404 990 1455 sibi
1007 1413 1142 1468 constaret,

123 1473 208 1524 fictum
228 1480 266 1522 est
284 1470 361 1533 illud,
378 1472 447 1534 qnod
464 1472 520 1523 libri
536 1472 643 1536 habent;
663 1471 725 1528 mihi
736 1471 798 1525 nihil
808 1471 967 1524 manifestius
983 1488 1059 1537 quam
1079 1476 1142 1526 scri·

75 1546 88 1600 ,ἷ
123 1543 234 1592 bendum
253 1556 310 1590 esse
326 1539 425 1607 syllaba
441 1541 485 1592 illa
503 1542 528 1590 in
541 1556 616 1593 suurn
633 1538 715 1592 locum
730 1543 858 1592 restituta:
876 1550 925 1592 tam
941 1550 1047 1594 veteres.
1085 1545 1143 1596 Pari

75 1602 89 1677 ιῖ
123 1627 207 1661 errore
225 1625 267 1675 ep.
289 1608 330 1668 76,
349 1610 366 1661 6
386 1607 431 1677 (4)
451 1625 507 1660 cum
523 1607 578 1676 per'
595 1612 718 1662 incuriam
741 1612 849 1676 offertur
865 1611 988 1676 scriptum
1009 1620 1076 1679 asset
1111 1628 1141 1666 ro

75 1680 90 1747 ²l
122 1682 255 1746 offeretur,
274 1695 288 1729 e
307 1679 390 1730 littera
403 1681 520 1745 apposita
537 1687 561 1730 et
580 1681 671 1731 deinde
689 1680 755 1730 male
771 1679 842 1731 illata
857 1687 939 1729 ortum
952 1679 1051 1747 videtur
1067 1628 1142 1745 eover-

75 1742 91 1814 ιι
122 1758 163 1800 tur
180 1751 207 1799 in
222 1749 296 1799 codd.
315 1751 334 1799 P
353 1757 377 1799 et
392 1765 412 1800 r.
428 1749 475 1814 Ep.
494 1748 536 1812 78,
553 1746 578 1800 8.
599 1765 656 1800 cum
674 1750 700 1799 in
715 1749 773 1803 eod.
784 1749 813 1799 P.
828 1750 861 1798 sit
876 1755 901 1799 et
915 1763 1093 1814 nervorumque
1106 1751 1142 1798 in·

75 1865 81 1874 .
123 1821 213 1870 terciet
229 1819 291 1878 scit,
311 1819 373 1867 satis
390 1826 495 1884 apparet
510 1832 561 1867 non
579 1833 639 1884 que,
664 1818 710 1868 sed
736 1825 763 1868 et
782 1817 939 1868 retinendum
956 1816 1051 1879 fuisse;
1079 1817 1143 1868 illud

75 1992 84 2022 θ

75 2060 84 2092 S

75 2335 82 2369 l

75 2405 81 2436 l

124 1890 191 1938 enim
202 1895 283 1938 ortum
299 1902 331 1936 ex
343 1903 375 1952 qn
391 1885 430 1936 vel
443 1889 493 1950 qui,
513 1886 580 1948 qnod
595 1887 708 1937 additum
725 1893 779 1937 erat
791 1886 824 1936 ad
837 1885 1022 1938 emendandum
1036 1888 1141 1937 verbnm

127 1970 250 2018 sequens,
269 1963 298 2006 ut
316 1964 383 2005 esset
403 1955 581 2019 interquiescit.
597 1952 644 2021 Ep.
659 1952 730 2019 86,8
745 1953 790 2017 (Ι)
806 1954 928 2005 obruerat
945 1955 970 2005 in
984 1957 1042 2010 cod.
1055 1952 1073 2006 P
1086 1956 1139 2022 pan'

124 2026 200 2075 modo
213 2033 296 2076 ortum
306 2026 455 2090 suspiceris,
470 2024 538 2086 qnod
551 2023 667 2074 librarius
679 2039 724 2090 pro
736 2023 856 2075 obrueret
866 2025 1026 2075 scribendum
1035 2040 1091 2078 esse
1099 2026 1142 2077 ob·

123 2101 184 2145 ruat
195 2102 335 2155 notaverat,
350 2094 419 2157 quod
433 2093 541 2144 sortasse
553 2092 683 2159 praeferre
697 2093 780 2144 debui.
792 2093 839 2159 Ep.
852 2092 909 2152 109,
920 2093 954 2145 16
962 2092 1021 2161 (14)
1030 2095 1056 2145 Ιιι
1067 2095 1140 2146 Bam-

123 2163 241 2229 bergensi
259 2164 347 2214 codice
362 2162 428 2213 malo
448 2161 542 2230 legitur
560 2164 640 2214 amori
655 2162 838 2221 endecadarum
858 2162 954 2213 scilicet
973 2180 1032 2214 cum
1046 2164 1139 2230 aliquis

124 2232 251 2298 adscripta
266 2235 277 2283 ἰ
292 2231 375 2282 littera
391 2248 478 2283 vocem
497 2231 541 2284 sub
560 2238 628 2282 recte
646 2233 672 2281 in
689 2235 730 2297 eui
743 2230 836 2300 corrigi
849 2230 989 2298 voluisset,
1005 2232 1070 2303 alius
1085 2249 1141 2284 eam

122 2300 231 2352 litteram
252 2300 317 2350 male
335 2303 390 2352 voci
411 2303 569 2352 antecedenti
589 2301 714 2352 adiunxit.
748 2301 844 2361 Eadem
864 2302 965 2352 errandi
983 2304 1084 2354 occasio
1103 2303 1141 2354 al·

123 2370 181 2420 lecit
193 2385 398 2432 nonnumquam,
418 2379 445 2421 ut
462 2379 530 2422 totae
545 2386 622 2420 voces
636 2370 717 2421 alieno
736 2368 793 2421 loc'o
805 2379 970 2436 ponerentur3
991 2371 1068 2422 veluti
1086 2371 1141 2422 inP

123 2440 210 2501 codice
229 2454 270 2503 ep.
284 2438 328 2498 87,
340 2439 371 2490 11
387 2439 430 2506 (9)
447 2455 498 2490 vox
513 2443 619 2492 materia
637 2448 696 2506 post
712 2455 788 2491 voces
806 2434 831 2491 in
847 2442 896 2506 istc
914 2441 1008 2491 omissa
1027 2447 1051 2491 et
1069 2440 1140 2493 dein-

75 2500 96 2569 ,Ξ
123 2508 152 2560 dc
172 2510 258 2573 inepte
273 2508 360 2559 addita
378 2517 416 2559 est
430 2517 488 2574 post
504 2524 579 2560 voces
599 2510 635 2560 ad
650 2513 709 2561 istc.
729 2517 753 2560 et
772 2525 812 2574 ep.
824 2508 867 2568 92,
879 2507 913 2560 29
924 2507 987 2574 (27)
999 2511 1139 2575 pessimum

75 2615 79 2643 l

75 2701 78 2722 l

75 2820 77 2834 ι

75 2891 77 2904 ι

75 2959 77 2970 ι

75 3255 76 3267 l

75 3460 77 3471 t

75 3504 79 3540 l

76 3649 94 3823 l
134 3762 136 3766 ·

123 2574 322 2627 additamentum
339 2577 400 2627 illud
418 2579 490 2629 abest
502 2578 534 2629 de
551 2577 614 2629 bono
633 2578 702 2641 quod
714 2586 738 2628 et
756 2579 880 2629 sententia
898 2592 1080 2642 supervacuum
1094 2594 1140 2631 nec

122 2649 182 2696 satis
201 2646 311 2696 latinum
330 2654 368 2696 est
385 2673 420 2684 -
436 2649 581 2712 praestabat
596 2655 664 2699 certe
682 2663 738 2697 cum
754 2647 859 2698 Erasmo
879 2654 904 2695 et
914 2646 1011 2698 Murato
1029 2648 1140 2700 scribere

122 2715 194 2766 obest
211 2731 228 2764 a
244 2715 307 2766 bono
327 2743 362 2753 -
383 2731 494 2766 errorum
518 2717 628 2780 quadam
652 2718 812 2767 successione
829 2714 952 2783 paulatim
969 2723 1052 2774 ortum
1073 2719 1140 2769 arbi·

122 2797 186 2844 tror3
212 2800 270 2834 cum
293 2786 360 2834 enim
385 2801 450 2847 quae
467 2785 544 2852 paulo
561 2793 620 2850 post
636 2785 749 2849 sequitur
768 2801 818 2836 vox
835 2784 919 2850 abest,
939 2794 1058 2850 corrupta
1073 2796 1141 2838 esset

121 2854 145 2902 in
162 2860 243 2911 cusat,
263 2854 291 2903 id
308 2855 377 2917 quod
391 2869 457 2903 nunc
475 2871 575 2918 quoque
592 2854 686 2922 legitur
704 2855 730 2905 iu
748 2855 805 2908 cod.
819 2855 921 2913 Bamb.‚
941 2855 1077 2921 adscripsit
1094 2854 1140 2907 ali-

121 2924 178 2984 quis
198 2922 283 2987 abest,
310 2923 379 2985 quod
403 2924 434 2973 ab
452 2923 501 2973 alio
520 2924 611 2973 deiude
633 2930 691 2989 post
711 2939 800 2975 vocem
823 2925 922 2991 apitcta
940 2923 1068 2974 adiectum
1092 2932 1140 2984 est,

121 2999 193 3041 cuent
211 3007 271 3041 vero
290 2992 419 3052 relictum;
440 2995 524 3056 itaque
538 3007 589 3042 una
608 2993 656 3043 hac
675 2988 852 3049 emendatione
869 3008 927 3042 cum
941 2992 1007 3042 male
1020 3007 1082 3044 usus
1100 3009 1139 3044 es-

120 3068 158 3110 set
180 3059 314 3120 librarius,
343 3061 408 3111 duae
434 3061 525 3113 deinde
548 3063 706 3126 necessariae
729 3063 844 3122 fuerunt3
867 3069 970 3127 namet
990 3064 1062 3129 prius
1078 3062 1140 3112 illud

120 3128 194 3199 abest
207 3135 235 3177 ut
253 3129 363 3197 intelligi
387 3139 488 3197 posset,
513 3131 628 3193 adiectae
651 3139 709 3197 sunt
730 3126 805 3199 noces
825 3129 857 3182 de
880 3130 957 3190 bono,
977 3145 1040 3194 quas
1063 3131 1140 3182 habet

120 3198 177 3247 cod.
197 3197 286 3250 Bamb.
311 3199 337 3249 in
365 3201 494 3265 margine,
520 3209 545 3251 et
574 3199 680 3256 alterum
699 3208 771 3261 uuest
791 3198 851 3250 item
867 3199 917 3268 alia
944 3214 1021 3250 manu
1047 3201 1073 3250 in
1098 3215 1140 3250 eo·

120 3266 176 3316 dem
194 3267 282 3317 codice
300 3276 440 3331 correctum
459 3278 497 3332 est
519 3270 545 3319 in
564 3261 644 3323 autem
661 3269 740 3339 deest.
776 3269 805 3319 In
826 3277 895 3337 tanta
917 3276 1002 3319 autem
1021 3269 1139 3321 vitiorum

120 3335 281 3385 multitudine
298 3345 322 3386 ct
341 3337 473 3399 varietate,
492 3340 583 3401 quibus
599 3339 675 3388 etiam
694 3332 860 3387 uetustissimi
878 3338 953 3388 codd.
970 3352 1032 3386 mss.
1052 3338 1139 3389 referti

120 3413 192 3465 sunt,
216 3404 303 3468 quanti
325 3406 446 3457 momenti
467 3409 500 3458 sit
524 3404 660 3473 diligenter
678 3407 824 3473 observare,
850 3400 940 3469 quibus
961 3421 1075 3456 errorum
1094 3421 1139 3471 ge·

120 3474 221 3523 neribus
237 3476 348 3537 manime
367 3474 491 3527 obnoxius
509 3475 584 3529 inerit
601 3470 726 3526 librarius
737 3477 774 3541 is,
798 3476 840 3525 cui
857 3476 978 3526 debemus
996 3475 1138 3525 vetustissi-
