2422 3862
187 225 227 288 10
476 225 509 284 L.
531 224 678 284 ANNAEI
701 224 875 284 SENECAE

184 395 261 453 mur,
283 376 339 437 sed
360 375 561 451 cogitationes
577 375 606 434 in
623 375 787 450 longinqua
805 376 1031 450 praemittimus.
1059 378 1163 452 itaque

186 461 393 538 providentia,
417 461 579 519 maximum
600 459 712 518 bonum
734 459 923 519 condicionis
944 460 1109 537 humanae,
1131 463 1161 522 in

154 547 295 610 9malum
315 560 404 604 versa
422 550 477 604 est.
513 544 609 603 Ferae
626 543 774 618 pericula,
797 545 1011 618 nuncrident,
1035 547 1161 620 lugiunt.

184 646 252 691 cum
275 628 425 704 elingere,
449 643 577 687 securae
597 635 683 688 sunt:
706 643 763 687 nos
780 635 810 687 et
824 628 923 688 iuturo
939 635 1118 703 torquemur
1134 640 1162 690 et

185 714 356 789 praeterito.
388 712 482 772 Multa
494 711 575 770 bona
587 720 693 771 nostra
703 711 792 772 nobis
806 719 931 780 nocent:
954 713 1070 773 timoris
1083 715 1161 773 enim

183 805 364 859 tormentum
381 795 526 856 memoria
536 795 666 867 reducit,
683 795 875 870 providentia
887 796 1040 871 anticipat.
1066 799 1160 857 Nemo

183 889 299 942 tantum
317 879 530 956 praesentibus
546 879 638 938 miser
654 887 709 940 est.
747 880 833 938 Vale.

526 1017 742 1074 EPISTULA
768 1017 816 1072 Vl.

434 1114 545 1164 Seneca
564 1115 676 1165 Lucruo
696 1124 747 1162 suo
769 1124 906 1162 sacurem.

158 1224 168 1275 1
245 1217 407 1291 Intellego,
425 1216 535 1290 Lucili,
551 1232 611 1277 non
626 1215 782 1275 emendari
793 1231 841 1275 me
853 1224 976 1288 tantum,
996 1214 1052 1274 sed
1063 1223 1160 1276 trans·

184 1301 316 1377 figurari.
339 1315 396 1359 nec
410 1300 470 1378 hoc
485 1300 625 1376 promitto
640 1298 700 1359 iam
715 1306 767 1360 aut
781 1316 889 1374 spero,
913 1298 985 1358 nihil
1001 1298 1029 1358 in
1046 1315 1095 1358 me
1111 1316 1161 1359 su·

185 1400 327 1460 peresse‚
347 1385 429 1459 quod
444 1385 619 1444 mutandum
631 1385 678 1444 sit.
701 1383 806 1459 quidni
818 1385 911 1445 multa
921 1382 1065 1454 habeam,
1083 1399 1161 1458 quae

185 1468 316 1528 debeant
339 1466 465 1543 corrigi,
494 1484 573 1544 quae
594 1468 766 1538 extenuari,
795 1483 874 1544 quae
900 1467 1017 1527 attolli?
1053 1475 1083 1527 et
1103 1467 1162 1526 hoc

184 1554 284 1628 ipsum
300 1558 508 1627 argumentum
520 1560 568 1611 est
582 1551 612 1610 in
627 1552 734 1612 melius
749 1552 885 1612 translati
900 1550 1107 1625 animuquod
1120 1552 1161 1610 vi·

183 1637 225 1696 tia
240 1653 312 1710 sua,
329 1652 409 1711 quae
424 1635 525 1697 adhuc
540 1635 714 1710 ignorabat,
732 1636 822 1696 videt.
857 1634 1044 1709 Quibusdam
1061 1636 1161 1709 aegris

155 1721 343 1796 agratulatio
366 1721 413 1791 fit,
436 1735 504 1779 cum
525 1720 584 1794 ipsi
606 1735 717 1794 aegros
740 1734 774 1779 se
797 1735 869 1779 esse
885 1726 1059 1778 senserunt.
1094 1719 1160 1779 Ou-

184 1821 311 1881 perern
335 1803 438 1879 itaque
458 1812 581 1864 tecum
603 1805 886 1865 communicare
906 1812 976 1863 tam
995 1800 1160 1863 subitam

183 1888 430 1950 mutationem
457 1889 545 1947 mei:
580 1895 652 1948 tunc
677 1887 825 1947 amicitiae
852 1894 976 1948 nostrae
1002 1886 1160 1946 certiorem

183 1972 325 2033 fiduciam
341 1970 454 2031 habere
470 1972 658 2047 coepissem,
673 1971 753 2032 illius
770 1986 985 2046 verae,quam
1000 1985 1062 2030 non
1076 1986 1158 2046 spes¹

183 2071 244 2114 non
255 2054 353 2128 timor,
370 2072 429 2115 non
441 2056 576 2116 utilitatis
589 2071 664 2116 suae
676 2071 750 2114 cura
761 2055 897 2128 divellit,
907 2055 1002 2126 illius,
1019 2071 1087 2114 cum
1101 2070 1161 2130 qua

155 2139 328 2199 bhomines·
337 2140 514 2211 moriuntur,
534 2155 589 2213 pro
603 2155 663 2214 qua
674 2138 851 2198 moriuntur.
878 2138 991 2199 Multos
1003 2136 1057 2198 tibi
1069 2139 1159 2211 dabo,

185 2223 236 2298 qui
258 2238 319 2282 non
340 2222 454 2295 amico,
483 2223 539 2281 sed
561 2219 693 2282 amicitia
708 2230 879 2282 caruerunt.
907 2223 966 2282 hoc
981 2238 1042 2283 non
1059 2230 1161 2298 potest

183 2306 340 2378 accidere,
357 2323 425 2367 cnm
441 2304 560 2365 animos
576 2305 604 2364 in
618 2305 795 2365 societatem
807 2305 936 2366 honesta
948 2306 1092 2382 cupiendi
1106 2323 1160 2381 par

182 2392 324 2451 voluntas
346 2389 444 2450 trahit.
479 2387 584 2463 quidni
607 2405 667 2449 non
691 2390 813 2463 possiti
845 2391 946 2450 sciunt
966 2391 1048 2450 enim
1072 2391 1159 2465 ipsos

183 2474 284 2535 omnia
299 2474 413 2535 habere
428 2473 614 2544 communia,
630 2481 659 2532 et
675 2473 797 2548 quidem
809 2473 906 2548 magis
919 2475 1061 2536 adversa.
1084 2475 1159 2535 Con·

182 2560 286 2633 cipere
304 2559 403 2618 animo
426 2572 486 2616 non
503 2564 606 2631 potes,
631 2564 775 2631 quantum
796 2559 938 2619 momenti
953 2559 1074 2618 adlerre
1088 2557 1160 2619 mihi

153 2650 169 2702 4
183 2643 321 2718 singulos
334 2641 400 2701 dies
414 2641 543 2700 videam.
576 2639 693 2714 „ltlitte,
710 2640 826 2715 inquis,
844 2649 874 2701 et
888 2641 978 2702 nobis
991 2645 1064 2716 ista,
1081 2657 1160 2718 quae

182 2734 241 2786 tam
264 2726 403 2785 ellicaoia
423 2732 568 2799 expertus
592 2729 657 2784 es.“
698 2725 763 2799 Ego
782 2739 853 2784 vero
870 2727 971 2786 omnia
986 2725 1069 2800 [ista]
1086 2726 1115 2787 in
1132 2735 1160 2786 te

182 2809 272 2884 cupio
288 2808 516 2881 transfundere,
537 2816 567 2868 et
583 2809 612 2868 in
628 2808 687 2868 hoc
704 2808 816 2883 aliquid
833 2810 953 2883 gaudeo
969 2810 1106 2883 discere,
1130 2819 1160 2870 ut

182 2892 319 2953 doceam.
353 2908 409 2952 nec
428 2907 476 2951 me
496 2893 627 2953 uliares
649 2891 825 2966 delectabit,
851 2893 921 2954 licet
942 2892 982 2953 sit
1002 2893 1116 2954 eximia
1132 2901 1161 2953 et

181 2977 338 3052 salutaris,
367 2993 458 3050 quam
479 2976 550 3036 milri
574 2975 627 3037 uni
649 2977 780 3037 sciturus
797 2993 874 3037 sum.
908 2978 934 3038 si
950 2992 1017 3036 cum
1032 2978 1091 3039 hac
1108 2993 1159 3038 ex·

181 3062 322 3136 ceptione
344 3061 431 3121 detur
452 3059 617 3136 sapientia,
645 3068 677 3120 ut
698 3061 778 3120 illam
798 3060 947 3121 inclusam
962 3069 1088 3122 teneam
1104 3077 1160 3122 nec
1198 3132 1201 3137 ,

180 3146 348 3218 enuntiem,
368 3146 500 3205 reiciam.
533 3144 651 3204 Nullius
666 3143 739 3205 boni
756 3145 822 3204 sine
837 3146 923 3206 socio
939 3145 1073 3208 iucunda
1090 3163 1160 3221 pos-

151 3229 280 3291 ssessio
297 3237 352 3292 est.
385 3230 499 3291 Mittam
516 3227 619 3303 itaque
635 3229 722 3304 ipsos
737 3228 788 3288 tibi
804 3228 915 3289 libros:
937 3238 967 3290 et
981 3246 1020 3290 ne
1036 3232 1159 3294 multum

181 3328 294 3397 operae
315 3314 482 3390 inpendas,
504 3313 576 3373 dum
602 3313 716 3386 passim
733 3313 888 3387 protutura
903 3315 1048 3387 sectaris,
1072 3315 1161 3392 inpo-

179 3413 247 3460 nam
271 3407 376 3471 notas,
405 3406 438 3459 ut
458 3398 497 3457 ad
519 3397 588 3472 ipsa
608 3394 761 3470 protinus,
789 3412 868 3470 quae
888 3396 986 3473 probo
1007 3406 1037 3458 et
1056 3397 1160 3470 miror,

165 3485 311 3545 accedas.
348 3483 425 3546 Plus
447 3491 549 3543 tamen
573 3478 625 3540 tibi
647 3478 761 3542 ctrina
775 3482 1054 3544 voxetconvictus
1070 3499 1164 3560 quam
