2422 3862
98 222 162 288 480
399 228 431 283 L.
453 225 591 285 ANNAEI
611 225 776 286 SENECAE

452 376 647 428 EPISTOLA
666 377 724 431 Xll.

413 443 514 496 Sernes
532 448 616 499 Puero
631 463 754 501 eruorrrrr.

159 553 223 608 Ave
239 553 277 607 mi
294 552 379 607 Paule
394 553 550 608 carissime.
581 554 703 609 Putasne
719 570 764 609 me
778 553 855 609 haud
870 553 1033 611 contristari
1049 560 1077 610 et

95 653 156 693 non
167 638 325 692 luctuosum
337 652 411 703 esse,
425 635 501 707 quod
513 635 548 691 de
560 637 719 693 innocentia
730 642 824 692 vestra
836 636 956 693 subinde
968 639 1077 711 suppli·

94 722 174 779 cium
189 722 335 777 sumatur?
356 719 460 775 dehinc
477 719 553 791 quod
567 727 621 777 tarn
636 720 723 777 duros
738 728 851 792 tamque
865 722 1005 778 obnoxios
1021 740 1075 779 vos

100 804 189 861 reatui
203 805 293 860 omnis
307 804 429 875 populus
443 803 562 872 iudicet,
580 809 681 876 putans
696 821 713 860 a
727 804 808 859 vobis
826 803 914 873 effici,
936 805 1075 877 quidquid

98 889 129 944 in
140 889 208 944 urbe
225 887 393 942 contrarium
406 885 460 942 fit?
478 888 611 943 Feramus
627 904 717 960 aequo
734 889 827 943 animo
843 893 871 942 et
881 894 992 944 utemur
1003 891 1074 958 loro,

8 972 14 984 ’
99 971 177 1042 qu6d
192 987 255 1027 sors
272 971 424 1039 concessit,
449 972 539 1027 donec
557 972 661 1028 invicta
683 973 800 1028 felicitas
822 971 907 1026 finem
925 975 1009 1028 malis
1025 975 1075 1028 im·

99 1060 195 1128 ponat.
228 1055 301 1111 Tulit
316 1060 344 1110 et
358 1056 515 1127 priscorum
536 1061 614 1110 aetas
636 1056 820 1111 Macedonem
841 1054 963 1128 Philippi
986 1056 1074 1111 titium

96 1145 128 1195 et
143 1144 209 1211 post
222 1138 336 1194 Darium
351 1139 525 1212 Dionysium.
551 1145 646 1196 nostra
667 1155 777 1210 quoque
793 1138 892 1194 Gaium
911 1138 1073 1210 Caesarem,

102 1225 201 1295 quibus
218 1222 350 1294 quiequid
365 1223 452 1290 libuit,
469 1224 553 1279 licuit.
583 1223 745 1279 Incendium
761 1224 827 1278 urbs
843 1223 971 1278 Romana
986 1224 1073 1278 mani·

101 1308 173 1363 teste
190 1322 275 1379 saepe
291 1306 366 1361 unde
380 1307 508 1378 patiatur,
525 1313 642 1365 constat.
666 1307 718 1362 sed
735 1308 759 1362 si
774 1305 855 1362 effari
868 1305 1012 1362 humilitas
1024 1324 1073 1378 po·

101 1391 201 1447 tuisset
220 1389 356 1457 humana,
378 1390 445 1460 quid
466 1405 570 1446 causae
586 1391 635 1457 sit,
658 1396 685 1446 et
706 1392 817 1462 impune
837 1392 866 1446 in
885 1389 930 1446 his
951 1393 1071 1447 tenebris

100 1475 177 1546 loqui
192 1474 296 1539 liceret,
312 1474 366 1529 iem
381 1489 479 1529 omnes
494 1474 588 1530 omnia
603 1474 738 1531 viderent.
767 1473 915 1530 Christiani
934 1480 962 1530 et
975 1474 1071 1530 Iudaei

102 1559 182 1631 quasi
196 1559 402 1615 machinatores
414 1557 537 1615 incendii
549 1556 643 1614 affecti
656 1558 793 1629 supplicio
806 1560 849 1613 uri
865 1559 964 1614 solent.
990 1559 1073 1614 Gras

101 1649 179 1699 sator
191 1644 254 1711 iste,
272 1643 398 1715 quisquis
414 1648 465 1710 est,
481 1644 525 1698 cui
540 1643 670 1715 voluptas
686 1641 848 1698 carnificina
862 1648 904 1698 est
918 1648 945 1698 et
956 1643 1072 1699 menda·
1091 1709 1094 1713 ,

101 1727 175 1782 cium
196 1726 399 1795 velamentum,
424 1727 544 1798 tempori
566 1745 617 1782 suo
640 1726 793 1783 destinatus
813 1733 864 1782 est.
896 1732 925 1782 ut
949 1729 1071 1799 optimus

100 1812 219 1882 quisque
235 1826 320 1866 unum
334 1826 386 1881 pro
402 1810 494 1866 multis
509 1808 643 1866 donatum
658 1817 701 1866 est
712 1815 809 1881 ceput,
828 1811 865 1866 ita
881 1815 908 1864 et
921 1810 967 1866 hic
983 1811 1072 1866 devo·

99 1899 143 1951 tus
160 1911 211 1967 pro
227 1894 356 1950 omnibus
378 1894 435 1966 igni
452 1895 628 1952 cremabitur.
668 1895 782 1952 Centum
804 1895 916 1966 triginta
931 1894 1007 1951 duae
1023 1894 1072 1950 do·

98 1995 170 2048 mus,
184 1978 294 2034 insulae
306 1983 424 2050 quatuor
438 1974 495 2054 [in]
510 1994 561 2034 sex
573 1977 671 2034 diebus
685 1994 789 2048 arsere,
803 1980 940 2050 septimus
951 1994 1072 2050 pausam

99 2061 185 2120 dedit.
212 2062 289 2117 Bene
309 2067 335 2117 te
359 2064 454 2117 valere
475 2064 560 2117 trater
582 2070 657 2134 opto.
691 2062 760 2119 Data
784 2063 879 2135 quinto
902 2060 958 2120 Cal.
981 2063 1072 2135 April.

96 2144 183 2216 Frugi
197 2150 224 2200 et
238 2145 328 2202 Besso
344 2146 514 2203 consulibus.

444 2275 636 2326 EPISTOLA
654 2275 723 2326 Xlll.

409 2343 510 2397 Seneca
529 2345 612 2396 Puero
631 2359 753 2398 saturare.

151 2429 229 2509 [Ave
240 2432 278 2488 mi
288 2431 373 2488 Paule'
385 2431 554 2511 carissime]
577 2432 737 2505 Allegorice
749 2439 777 2488 et
788 2433 975 2504 aenigmatice
988 2434 1070 2488 multa

98 2521 154 2573 ate
168 2533 369 2589 usquequaque
386 2535 473 2590 opera
490 2516 692 2575 concluduntur
708 2524 735 2572 et
750 2517 814 2573 ideo
830 2533 923 2573 rerum
939 2523 1016 2573 tante
1028 2518 1069 2571 vis

97 2605 125 2656 et
144 2602 268 2657 muneris
290 2601 338 2657 tibi
357 2602 456 2658 tribute
479 2619 534 2657 non
556 2607 718 2658 ornamento
742 2604 893 2657 verborum
920 2601 973 2656 sed
998 2602 1069 2656 cultu

98 2683 220 2756 quodam
237 2684 398 2742 decoranda
411 2691 462 2742 est.
487 2685 545 2742 Nec
556 2701 685 2755 vereare,
699 2685 774 2756 quod
786 2685 901 2756 saepius
919 2692 945 2740 te
964 2685 1069 2740 dixisse

98 2769 215 2836 retineo,
230 2770 341 2840 multos,
359 2770 405 2841 qui
421 2770 488 2826 talia
505 2768 644 2838 affectent,
661 2786 761 2825 sensus
776 2785 968 2839 corrumpere,
985 2770 1069 2826 virtu·

97 2856 139 2906 tes
162 2866 253 2907 rerum
276 2855 394 2910 evirare.
434 2854 560 2912 Ceterum
582 2853 649 2908 mihi
671 2853 811 2909 concedas
835 2853 920 2908 velim
942 2851 1069 2908 latinitati

95 2949 204 2990 morem
222 2952 339 3008 gerere,
352 2936 477 2994 honestis
495 2939 614 2996 vocibus
631 2938 754 3008 speeiem
774 2935 924 3004 adhibere,
940 2944 971 2993 ut
986 2953 1069 3010 gene-

98 3017 156 3072 rosi
167 3021 290 3076 muneris
305 3023 452 3079 concessio
464 3020 549 3094 digne
564 3039 582 3078 a
598 3028 623 3077 te
636 3023 726 3094 possit
741 3021 878 3094 expediri.
906 3020 986 3076 Bene
997 3023 1069 3080 vale.

95 3099 167 3157 Data
182 3103 217 3157 V.
235 3103 307 3162 Non.
320 3103 370 3162 lul.
386 3107 480 3163 Leone
498 3112 525 3162 et
540 3104 643 3166 Sabino
658 3106 830 3163 consulibus.

439 3235 637 3288 EPISTOLA
655 3237 723 3287 xlv.

397 3304 493 3357 Peneos
507 3305 624 3358 Srrrrrcnrr
639 3321 761 3358 securare.

157 3392 342 3466 Perpendenti
362 3394 408 3450 tibi
432 3411 466 3450 ea
488 3400 552 3451 sunt
566 3398 703 3464 revelata,
726 3411 798 3468 quae
813 3395 915 3468 paucis
932 3396 1066 3456 divinitas

88 3478 241 3536 concessit
267 3476 363 3535 Certus
378 3479 461 3551 igitur
475 3496 529 3552 ego
541 3481 570 3535 in
581 3497 650 3552 agro
666 3480 721 3536 iam
736 3481 818 3536 tertili
836 3497 936 3537 semen
949 3483 1066 3540 tortissi-
