2422 3862
309 230 480 293 EPISTUL.
496 229 589 291 MOR.
612 231 684 290 LlB.
699 231 721 288 l.
731 230 733 264 ³
743 230 799 290 ΕΡ.
815 238 841 293 ³.
854 242 880 293 4.
1062 230 1082 295 7

107 385 263 445 intantum:
298 385 341 443 illi
366 385 458 456 levia,
489 384 520 444 hi
546 385 624 445 lalsa
649 385 825 456 formidant,
857 399 914 443 nos
941 391 1079 460 utruque.

105 466 1111 544 ProlIcemodo:intellegesquaedamideominuso

104 551 284 626 timenda,
307 552 401 628 quia
421 554 575 613 multum
596 560 718 612 metus
740 552 930 612 adierunt.
960 552 1079 613 Nullum

104 653 257 712 magnum,
275 637 360 711 quod
375 645 542 697 extremum
558 645 614 696 εει.
636 637 720 697 Mors
737 637 776 696 ad
789 645 818 697 te
832 637 928 696 veuit:
947 637 1080 697 timenda

103 729 181 794 erat,
197 721 225 781 si
241 728 343 782 tecum
357 736 427 781 esse
446 728 562 796 posset.
595 736 726 782 necesse
742 729 789 781 est
804 730 855 781 aut
869 737 907 781 ne
924 719 1081 795 perveniat

104 812 150 865 aut
164 811 313 866 transeat.
336 805 487 879 „Difficile
501 812 561 879 est,
576 805 695 880 inquis,
712 806 843 865 animum
858 805 1026 880 perducere
1041 805 1111 872 ado

103 890 359 966 contemptionem
381 889 529 950 animae.“
561 890 628 950 Non
652 890 755 962 vides,
783 906 873 964 quom
900 906 940 949 ex
962 890 1078 951 frivolis

103 973 202 1034 oarrsis
219 980 452 1034 contemnatur?
477 974 555 1035 alius
577 982 647 1035 ante
669 973 784 1033 amicae
799 975 882 1035 iores
897 974 1008 1048 laqueo
1026 991 1078 1050 pe-

102 1057 220 1132 pendit,
240 1058 319 1118 alius
343 1073 378 1118 se
400 1058 611 1133 praecipitavit
631 1074 649 1117 ε
669 1065 765 1131 tecto,
786 1074 825 1117 ne
847 1058 1001 1119 dominum
1017 1068 1080 1120 sto·

99 1142 293 1202 machantem
308 1142 421 1202 diutius
437 1142 568 1215 audiret,
590 1143 668 1204 alius
687 1158 725 1202 ne
740 1141 939 1204 reduceretur
959 1159 977 1202 e
998 1144 1079 1218 luga,

100 1227 213 1286 terrum
238 1226 341 1301 adegit
366 1225 548 1286 inviscera:
577 1242 638 1286 non
661 1235 751 1302 putas
768 1226 906 1287 virtutem
928 1227 987 1289 hoo
1005 1228 1078 1288 elie-

99 1316 232 1384 oturam,
257 1310 341 1386 quod
362 1311 454 1371 elficit
472 1311 563 1370 nimia
577 1310 729 1372 lormidot
755 1310 832 1370 Nulli
849 1318 952 1386 potest
969 1326 1078 1372 secura

99 1396 159 1455 rita
175 1395 368 1469 contingere,
385 1395 490 1470 quide
506 1395 704 1471 producenda
719 1393 808 1454 nimis
821 1395 947 1469 cogitat,
968 1397 1018 1470 qui
1033 1395 1078 1455 iu-

98 1486 144 1538 ter
158 1494 273 1554 magna
286 1478 367 1538 bona
383 1479 494 1539 multos
506 1482 650 1540 consules
664 1485 811 1539 numerat.
837 1479 915 1540 Hoc
931 1479 1077 1540 cotidie
1092 1484 1109 1537 5

56 1607 61 1617 .
99 1563 308 1636 meditare,
333 1570 373 1624 ut
394 1562 808 1638 possisacquoanimo
826 1564 1077 1641 vitamrelin-

99 1662 234 1722 quere,
264 1663 355 1723 quam
379 1648 461 1708 multi
485 1649 530 1708 sie
552 1649 783 1723 conplectuntur
804 1654 834 1706 et
853 1653 970 1719 tenent,
1002 1665 1078 1722 quo·

100 1731 192 1791 modo
221 1732 380 1806 quicqua
406 1738 537 1792 torrente
562 1733 737 1807 rapiuntur,
771 1731 876 1805 spinas
902 1739 932 1790 et
957 1745 1077 1804 aspera.

101 1815 240 1890 Plerique
255 1816 332 1875 iuter
347 1817 450 1877 mortis
466 1824 576 1876 motum
593 1824 622 1875 et
643 1817 722 1876 vitae
737 1823 886 1874 tormenta
903 1815 1005 1874 miseri
1021 1814 1077 1875 llu-

99 1906 218 1960 ctuant=
241 1907 272 1960 et
287 1900 389 1960 vivere
405 1900 511 1963 uolunt
525 1908 555 1960 ει
570 1901 647 1959 mori
663 1900 811 1960 nesciunt.
832 1899 894 1958 Fac
909 1899 1010 1974 itaque
1024 1899 1076 1959 tibi
1094 1899 1110 1954 6
1139 1894 1143 1901 '

100 1983 265 2044 iucundam
286 1984 393 2056 vitam,
420 2000 539 2045 omnem
563 1998 618 2058 pro
644 1984 694 2042 illa
720 1982 955 2043 solticitudinem
980 1983 1075 2058 depo-

100 2068 211 2131 nendo.
240 2068 354 2128 nullum
375 2066 489 2131 bonum
510 2068 635 2128 adiuvat
658 2067 833 2139 habentem,
856 2065 914 2126 nisi
930 2067 970 2127 ad
989 2068 1075 2132 culus

99 2151 298 2212 amissionem
326 2159 524 2228 praeparatus
550 2159 597 2212 εει
617 2151 744 2212 animus.
779 2152 889 2214 nullius
912 2159 1010 2213 auteur
1032 2154 1075 2211 rei

99 2234 217 2296 facilior
237 2236 362 2297 amissio
384 2245 445 2311 est,
471 2253 561 2312 quam
588 2252 667 2311 quae
692 2236 859 2296 desiderari
879 2237 993 2295 amissa
1014 2253 1074 2296 non

99 2328 210 2394 potest.
234 2336 307 2396 ergo
323 2321 474 2381 adversus
490 2322 582 2392 haec,
600 2337 679 2396 quae
695 2319 828 2380 incidere
844 2329 974 2395 possunt
985 2321 1075 2379 etiam

99 2405 336 2479 potentissimis,
352 2405 515 2466 adhortare
532 2413 559 2465 te
578 2412 607 2466 et
620 2404 737 2465 indura.
764 2406 808 2464 Do
822 2405 957 2479 Pompeii
977 2405 1077 2478 capite
1092 2390 1134 2483 tl

98 2488 234 2563 pupillus
255 2495 285 2548 ει
305 2489 405 2564 spado
421 2490 517 2551 tulere
540 2487 735 2563 sententiam,
757 2488 796 2548 de
811 2489 922 2548 Crasso
944 2488 1075 2548 crudelis

96 2581 127 2633 et
141 2572 282 2633 insolens
296 2572 435 2635 Parthus.
463 2574 552 2634 Caius
569 2574 681 2634 Caesar
695 2572 783 2633 iussit
799 2573 944 2648 Lepidum
961 2573 1073 2632 Dextro

97 2656 219 2717 tribuno
239 2658 388 2732 praebere
404 2659 567 2729 cervicem,
584 2658 651 2733 ipse
667 2657 820 2717 Chaereae
835 2655 999 2732 praestitit:
1023 2673 1074 2716 ne·

96 2741 208 2801 minem
226 2757 263 2802 eo
286 2743 407 2802 fortuna
422 2741 578 2817 provexit,
596 2749 627 2802 ut
642 2758 702 2802 non
717 2741 887 2802 tantumilli
904 2738 1073 2812 minaretur,

97 2832 246 2900 quantum
273 2825 462 2900 permiserat.
493 2825 560 2885 Noli
584 2826 654 2887 huic
674 2825 881 2900 tranquillitati
902 2825 1074 2886 confidere:

96 2917 253 2971 momento
267 2924 352 2969 mare
367 2911 519 2969 evertitur.
549 2910 659 2970 eodem
674 2910 723 2969 die
739 2909 813 2983 [ubi]
831 2912 969 2971 luserunt
991 2909 1075 2970 navi-

95 2993 159 3068 gia,
182 2992 357 3054 sorbentur.
394 2994 499 3068 Cogita
523 3010 617 3069 posse
632 3001 662 3053 ct
677 2996 824 3054 latronem
840 3001 870 3053 el
887 2994 1007 3054 hostem
1023 2994 1107 3064 adg

95 3093 220 3138 movere
232 3074 336 3151 iugulo
349 3083 400 3137 tuo
412 3078 555 3152 gladium.
578 3087 610 3139 ut
624 3085 761 3152 potestas
777 3078 873 3138 maior
884 3077 973 3150 absit,
986 3093 1074 3138 uento

95 3177 154 3222 non
171 3177 285 3223 servus
298 3160 391 3221 habet
404 3160 434 3220 in
450 3170 479 3222 te
491 3163 569 3223 vilae
585 3164 733 3238 necisque
745 3162 908 3222 arbitrium.
931 3163 974 3222 lta
989 3160 1073 3222 dico:

95 3247 236 3324 quisquis
252 3245 345 3304 vitam
361 3262 447 3306 suam
462 3248 658 3322 contempsit,
683 3255 751 3307 luae
767 3246 909 3306 dominus
924 3254 979 3306 est.
1015 3245 1074 3305 Re·

94 3345 251 3406 cognosce
274 3330 446 3404 exemplum
467 3346 588 3404 eorum,
610 3329 662 3406 qui
677 3331 854 3391 domesticis
868 3328 988 3390 insidiis
1006 3345 1073 3404 per-

94 3416 205 3489 ierunt,
229 3420 284 3474 aut
305 3422 410 3487 aperta
425 3415 454 3473 vi
476 3424 527 3477 aut
543 3414 631 3489 dolo,
653 3423 683 3475 ct
698 3414 856 3491 intelleges
872 3430 936 3474 non
950 3414 1077 3488 paucio-

92 3513 141 3561 res
152 3498 371 3572 servorumira
382 3498 531 3560 cecidisse
545 3517 639 3579 quam
652 3518 775 3582 regum.
791 3499 872 3582 quid
879 3499 926 3561 ad
932 3506 967 3560 ιε
975 3496 1107 3571 ltaque,
