2422 3862
258 223 429 284 EPISTUL.
444 221 538 282 molt.
560 221 632 281 LIB.
644 221 708 282 XII.
729 221 786 280 ΕΡ.
801 233 825 284 1.
847 229 919 298 (83.)
1015 223 1076 288 221

96 394 229 454 gravem,
246 375 444 448 moderatum,
459 372 516 432 sed
528 387 661 431 mersum
673 379 702 431 et
716 371 787 432 vino
802 373 982 450 madentem,
998 376 1077 437 adeo

96 469 129 523 ut
146 478 184 521 ex
199 467 309 521 senatu
322 457 503 533 aliquando,
520 456 549 514 in
566 471 657 531 quem
673 471 690 514 e
707 454 849 517 convivio
866 466 1005 531 venerat,
1024 459 1077 521 ob-

96 561 225 622 pressus
249 539 434 603 inexcitabili
453 557 563 601 somno
583 540 746 602 tolleretur.
777 540 848 601 huic
870 548 969 602 tamen
983 546 1078 606 multa

94 629 233 689 Tiberius
256 643 349 687 manu
366 641 424 685 sua
446 623 583 699 scripsit,
611 639 689 699 quae
706 624 923 686 committenda
935 641 974 686 ne
990 627 1077 687 mini-

96 714 168 774 stris
190 712 314 787 quidem
334 710 399 770 suis
424 709 586 769 iudicabat.
610 710 724 768 nullum
746 708 843 769 Cosso
858 716 910 769 aut
925 710 1077 786 privatum

97 804 249 868 secretum
271 801 324 855 aut
343 793 497 869 publicum
519 795 658 867 elapsum
673 799 729 852 est.
759 793 866 868 ltaque
881 793 1118 875 declamatio-16

96 896 152 940 nes
166 879 243 940 istas
259 878 414 939 demedio
431 891 659 937 removeamus:
682 877 769 951 „Non
783 885 831 937 est
847 878 966 939 animus
977 879 1006 938 in
1020 895 1078 939 sua

95 970 249 1040 potestate
273 960 418 1022 ebrietate
441 961 610 1022 devinctus.
631 961 888 1035 quemadmodum
908 970 1008 1023 musto
1023 964 1077 1023 do-

96 1049 136 1108 lia
150 1049 219 1124 ipsa
233 1052 415 1122 rumpuntur
429 1052 459 1104 et
474 1061 579 1116 omne,
607 1044 691 1119 quod
705 1045 736 1104 in
751 1044 811 1106 imo
828 1044 922 1122 iacet,
946 1047 977 1106 in
996 1063 1077 1107 sum-

95 1148 175 1192 mam
197 1139 314 1206 partem
336 1130 382 1189 vis
409 1128 520 1188 caloris
547 1129 670 1188 eiectat=
700 1129 745 1188 sic
772 1129 844 1189 vino
870 1137 1077 1206 exaestuante,

96 1215 245 1290 quicquid
259 1212 289 1273 in
306 1214 366 1274 imo
384 1213 464 1273 iacet
483 1211 633 1285 abditum,
657 1211 781 1274 effertur
797 1220 826 1274 ct
847 1215 994 1288 proditio
1014 1231 1076 1275 me-

96 1300 190 1360 dium.
211 1297 328 1358 onerati
351 1312 435 1357 mero
452 1296 709 1372 quemadmodum
723 1314 785 1358 non
807 1298 963 1359 continent
977 1298 1077 1360 cibum

96 1383 169 1443 vino
191 1382 397 1456 redundante,
422 1381 463 1440 ita
484 1397 523 1441 ne
547 1387 701 1441 secretum·
721 1380 852 1455 quidem.
882 1383 966 1457 quod
987 1399 1077 1443 suum

95 1466 293 1542 alienumque
305 1473 360 1537 est,
378 1464 491 1540 pariter
505 1463 695 1525 effundunt.“
718 1464 780 1525 Sed
797 1467 937 1541 quamvis
951 1466 1011 1526 hoc
1026 1473 1118 1528 so-ll

95 1552 157 1610 leat
171 1548 327 1623 accidere,
342 1549 383 1608 ita
398 1556 429 1609 et
442 1548 516 1609 illud
532 1550 624 1623 solet,
640 1556 673 1608 ut
690 1564 758 1609 cum
773 1549 830 1622 his,
847 1564 927 1624 quos
942 1549 1077 1610 sciamus

95 1632 239 1694 libentius
258 1634 378 1705 bibere,
406 1633 558 1693 derebus
580 1632 764 1692 necessariis
786 1631 999 1694 deliberemus.
1023 1633 1075 1692 ial-

95 1734 164 1777 sum
179 1733 253 1792 ergo
266 1723 313 1777 est
327 1717 404 1788 hoc,
433 1717 516 1792 quod
537 1716 697 1793 patrocinii
717 1717 787 1777 loco
809 1716 947 1791 ponitur,
975 1716 1003 1777 ei
1024 1716 1076 1792 qui

95 1804 196 1863 soleat
216 1801 319 1862 ebrius
340 1801 422 1875 lieri,
449 1818 510 1860 non
533 1799 598 1860 dari
618 1801 756 1861 tacitum:
780 1808 893 1875 quanto
916 1802 1012 1862 satius
1029 1808 1078 1860 cst

95 1892 201 1961 aperte
217 1901 365 1945 accusare
381 1884 555 1946 ebrietatem
571 1891 601 1944 et
620 1885 694 1944 vitia
708 1882 774 1945 eius
793 1891 974 1959 exponeret
997 1899 1077 1959 quae

95 1969 187 2029 etiam
204 1968 370 2030 tolerabilis
385 1969 478 2029 homo
492 1967 647 2043 vitaverit,
672 1969 785 2028 nedum
807 1969 960 2043 perlectus
976 1983 1012 2028 ao
1027 1984 1076 2028 sa·

94 2054 194 2128 piene,
213 2053 261 2113 cui
274 2054 349 2113 satis
360 2062 408 2114 est
419 2052 498 2113 sitim
510 2052 714 2128 exstinguere,
732 2051 794 2128 qui,
810 2051 899 2113 etiam
913 2051 1076 2128 siquando

94 2137 215 2198 hortata
230 2145 278 2197 est
292 2137 427 2198 hilaritas
442 2139 542 2198 aliena
555 2153 649 2198 causa
664 2137 814 2212 producta
829 2137 961 2212 longius,
977 2145 1076 2197 tamen

95 2221 172 2281 citra
190 2221 365 2282 ebrietatem
378 2222 502 2284 resistit.
541 2222 615 2283 Nam
631 2221 678 2281 de
692 2222 743 2282 illo
759 2220 947 2295 videbimuS,
972 2237 1010 2281 an
1027 2236 1075 2281 sa·
1086 2225 1120 2280 18

96 2303 208 2378 pientis
228 2305 348 2364 animus
364 2305 456 2367 nimio
472 2306 543 2366 vino
558 2306 696 2367 turbetur
710 2313 740 2367 et
759 2305 850 2365 iaciat
865 2305 958 2366 ebriis
971 2306 1076 2366 solitae

94 2388 231 2461 interim,
257 2389 290 2448 si
310 2388 383 2449 hoc
404 2388 686 2464 colligerevis,
712 2389 1076 2450 virumbonumnon

95 2471 239 2530 debere
254 2473 399 2533 ebrium
416 2473 523 2549 lieri,
542 2472 874 2551 cursyllogismis
889 2471 995 2547 agis?
1017 2471 1075 2544 dic,

96 2569 189 2628 quam
206 2560 292 2629 turpe
310 2557 349 2617 sit
369 2557 439 2631 plus
462 2557 519 2616 sibi
534 2557 674 2632 ingerere
691 2573 782 2632 quam
796 2555 898 2631 capiat
917 2562 948 2615 et
962 2561 1075 2615 stoma-

94 2637 144 2698 chi
161 2635 211 2698 sui
225 2654 285 2698 non
306 2656 402 2701 nosse
423 2656 613 2714 mensuram,
639 2656 730 2715 quam
750 2639 844 2699 multa
865 2638 940 2698 ebrii
956 2639 1076 2714 iaciant,

95 2722 208 2798 quibus
220 2723 313 2783 sobrii
327 2725 518 2798 erubescant,
534 2724 606 2783 nihil
619 2724 700 2784 aliud
714 2739 787 2785 esse
798 2723 974 2783 ebrietatem
985 2738 1075 2798 quam

93 2807 297 2867 voluntariam
319 2808 479 2868 insaniam.
501 2808 632 2869 extende
653 2806 683 2867 in
699 2808 803 2882 plures
820 2806 887 2867 dies
902 2807 985 2867 illum
1000 2806 1076 2867 ebrii

93 2887 244 2950 habitum:
277 2891 424 2967 numquid
445 2893 486 2957 de,
504 2894 607 2954 lurore
634 2891 808 2953 dubitabis?
843 2907 924 2952 nunc
951 2905 1076 2967 quoque

94 2981 220 3033 nonest
237 2975 350 3049 minor,
374 2975 431 3036 sed
445 2977 577 3037 brevior.
604 2977 698 3037 Reler
711 2976 881 3037 Alexandri
896 2974 1076 3035 Macedonis
1083 2975 1116 3031 19
1164 3032 1166 3039 ,

93 3059 282 3132 exemplum,
307 3059 359 3134 qui
377 3059 497 3133 Clitum,
521 3058 712 3120 carissimum
727 3060 786 3119 sibi
800 3076 837 3120 ac
851 3057 1075 3134 fidelissimum,

93 3138 171 3200 inter
186 3143 295 3216 epulas
310 3143 475 3204 transfodit
489 3151 520 3204 et
537 3144 692 3204 intellecto
713 3144 851 3204 facinore
871 3143 947 3204 mori
962 3142 1074 3204 voluitv

92 3231 176 3284 certe
190 3226 302 3287 decuit.
336 3225 432 3287 Omne
446 3226 550 3289 vitium
566 3228 698 3289 ebrietas
714 3234 744 3288 et
758 3227 893 3288 incendit
907 3233 937 3287 et
951 3226 1074 3300 detegit,

93 3307 265 3368 obstantem
281 3311 368 3370 malis
389 3311 549 3372 conatibus
563 3310 781 3372 verecundiam
799 3317 947 3372 removet.
969 3311 1073 3385 plures

92 3391 172 3449 enim
195 3393 314 3466 pudore
338 3395 488 3470 peccandi
513 3411 605 3470 quam
631 3395 714 3456 bona
738 3396 895 3457 voluntate
913 3391 1087 3467 prohibitus

92 3472 256 3536 abstinent.
287 3477 345 3539 Ubi
359 3479 501 3556 possedit
516 3479 656 3544 animum
673 3480 775 3544 nimia
786 3478 842 3541 vis
852 3477 937 3547 vim,
949 3465 1157 3548 autentim
