2422 3862
149 243 213 310 ars
425 221 460 303 L.
481 243 630 304 Annam
650 242 826 304 sunnam

151 399 235 475 quod
257 413 315 458 nos
335 395 497 471 prohibeat
518 395 585 456 eius
607 396 773 470 adspectu,
798 395 828 453 in
846 404 1016 471 operaest,
1041 413 1134 458 eursu

150 499 209 544 suo
230 484 334 542 fertur.
367 479 511 556 quotiens
532 478 611 539 inter
631 480 735 539 nubila
757 480 848 554 luxit,
870 496 931 539 non
952 486 1001 541 est
1021 496 1133 542 sereno

150 567 262 639 minor,
296 580 335 623 ne
357 564 474 624 tardior
497 563 633 638 quidem,
668 563 811 639 quoniam
845 565 971 623 multum
997 565 1133 640 interest,

108 659 251 721 neutrum
272 648 387 724 aliquid
409 648 509 708 obstet
523 655 653 719 tantum,
674 662 714 706 an
728 647 873 722 inpediat
906 648 1024 708 Eodem
1040 650 1133 710 modo

151 736 250 795 virtuli
264 731 409 807 obposita
429 731 502 789 nihil
524 730 700 790 detrahunt:
728 748 790 792 non
810 739 858 791 est
872 733 985 805 minor,
1008 733 1064 792 sed
1080 734 1134 792 mi·

150 835 207 878 nus
229 817 332 891 fulget.
372 813 462 874 nobis
483 815 610 874 forsitan
633 830 694 875 non
715 831 815 890 aeque
835 817 964 890 adparet
987 832 1025 876 ae
1046 819 1133 877 nitetz

150 903 208 962 sibi
223 901 330 960 eadem
346 907 393 958 est
407 907 437 958 et
451 915 537 959 more
552 899 628 959 solis
644 899 767 960 obscuri
786 898 817 958 in
838 901 957 961 occulto
969 900 1031 960 vim
1048 917 1134 961 suam

149 991 282 1044 exercet.
310 983 377 1042 Hoc
393 983 498 1057 itaque
512 983 664 1043 adversus
679 983 818 1043 virtutem
835 993 967 1059 possunt
983 985 1134 1045 calamita-

150 1078 195 1129 tes
211 1074 241 1126 et
255 1067 367 1126 damna
381 1075 411 1127 et
426 1067 569 1141 iniuriae,
586 1067 669 1141 quod
684 1067 835 1127 adversus
852 1070 949 1129 solem
964 1077 1068 1144 potest
1082 1085 1133 1128 ne·

107 1173 141 1230 19
151 1152 232 1213 bula.
268 1152 437 1224 Invenitur,
459 1151 511 1226 qui
526 1151 608 1210 dieat
619 1151 787 1226 sapientem
800 1167 932 1227 corpore
943 1169 1049 1227 pamm
1061 1167 1133 1228 pro·
1150 1151 1157 1163 '

151 1252 245 1310 spero
266 1251 356 1295 usum
377 1251 434 1295 nee
454 1236 598 1295 miserum
618 1251 691 1295 esse
706 1251 763 1308 neo
778 1235 916 1296 beatum:
944 1237 994 1296 hie
1008 1251 1132 1312 quoque

149 1321 270 1381 fallitur.
301 1326 454 1395 exaequat
471 1319 551 1378 enim
574 1319 696 1380 fortuita
717 1319 877 1380 virtutibus
898 1328 929 1381 et
947 1320 1133 1380 tantumdem

148 1404 252 1464 tribuit
272 1403 411 1464 honestis
430 1409 576 1477 qnantum
594 1403 756 1464 honestate
777 1405 960 1465 carentibus.
992 1405 1067 1481 quid
1081 1421 1133 1463 au-

148 1496 208 1548 lem
229 1488 365 1561 foedius,
390 1487 465 1562 quid
487 1487 642 1562 indignius
664 1503 755 1562 quam
776 1489 938 1564 conparari
958 1488 1134 1548 veneranda

149 1572 354 1647 contemptis?
382 1571 560 1631 veneranda
575 1570 654 1630 enim
668 1579 742 1631 sunt
754 1572 883 1644 iustitia,
907 1572 1021 1645 pietaS,
1043 1571 1132 1643 fides,

148 1657 307 1728 fortitudo,
332 1657 509 1737 prudentia=
537 1656 722 1715 econtrario
744 1655 816 1716 vilia
830 1662 914 1727 sunt,
938 1671 1018 1728 quae
1037 1669 1133 1729 saepe

149 1742 327 1814 contingunt
342 1740 481 1814 pleniora
494 1738 662 1810 vilissimis,
680 1755 751 1800 erus
765 1740 897 1800 solidum
912 1745 941 1798 et
954 1740 1088 1798 lacertus
1105 1746 1132 1798 et

105 1832 141 1885 ιο
152 1824 259 1884 dentes
279 1831 309 1883 et
331 1824 441 1884 horum
461 1824 577 1883 sanitas
597 1823 796 1898 firmitasque.
824 1822 941 1884 Deinde
955 1823 982 1882 si
996 1823 1133 1897 sapiens,

149 1909 198 1968 eui
220 1924 334 1984 eorpus
357 1911 518 1969 molestum
540 1915 600 1981 est,
623 1923 680 1967 neo
700 1907 794 1968 miser
812 1906 974 1967 habebitur
989 1922 1046 1966 nec
1062 1907 1133 1966 bea·

147 1998 212 2064 tue,
236 1994 294 2052 sed
308 1996 339 2053 ia
355 1994 456 2053 medio
470 1992 674 2066 relinquetur,
696 1993 758 2053 vita
780 2007 905 2066 quoque
924 1992 991 2050 eius
1007 2007 1065 2050 nec
1081 1991 1133 2049 ad-

148 2076 282 2149 petenda
308 2078 364 2135 erit
389 2092 446 2135 nee
472 2077 630 2150 fugienda:
660 2077 734 2151 quid
755 2084 855 2136 aulem
880 2083 941 2134 tam
967 2075 1132 2135 absurdum

151 2174 242 2232 quarn
264 2159 415 2232 sapientis
437 2161 529 2219 vitam
551 2160 756 2235 adpetendam
776 2176 838 2221 non
860 2166 953 2227 esset
987 2168 1039 2220 aut
1061 2158 1134 2234 quid

149 2248 209 2300 tam
221 2249 309 2301 extra
323 2242 414 2302 fidem
428 2259 519 2319 quam
528 2258 599 2304 esse
611 2245 744 2319 aliquam
754 2244 847 2303 vitam
859 2259 917 2303 neo
929 2244 1133 2318 adpetendam

148 2340 206 2384 nee
221 2326 419 2400 fugiendam?
449 2327 567 2386 Deinde
588 2328 614 2387 si
630 2328 741 2387 damna
756 2328 895 2402 eorporis
910 2327 1057 2388 miserum
1072 2342 1132 2386 non

148 2409 276 2484 iaciunt,
291 2411 413 2471 beatum
428 2427 500 2470 esse
515 2411 679 2485 patiuntur.
709 2428 778 2471 narn
795 2411 905 2486 quibus
922 2413 1059 2486 potentia
1074 2426 1132 2470 non

149 2501 197 2553 est
211 2496 239 2554 in
257 2495 394 2569 peiorem
415 2496 620 2556 transferendi
636 2502 761 2566 statum,
784 2510 822 2554 ne
837 2495 1051 2570 interpellandi
1068 2495 1132 2569 qui-

104 2591 138 2644 ιι
150 2578 219 2639 dem
235 2579 392 2654 optimum.
420 2580 610 2654 „Frigidum
631 2578 740 2653 inquit,
756 2577 872 2654 aliquid
888 2586 919 2638 et
933 2579 1065 2639 calidum
1081 2595 1133 2637 no-

149 2662 258 2724 vimus.
291 2666 369 2724 inter
393 2672 557 2741 utrumque
577 2663 713 2739 tepidum
733 2670 795 2722 est:
825 2662 870 2721 sie
892 2661 1002 2737 aliquis
1025 2663 1133 2722 beatus

148 2754 210 2818 est,
233 2748 344 2822 aliquis
367 2749 473 2821 miser,
497 2748 607 2823 aliquis
629 2762 687 2806 nee
707 2747 815 2806 beatus
830 2761 887 2804 neo
902 2747 1026 2806 miser.“
1053 2746 1133 2807 Volo

37 2865 48 2885 -.
147 2830 227 2888 bane
244 2839 351 2890 eontra
365 2846 423 2889 nos
438 2832 571 2904 positam
586 2831 746 2904 imaginem
762 2837 920 2891 extulere:
936 2831 961 2889 si
975 2830 1080 2904 tepido
1093 2830 1134 2888 illi

147 2915 219 2988 plus
235 2912 335 2986 frigidi
350 2911 527 2988 ingessere,
550 2916 604 2974 fiet
617 2915 767 2989 frigidum.
797 2915 823 2974 si
845 2916 915 2988 plus
934 2914 1024 2973 calidi
1047 2914 1133 2972 adlu-

148 2998 239 3068 dero,
269 2996 324 3055 fiet
347 2997 514 3057 novissime
540 2998 680 3058 calidum.
718 3005 749 3056 at
772 2997 843 3057 hnic
861 3013 918 3056 neu
939 2997 1052 3056 misero
1076 3012 1133 3055 ner

146 3081 237 3140 beato
259 3086 540 3157 quantumcumque
560 3081 600 3142 ad
620 3081 760 3141 miserias
781 3081 940 3152 adiecero,
962 3081 1056 3139 miser
1072 3096 1132 3138 non

147 3164 210 3235 erit,
227 3164 482 3237 quemadmodum
500 3164 615 3226 dicitis:
631 3181 704 3240 ergo
717 3165 817 3238 imago
832 3166 891 3225 ista
906 3163 1064 3223 dissimilis
1077 3170 1132 3222 est.

105 3256 141 3308 ιι
150 3248 267 3308 Deinde
281 3250 368 3308 trado
384 3250 437 3308 tibi
451 3247 604 3309 hominem
619 3264 677 3308 nee
687 3248 829 3308 miserum
842 3264 899 3308 neu
912 3247 1044 3308 beatum.
1063 3246 1133 3305 huie

147 3331 247 3392 adicio
263 3332 456 3392 eaecitatem=
480 3349 542 3392 non
560 3333 594 3392 lit
607 3332 709 3392 miser.
738 3331 839 3392 adicio
855 3330 1055 3391 debilitatem:
1071 3347 1131 3389 non

146 3417 180 3477 lit
194 3416 299 3477 miser.
334 3417 433 3476 adicio
449 3417 574 3481 dolores
592 3416 754 3477 continuos
769 3424 939 3489 etgraves:
963 3415 1056 3474 miser
1070 3429 1132 3472 non

145 3501 186 3562 tit.
222 3517 313 3577 quem
337 3508 397 3560 tam
418 3500 511 3559 multa
532 3500 660 3560 malain
682 3500 823 3560 miseram
843 3500 935 3558 vitam
957 3514 1018 3557 non
1033 3506 1131 3557 trans-
