2422 3862
254 220 424 283 EPISTUL.
438 218 532 280 molt.
554 219 688 280 Ltssxl.
709 220 805 281 ΕΜ.
827 211 899 296 (81.)
1007 223 1071 286 209

86 376 165 436 inter
191 390 227 435 se
253 375 355 435 onrnia
381 371 575 448 conparabit:
606 373 705 433 maius
728 374 808 433 eninr
829 383 882 436 aut
904 374 1006 434 minus
1026 375 1069 447 tlt,

88 459 228 535 quamvis
243 458 323 519 idem
339 457 387 531 sit,
403 465 553 532 tempore,
570 457 654 530 loco,
675 472 779 517 causa.
807 473 903 533 saepe
917 459 997 518 enim
1011 459 1071 519 hoc

86 559 147 603 non
165 550 293 619 potuere
309 540 432 601 divitiae
448 541 478 600 in
495 541 618 602 domum
632 541 771 613 infusae,
799 541 883 615 quod
898 549 1071 617 opportune

87 626 150 688 dati
160 626 242 686 mille
254 624 381 684 denarii.
398 625 523 686 multum
536 622 615 684 enim
626 625 760 699 interest,
773 626 937 686 donaveris
948 642 987 686 an
999 642 1069 687 suc-

86 711 229 783 curreris,
238 708 768 770 servaveritillumtualiberalitasan
777 709 964 772 instruxerit.
975 725 1071 786 saepe

88 795 172 870 quod
186 795 291 867 datur,
309 795 453 868 exiguum
469 800 529 866 est,
547 793 630 868 quod
645 793 783 867 sequitur
797 809 836 854 ex
852 810 899 867 eo,
915 810 1069 870 magnum.

88 885 234 954 quantum
248 884 349 938 autem
362 878 520 938 existimas
537 876 701 952 interesse,
720 884 820 939 utrum
834 879 961 956 aliquis,
985 880 1070 954 quod

87 962 198 1037 decrat,
212 978 230 1021 a
242 967 340 1034 sciet]
355 962 437 1036 quod
452 968 573 1035 praesto
580 968 653 1036 erat,
661 963 827 1037 sumpserit
837 979 875 1022 an
886 963 1069 1024 beneficium

86 1047 242 1122 acceperit
255 1053 288 1105 ut
302 1045 410 1105 darett
442 1043 506 1106 Sed
520 1061 558 1104 ne
575 1045 604 1105 in
620 1045 743 1120 eadem,
759 1062 839 1122 quae
854 1049 929 1108 satis
946 1047 1072 1109 scrutati
1080 1057 1112 1110 15

86 1147 208 1204 sumus,
230 1131 439 1190 revolvamur:
462 1130 492 1188 in
506 1127 564 1190 hac
581 1131 801 1205 conparatione
822 1131 964 1192 beneficii
978 1140 1009 1193 et
1025 1133 1069 1192 in·
1187 1128 1193 1137 '

85 1215 182 1275 iuriae
198 1215 243 1273 vir
256 1214 356 1273 bonus
374 1213 519 1273 iudicabit
538 1214 660 1288 quidem
676 1214 761 1289 quod
773 1215 828 1275 erit
839 1215 1068 1290 aequissimum,

11 1312 14 1317 ·
85 1299 143 1359 sed
157 1298 308 1358 beneficio
325 1298 453 1357 favebit:
473 1296 503 1357 in
518 1298 597 1358 hanc
609 1298 665 1358 erit
676 1306 792 1374 partem
805 1299 980 1374 proclivior.
1001 1300 1113 1364 Plu-16

84 1382 195 1443 rimum
222 1389 323 1442 autern
348 1381 491 1442 momenti
518 1398 652 1457 persona
677 1384 757 1443 solet
782 1383 903 1443 adferre
924 1384 954 1442 in
976 1384 1070 1443 rebus

85 1465 252 1526 eiusmodi:
276 1466 408 1538 „dedisti
424 1465 495 1525 mihi
511 1466 692 1526 beneficium
707 1467 737 1526 in
753 1482 859 1539 servo,
876 1466 1013 1526 iniuriam
1028 1469 1069 1526 le·

85 1549 153 1611 cisti
164 1551 195 1608 in
208 1557 304 1625 patre.
332 1548 464 1609 servasti
479 1550 551 1608 milri
565 1549 669 1624 lilium,
684 1550 740 1608 sed
758 1556 873 1624 patrem
887 1549 1070 1610 abstulisti.“

85 1633 145 1694 alia
160 1632 323 1708 deinceps,
349 1649 404 1708 per
419 1649 499 1709 quae
521 1633 661 1707 procedit
677 1634 776 1694 omnis
791 1633 939 1708 conlatio,
963 1648 1069 1707 prose-

85 1725 197 1793 quetur
217 1725 261 1789 et,
289 1718 314 1776 si
337 1718 479 1792 pusillum
501 1718 570 1792 erit,
597 1718 680 1792 qnod
698 1718 829 1789 intersit,
856 1716 1069 1776 dissimulabit.

84 1800 203 1861 etiamsi
223 1802 347 1861 multum
368 1801 472 1873 luerit,
498 1801 555 1860 sed
575 1801 600 1860 si
623 1801 654 1860 id
676 1802 784 1861 donari
806 1802 891 1861 salva
907 1800 1018 1875 pietate
1034 1817 1070 1860 ac

84 1885 147 1943 fide
168 1882 294 1960 poterit,
316 1885 461 1945 remittet:
482 1883 515 1943 id
534 1892 595 1958 est,
620 1885 645 1943 si
661 1885 700 1944 ad
715 1886 816 1960 ipsum
830 1891 893 1945 tota
908 1883 1070 1960 pertinebit

84 1968 203 2027 iniuria.
233 1966 357 2028 Summa
377 1969 421 2028 rei
444 1967 522 2028 haec
536 1976 599 2028 est:
624 1969 721 2028 tacitis
737 1970 793 2028 erit
806 1969 836 2027 in
852 1967 1111 2035 conmmendatt

83 2053 215 2127 patietur
236 2053 305 2126 plus
327 2052 460 2127 inputari
479 2052 546 2112 sibi.
577 2052 688 2113 invitus
711 2053 894 2113 beneficium
915 2069 970 2128 per
996 2068 1068 2114 con·

84 2137 297 2211 pensationem
319 2135 446 2196 iniuriae
466 2137 576 2197 solvet.
606 2137 635 2195 in
658 2137 738 2197 hano
760 2145 876 2212 partem
903 2137 1067 2210 inclinabit,

83 2218 144 2280 huc
160 2227 280 2295 verget,
295 2228 329 2280 ut
343 2218 447 2295 cupiat
461 2220 575 2281 debere
590 2220 732 2295 gratiam,
753 2220 857 2297 cupiat
870 2222 994 2281 referre.
1021 2236 1068 2281 er-

82 2310 130 2364 rat
146 2304 235 2377 enim,
252 2303 278 2363 si
294 2304 363 2379 quis
379 2303 561 2365 beneficium
576 2305 687 2380 accipit
700 2304 843 2366 libentius
855 2321 947 2380 quarn
958 2305 1067 2366 reddit.

85 2395 199 2462 quanto
213 2387 338 2449 hilarior
352 2394 413 2462 est,
435 2387 487 2463 qui
501 2388 594 2449 solvit
609 2405 699 2465 quam
716 2391 768 2465 qui
788 2398 957 2464 mutuatur,
985 2396 1068 2449 tanto

84 2471 176 2530 debet
190 2472 296 2531 laetior
311 2488 398 2546 esse,
416 2473 467 2546 qui
482 2487 518 2531 se
533 2474 665 2532 maximo
680 2489 751 2533 aere
767 2474 867 2533 alieno
882 2473 1000 2547 accepti
1016 2472 1069 2531 be·

84 2555 185 2615 nelicii
207 2563 368 2627 exonerat,
392 2571 483 2630 qnam
505 2557 643 2630 quicum
658 2557 789 2616 maxime
805 2557 964 2631 obligatur.
993 2555 1111 2624 Nomia
1148 2632 1153 2640 .

83 2639 112 2698 in
135 2639 194 2700 lroe
217 2656 343 2715 quoque
365 2639 507 2698 lalluntur
528 2640 652 2714 ingrati,
681 2640 765 2713 quod
786 2639 928 2700 creditori
944 2639 1067 2715 quidem

84 2731 205 2797 praeter
219 2732 333 2784 sortem
345 2732 431 2784 extra
443 2721 581 2783 ordinem
594 2731 768 2798 numerant,
783 2722 1003 2784 beneficiorum
1014 2740 1067 2785 au-

84 2813 143 2866 tem
166 2824 256 2868 usum
280 2824 351 2868 esse
373 2809 536 2883 gratuitum
558 2815 680 2882 putant:
702 2816 733 2868 et
755 2808 806 2869 illo
825 2816 968 2869 creseunt
981 2824 1068 2868 mora

83 2898 229 2967 tantoque
252 2893 321 2967 plus
343 2892 525 2953 solvendum
548 2899 610 2966 est,
638 2899 750 2967 quanto
771 2893 897 2954 tardius.
929 2893 1066 2968 ingratus

84 2982 145 3047 est,
165 2976 217 3050 qui
232 2976 417 3036 beneficium
433 2976 535 3037 reddit
549 2976 618 3037 sine
631 2993 736 3038 usura.
766 2978 869 3054 itaque
883 2975 974 3038 huius
991 2992 1067 3052 quo·

84 3075 145 3133 que
167 3061 212 3119 rei
233 3058 394 3121 habebitur
412 3061 505 3134 ratio,
526 3076 596 3121 eum
612 3062 806 3122 conferentur
826 3069 955 3136 accepta
970 3068 1000 3122 et
1014 3076 1067 3121 ex-

84 3159 191 3216 pensa.
227 3142 334 3204 Omnia
355 3144 496 3205 iacienda
517 3152 602 3217 sunt,
625 3153 764 3220 utquam
781 3145 945 3220 gratissimi
960 3145 1067 3206 simus.
1076 3157 1110 3212 19

82 3235 222 3288 nostrum
237 3229 317 3288 enim
331 3227 396 3289 hoc
405 3228 521 3289 bonnm
537 3236 593 3302 est,
609 3229 866 3304 quemadmodum
879 3229 992 3291 iustitia
1005 3244 1066 3288 non

82 3318 144 3384 est,
172 3319 205 3372 ut
225 3314 317 3388 volgo
340 3313 487 3387 creditur,
515 3313 555 3372 ad
574 3311 653 3372 alios
670 3313 841 3387 pertinens:
866 3329 978 3390 magna
993 3328 1066 3387 pars

83 3393 195 3454 clusin
211 3397 347 3457 seredit.
377 3414 466 3458 nemo
483 3413 558 3471 non,
575 3412 643 3456 curn
658 3398 742 3457 alteri
760 3397 902 3472 prodest,
923 3396 983 3456 sibi
997 3412 1067 3469 pro·

84 3477 152 3551 luit,
176 3496 235 3540 non
258 3496 295 3540 eo
317 3479 440 3542 nomine
460 3481 548 3560 dico,
571 3481 658 3559 quod
677 3477 1098 3569 voletad'tuvqarppdtutmv

117 3581 217 3620 seneen
232 3583 300 3623 aare.
321 3569 363 3625 ill.
835 3562 959 3652 {lit'z'f
