2422 3862
177 214 239 280 452
480 220 510 274 L.
528 217 666 276 ANNAEI
684 216 848 276 SENECAE

143 381 160 433 5
186 405 192 415 ·
257 370 412 427 ADDlTlf).
435 366 612 442 „Paupertas
630 385 723 425 meum
737 371 821 426 limen
835 370 974 426 obsidet.“
1002 368 1067 426 Non
1083 373 1161 428 obsi-

221 455 283 523 det,
296 454 348 510 sed
360 454 488 510 custodit
511 455 581 510 ultro
592 453 631 509 illi
641 458 671 507 ut
682 469 813 509 occurras
826 455 941 509 consulo
953 454 1096 510 venienti:
1109 458 1161 512 mi-

220 538 295 594 nime
307 544 471 609 sumptuosa
486 543 513 592 et
524 553 625 593 secura
638 542 665 591 et
680 537 768 591 facilis
782 536 888 609 hospes
903 537 962 592 erit.

149 651 166 706 6
263 638 406 707 „Domum
416 650 508 691 meam
518 640 669 707 paupertas
680 635 805 707 irrupit“
819 635 966 693 Adversus
979 636 1055 691 fures
1069 642 1098 692 et
1108 655 1159 709 pe·

218 723 296 793 jones
314 721 418 776 furibus
430 721 587 789 voluptates
604 719 724 790 pervigil
737 719 904 789 excubitrix,
924 719 1063 775 adversus
1079 722 1158 792 vulgi

219 820 330 861 morsus
350 809 377 858 et
396 803 501 857 insulsa
518 801 621 856 iudicia
640 806 722 874 atque
735 803 868 859 avaritiae
887 819 939 858 seu
949 802 1159 874 prodigalitatis

220 887 376 956 infamiam,
393 900 465 957 quae
481 901 545 940 raro
564 885 628 941 alibi
640 900 723 955 quam
738 885 906 957 locupletum
925 885 1005 941 sedet
1021 885 1051 940 in
1062 886 1158 943 limine

219 972 310 1026 -ab
328 969 372 1024 his
389 969 468 1024 malis
487 969 562 1023 nullo
582 969 680 1022 melius
693 969 825 1024 custodiri
838 966 975 1044 [inJ'genio
990 968 1093 1024 domus
1112 976 1158 1025 tua

219 1054 321 1126 poterit
336 1068 419 1124 quam
432 1053 506 1107 illam
520 1051 657 1107 custodiet
672 1058 832 1123 paupertas.

263 1135 364 1207 „Opes
377 1140 490 1191 cunctas
505 1139 569 1190 trux
579 1136 688 1191 fortuna
703 1136 884 1207 praeripuit.“
906 1135 968 1190 Non
979 1135 1028 1190 tibi
1038 1136 1105 1190 feeit
1116 1136 1156 1190 in·

220 1221 331 1276 iuriam:
344 1236 426 1275 suum
435 1220 503 1274 tulit.
531 1216 589 1274 Sed
602 1224 683 1276 vetus
701 1225 728 1274 et
744 1225 810 1275 nota
827 1219 899 1275 hacc
910 1218 1080 1290 ingratitudo
1099 1225 1155 1275 est:

220 1303 277 1360 dati
288 1304 465 1358 immemores
477 1302 638 1358 meministis
651 1302 742 1358 ablati.
763 1303 855 1374 itaque
868 1319 949 1358 rarae
961 1307 1045 1372 atque
1056 1308 1155 1374 tepen·

219 1393 262 1444 tes
274 1387 397 1460 gratiae,
410 1388 526 1442 crebrae
539 1401 572 1440 ac
584 1384 710 1443 fervidae
723 1392 786 1440 sunt
797 1387 939 1457 querelae.

263 1470 400 1541 „Victum
419 1470 604 1540 vestitumque
623 1470 814 1524 necessarium
829 1485 925 1524 amara
936 1485 998 1524 sors
1011 1469 1155 1540 negavit.“

221 1554 341 1611 Aliunde
353 1553 519 1626 petendum:
537 1553 625 1608 virtus
638 1553 778 1609 liberalior
793 1568 877 1624 quam
894 1554 1004 1608 fortuna
1016 1559 1068 1607 est
1089 1552 1157 1608 nilnt

221 1644 306 1710 negat
322 1639 374 1692 nisi
387 1638 463 1709 quod
482 1643 509 1692 et
524 1636 692 1708 promissum
706 1643 806 1692 noceat
822 1642 848 1692 et
858 1643 991 1709 negatum
1002 1636 1102 1708 prosit.
1116 1637 1157 1690 ni-

220 1722 259 1776 hil
277 1722 358 1793 eripit
372 1722 424 1776 nisi
438 1720 514 1792 quod
531 1719 663 1775 habuisse
682 1720 863 1790 damnosum,
884 1720 1012 1775 amisisse
1031 1719 1098 1774 utile
1112 1721 1157 1778 sit.

221 1821 276 1860 non
292 1803 398 1874 differt,
420 1820 476 1859 non
491 1804 676 1874 improperat,
692 1820 748 1858 non
764 1802 877 1860 retrahit
893 1819 1021 1872 manum,
1039 1818 1097 1857 non
1110 1819 1157 1857 ru-

221 1893 268 1961 gat
281 1889 408 1957 frontem,
418 1904 474 1942 non
486 1888 582 1943 attollit
592 1888 779 1958 supercilium.
793 1889 896 1943 nullum
909 1887 1037 1958 despicit,
1049 1887 1158 1941 nullum

220 1972 357 2042 destituit,
376 1973 481 2026 nullum
497 1971 573 2026 fallit.
586 1986 643 2025 non
655 1973 758 2042 saevit,
777 1987 833 2026 non
849 1971 991 2039 irascitur,
1010 1986 1067 2025 non
1080 1986 1157 2024 mur-

107 2106 112 2116 ,
219 2062 323 2125 murat,
342 2072 398 2110 non
415 2060 542 2110 mutatur.
563 2070 619 2108 una
638 2070 750 2125 semper
769 2060 795 2110 et
811 2055 913 2126 ubique
929 2059 986 2122 est,
1009 2054 1063 2108 nisi
1080 2055 1158 2124 quod

220 2139 309 2210 magis
321 2139 468 2210 magisque
479 2138 626 2210 degustata
634 2137 741 2193 dulcior
753 2139 780 2193 in
792 2138 854 2194 dies
867 2144 893 2193 et
904 2137 1021 2209 propius
1033 2151 1157 2209 conspe·

219 2228 262 2277 cta
274 2223 309 2277 sit
322 2220 473 2294 pulchrior.
1034 2219 1036 2223 '

258 2320 294 2376 Ut
305 2321 344 2374 sis
357 2316 450 2394 [ergo]
464 2336 549 2376 verus
562 2320 657 2390 dives,
673 2321 708 2374 ab
720 2318 774 2374 hae
785 2335 887 2391 poscet
909 2334 964 2372 non
983 2323 1010 2374 te
1032 2320 1157 2378 fastidiet

220 2420 272 2460 nee
289 2405 419 2474 repellet,
441 2403 569 2474 quamvis
590 2406 729 2458 exerceat.
753 2401 878 2458 difficiles
894 2401 979 2458 habet
994 2401 1088 2460 aditus
1099 2406 1156 2477 pri-

219 2505 294 2543 mos=
308 2493 402 2543 cetera
412 2503 518 2558 prona,
530 2486 667 2555 iucunda,
679 2486 780 2541 facilia.
798 2487 885 2542 semel
895 2487 942 2541 ubi
955 2485 991 2542 ad
1002 2487 1081 2543 illam
1091 2505 1156 2561 per-

220 2572 348 2641 veneris,
368 2586 424 2626 non
436 2571 539 2626 senties
550 2575 751 2642 paupertatem.

262 2668 423 2742 „Spoliavit
435 2686 480 2725 me
496 2671 622 2725 omnibus
634 2665 714 2724 bonis
726 2668 796 2722 meis
808 2669 944 2724 fortuna.“
965 2669 1047 2726 Fallit
1057 2675 1084 2726 te
1096 2672 1156 2743 opi-

219 2755 265 2809 nio
276 2795 283 2822 ,
296 2755 399 2810 malum
411 2768 556 2808 commune
569 2752 734 2808 mortalium.
750 2767 815 2807 nam
825 2754 950 2823 profecto
962 2769 1020 2808 non
1032 2756 1154 2810 bonis:

221 2843 247 2892 et
259 2841 288 2891 ut
297 2839 372 2892 bona
383 2837 567 2908 permiserim,
580 2851 637 2892 non
648 2835 732 2904 tuis,
745 2835 796 2891 sed
808 2852 880 2907 quae
892 2842 937 2892 tua
948 2837 1066 2893 forsitan
1077 2839 1157 2910 vulgi
1189 2898 1193 2906 ,

219 2935 297 2974 more
309 2920 486 2990 credideras,
501 2921 642 2991 mirorque
653 2921 677 2974 si
688 2916 837 2994 non[dum]
849 2920 980 2992 intelligis
996 2923 1099 2977 aliena.

262 3017 406 3086 „Fortuna
418 3035 463 3073 me
479 3018 585 3073 nudum
596 3024 622 3074 et
634 3019 747 3090 inopem
759 3018 864 3089 liquit.“
894 3019 988 3075 Virtus
1001 3025 1028 3076 te
1043 3022 1156 3090 vestiet,

218 3104 249 3156 nt
258 3101 383 3172 respuis,
402 3117 436 3156 ac
455 3101 564 3171 ditabit,
584 3103 636 3158 nisi
654 3103 724 3156 forte
741 3103 829 3173 pluris
844 3119 943 3158 aurum
955 3107 982 3159 et
1000 3120 1159 3177 purpuram

219 3201 302 3256 quam
313 3185 446 3241 decorum
461 3201 618 3256 generosae
631 3186 729 3240 mentis
747 3184 869 3242 habitum
886 3187 962 3243 facis.
986 3188 1065 3259 quod
1082 3190 1106 3244 si
1118 3190 1158 3244 fe-

218 3269 304 3339 ceris,
316 3274 381 3324 tunc
393 3285 461 3327 vere
476 3270 589 3342 inopem
599 3270 760 3339 nudumque
770 3275 798 3326 te
811 3270 944 3326 dicerem.

131 3387 162 3439 η
259 3367 387 3439 „Domo,
411 3367 527 3438 familia,
549 3371 718 3426 necessariis
736 3377 819 3444 atque
837 3375 1007 3430 ornamentis
1027 3377 1157 3432 omnibus

214 3451 352 3526 spoliatus
365 3452 432 3527 quid
442 3455 548 3528 agam?
566 3468 621 3526 quo
632 3471 677 3511 me
688 3458 843 3513 vertamt“
869 3457 915 3512 Ad
928 3474 977 3515 eas
989 3475 1079 3532 opes,
1098 3461 1155 3533 qui-
