2422 3862
230 244 401 305 mrsruc.
416 243 511 305 noa.
532 245 605 304 ure.
621 244 715 305 xvu.
736 245 832 307 nra.
853 249 943 320 (rm.)
1011 245 1074 309 naa

93 411 165 459 cere
188 381 305 454 velimt'
326 394 472 453 nullum
490 394 630 454 bonum
650 402 827 470 putamus
849 411 953 469 esse,
974 398 1076 472 quod

93 496 141 541 ex
155 476 397 539 distantibus
416 483 587 538 constat.
615 494 677 538 uno
692 477 774 538 enim
788 478 898 554 spiritu
911 495 1006 541 unum
1018 479 1075 541 bo-

94 580 166 623 num
182 561 329 623 contineri
345 577 383 621 ac
396 560 462 635 regi
476 561 584 632 debet,
604 577 699 621 unum
713 576 784 621 esse
798 563 889 626 unius
905 563 978 623 boui
992 565 1074 637 prin·

94 648 203 722 cipale.
230 645 289 705 hoc
308 645 336 704 si
359 644 483 719 quando
498 642 738 716 desideraveris,
760 660 817 721 per
831 661 867 706 se
882 646 1074 721 probabitur:

93 731 212 790 interim
228 728 404 803 ponendum
419 726 490 801 luit,
506 725 578 802 quia
593 728 624 787 in
641 743 699 789 nos
714 737 821 790 nostra
834 731 895 789 tela
908 729 1074 795 mittuntur.

156 812 302 886 „Dicitis,
329 811 440 884 inquit,
466 812 580 871 nullum
601 812 715 873 bonum
735 829 775 872 ex
791 811 973 874 distantibus
987 828 1108 887 essezg

94 897 215 959 claritas
229 903 331 955 antem
354 895 413 954 ista
433 894 582 955 bonorum
596 895 731 956 virorum
746 895 884 956 secunda
898 897 1002 971 opinio
1016 903 1075 956 εει.

93 996 164 1041 nam
189 979 345 1054 quomodo
373 979 454 1037 lama
480 994 542 1039 non
567 986 615 1038 εει
639 978 730 1040 unius
751 996 853 1041 sermo
873 995 932 1039 neo
953 979 1077 1040 lnlnmia

94 1065 185 1124 unius
198 1064 277 1123 mala
288 1061 482 1135 existimatio,
493 1062 539 1121 sic
550 1078 608 1122 nec
620 1062 740 1122 claritas
751 1064 804 1123 uni
815 1063 897 1124 bono
909 1063 1076 1138 placuisse.

95 1147 270 1209 consentire
291 1145 323 1203 in
343 1145 404 1205 hoc
425 1147 528 1219 plures
549 1146 686 1220 insignes
702 1154 734 1207 ct
749 1147 936 1222 spectabiles
951 1148 1008 1207 viri
1023 1147 1075 1207 de·

94 1231 182 1304 bent,
214 1237 246 1289 nt
272 1229 394 1288 claritas
423 1229 471 1288 sit
510 1228 587 1289 haec
608 1238 707 1290 aulem
733 1245 773 1289 ex
798 1229 918 1291 iudiciis
945 1232 1077 1307 plurium

95 1314 241 1386 allicitur,
260 1313 292 1372 id
313 1319 361 1370 est
378 1312 569 1373 distantium:
591 1328 666 1387 ergo
688 1329 749 1373 non
762 1322 810 1374 est
823 1315 947 1375 bonum.
985 1315 1109 1389 clari-9

95 1407 159 1470 tus,
179 1394 290 1470 inquit,
312 1397 381 1456 laus
402 1403 450 1456 est
466 1413 485 1455 a
503 1395 594 1456 bonis
616 1397 697 1457 bono
718 1397 848 1458 reddita.
879 1397 946 1459 laus
969 1399 1076 1459 oratio.

96 1482 193 1541 oratio
209 1495 271 1540 vox
286 1486 335 1539 est
348 1479 464 1555 aliquid
479 1480 672 1554 significans:
699 1497 761 1540 vox
776 1489 891 1550 autem,
912 1481 983 1541 licet
997 1481 1076 1541 viro·

95 1582 162 1624 rum
184 1564 224 1624 sit
244 1564 411 1634 bonorum,
433 1579 493 1624 non
517 1570 565 1622 est
584 1563 706 1623 bonum.
732 1564 906 1636 necerim,
930 1563 1076 1639 quicquid

97 1649 257 1708 virbonus
274 1646 359 1719 lacit,
373 1647 487 1706 bonum
500 1653 563 1705 est:
583 1663 652 1706 nant
668 1653 698 1706 et
711 1647 829 1721 plaudit
844 1654 875 1706 et
889 1645 1006 1722 sibilat,
1021 1647 1079 1707 sed

96 1746 154 1790 nec
170 1733 312 1806 plausum
327 1730 491 1806 quisquam
506 1745 564 1788 nec
580 1729 716 1804 sibilum,
741 1731 811 1790 licet
826 1730 928 1791 omnia
942 1730 1008 1791 eius
1024 1729 1077 1790 ad·

96 1815 220 1873 miretur
235 1822 264 1873 ει
278 1814 393 1886 laudet,
416 1814 531 1874 bonum
549 1813 637 1886 dicit,
654 1830 715 1874 non
730 1816 828 1888 magis
847 1829 938 1889 quam
958 1821 1076 1875 sternu-

96 1905 231 1957 mentum
257 1906 309 1959 aut
330 1897 455 1958 tussim:
484 1912 557 1970 ergo
581 1897 701 1957 claritas
722 1899 834 1958 bonum
855 1913 917 1958 non
939 1904 995 1957 est.
1027 1896 1078 1956 Ad
1086 1910 1119 1963 10

97 1996 248 2040 summam
264 1979 355 2042 dicite
370 1982 475 2053 nobis,
497 1987 597 2042 utrum
612 1980 765 2042 laudantis
780 1998 818 2041 an
834 1979 948 2041 laudati
962 1981 1077 2040 bonum

97 2066 151 2123 sit:
176 2065 202 2124 si
223 2065 373 2125 laudantis
392 2066 507 2127 bonum
525 2080 598 2125 esse
620 2064 735 2138 dicitis,
758 2072 819 2125 tam
840 2064 999 2125 ridiculam
1013 2079 1078 2123 rem

97 2148 211 2219 tacitis,
237 2166 329 2223 quam
350 2151 375 2208 si
393 2149 561 2209 adfirmetis
575 2165 676 2209 meum
697 2165 783 2222 esse,
806 2148 891 2224 quod
905 2150 984 2209 alius
999 2149 1078 2209 bene

97 2233 205 2291 valeat.
237 2233 293 2292 sed
306 2234 434 2293 laudare
449 2233 559 2309 dignos
573 2233 704 2293 honesta
720 2235 800 2294 actio
815 2241 877 2293 esta
895 2232 936 2293 ita
951 2232 1078 2293 laudan-

97 2316 135 2376 tis
157 2317 270 2375 bonnm
283 2324 345 2388 est,
367 2317 454 2377 auius
472 2318 550 2377 actio
566 2324 630 2392 est,
651 2334 712 2378 non
730 2325 882 2389 nostrum,
907 2317 959 2392 qui
973 2316 1078 2378 lauda-

99 2415 178 2459 mur=
201 2397 286 2473 atqui
301 2398 361 2458 hoc
376 2399 609 2474 quaerebatur.“

160 2481 424 2553 Respondebo
448 2498 546 2541 nunc
566 2483 737 2556 singulis
762 2483 915 2543 cursim.
948 2481 1119 2547 Primumn

96 2582 135 2625 an
160 2563 199 2622 sit
220 2563 347 2636 aliquod
370 2579 410 2624 ex
426 2563 609 2624 distantibus
624 2565 753 2638 bonum,
770 2566 942 2624 etiamnunc
959 2563 1079 2637 quaeri-

98 2657 146 2708 tnr
169 2653 198 2705 et
220 2663 292 2721 pars
314 2654 445 2722 utraque
466 2649 634 2708 sententias
651 2647 752 2707 habet.
780 2647 899 2707 Deinde
914 2646 1079 2707 claritas

98 2733 180 2809 [non]
200 2730 356 2791 desiderat
370 2733 464 2791 mulla
478 2729 641 2805 suffragia:
663 2737 794 2804 potest
810 2730 973 2792 etunius
989 2729 1081 2790 boui

99 2816 172 2874 viri
193 2814 343 2875 iudicio
365 2831 455 2875 esse
476 2821 677 2887 contenta,
698 2815 746 2891 [rt]
770 2830 828 2876 nos
853 2815 954 2875 bonos
979 2813 1080 2876 bonus

98 2898 222 2959 iudicat.
245 2944 262 2972 ‚,
272 2898 349 2972 Quid
365 2906 461 2973 ergot
488 2899 600 2973 inquit,
616 2906 646 2958 et
660 2899 759 2959 lama
774 2899 831 2958 erit
843 2897 936 2960 unius
949 2897 1121 2960 bominislt

98 2980 281 3043 existimatio
304 2991 333 3042 et
353 2983 477 3044 inlamia
496 2983 586 3043 unius
601 2983 750 3058 malignus
769 2988 892 3044 sermo?
917 2982 1080 3058 gloriam

100 3081 238 3142 quoque,
259 3065 371 3141 inquit,
394 3067 483 3128 latius
499 3068 600 3127 lusam
613 3065 771 3141 intellegor
795 3082 984 3128 consensum
999 3067 1080 3128 enim

99 3151 261 3211 multorum
284 3151 386 3225 exigit.
397 3156 414 3184 “
440 3152 569 3212 Diversa
589 3150 697 3210 horum
719 3149 860 3212 condicio
882 3158 930 3211 est
945 3160 975 3213 et
988 3150 1080 3212 illius.

100 3241 216 3306 quare?
238 3236 324 3309 qnia,
340 3233 368 3295 si
383 3235 422 3295 de
436 3251 485 3294 me
500 3236 579 3295 bene
592 3233 749 3296 virbonus
766 3235 871 3307 sentit,
888 3235 998 3297 eodem
1010 3235 1079 3295 loco

101 3333 182 3387 sum,
203 3334 265 3391 quo
280 3320 307 3379 si
323 3334 429 3379 omnes
444 3316 518 3378 boni
533 3317 613 3379 idem
628 3317 789 3379 seatircat=
819 3333 926 3379 omnes
941 3317 1037 3391 enim,
1053 3319 1080 3378 si

100 3414 149 3457 me
161 3401 373 3475 cognoverint,
387 3402 467 3462 idem
479 3402 618 3463 sentiant
638 3419 694 3478 par
707 3401 767 3463 illis
781 3403 925 3477 idemque
935 3401 1081 3463 iudicium
1196 3399 1199 3402 ’

100 3488 156 3542 εει.
179 3498 276 3568 aeque
289 3501 362 3547 vcro
378 3485 535 3548 insistitur.
557 3485 709 3548 dissidere
719 3503 781 3549 non
795 3494 942 3563 possunt=
964 3483 1007 3546 ita
1022 3498 1080 3559 pro
