2422 3862
144 191 209 258 232
353 203 359 208 ’
422 191 456 252 L.
478 190 634 250 ANNAEl
647 189 823 252 SENECAE

145 347 260 408 naturis
276 341 424 405 condicio
439 352 470 405 et
489 343 649 420 sapientis.
683 343 755 405 huic
775 345 855 405 enim
876 345 1069 422 propositum
1084 355 1131 411 est

145 433 175 492 in
192 430 253 491 vita
272 430 393 504 agenda
413 445 474 489 non
495 429 616 503 utique,
642 429 728 503 quod
751 435 891 505 temptat,
914 430 1054 506 efficere,
1074 434 1131 495 sed

146 515 247 576 omnia
269 521 352 574 recte
375 514 487 574 tacere.
521 513 717 587 gubernatori
738 515 930 590 propositum
954 523 1003 576 est
1027 519 1132 592 utique

146 615 256 660 navem
271 599 438 673 importum
454 596 634 672 perducere.
664 604 745 658 artes
759 596 916 659 ministrae
932 607 1013 661 sunt.
1042 617 1130 676 prae·

145 693 228 745 stare
243 683 369 754 debent,
387 683 471 757 quod
486 682 679 756 promittuntz
702 680 853 758 sapientia
867 682 992 745 domina
1006 686 1131 745 rectrix-

102 777 207 845 33que
227 773 283 827 est.
319 774 402 827 artes
424 767 562 827 serviunt
589 766 682 841 vitae,
710 766 862 842 sapientia
882 768 1020 843 imperat.
1065 770 1131 845 Ego

146 853 232 913 aliter
246 851 497 925 respondendum
512 851 628 911 iudico:
653 866 710 910 nec
730 856 826 912 artem
847 851 1063 927 gubernatoris
1079 855 1130 914 de-

144 937 287 998 teriorem
302 935 363 995 ulla
377 940 558 1009 tempestate
572 934 639 994 lieri
654 950 711 995 uec
726 936 826 1010 ipsam
839 935 1131 998 administrationem

134 1021 228 1082 'artis
258 1018 450 1080 Gubernator
463 1019 516 1079 tibi
531 1035 592 1079 non
609 1019 780 1080 felicitatem
796 1021 945 1095 promisit,
962 1022 1018 1083 sed
1029 1023 1130 1083 utilem

145 1120 271 1181 operam
293 1110 323 1164 et
343 1105 431 1163 navis
452 1105 607 1178 regendae
622 1105 790 1164 scientiam.
820 1104 897 1165 haec
912 1120 949 1167 eo
965 1107 1061 1180 magis
1077 1107 1131 1164 ad·

144 1196 247 1266 paret,
271 1203 333 1263 quo
348 1187 389 1247 illi
406 1189 503 1263 magis
525 1188 627 1264 aliqua
645 1189 768 1249 tortuito
783 1190 832 1250 vis
847 1188 972 1251 obstitit.
1000 1190 1056 1263 Qui
1070 1188 1129 1249 hoe

146 1272 243 1349 potuit
258 1273 375 1350 dicere,
390 1272 540 1348 Neptune,
555 1289 715 1347 numquam
730 1274 810 1334 hane
824 1273 929 1335 nauem
946 1277 1131 1336 mistrectum

145 1353 297 1432 [coeptat
318 1357 375 1415 arti
395 1357 557 1417 satisfecit:
580 1363 747 1432 tempestas
770 1373 831 1418 non
852 1374 932 1433 opus
947 1359 1130 1434 gubernato·
1155 1373 1157 1376 ·

101 1443 187 1512 seris
202 1440 333 1517 inpedit,
348 1442 406 1502 sed
421 1456 611 1502 successum.
641 1441 740 1517 „Quid
754 1449 850 1516 ergot
871 1443 983 1518 lnquit,
1000 1459 1060 1503 non
1077 1457 1132 1502 no-

145 1534 194 1587 cet
207 1525 403 1602 gubernatori
424 1541 461 1584 ea
478 1540 544 1599 res,
569 1540 648 1601 quae
668 1526 750 1585 illum
773 1533 877 1586 tenere
892 1533 1013 1602 portum
1029 1531 1133 1587 vetatt

145 1626 225 1687 quae
246 1617 374 1671 conatus
396 1609 463 1669 eius
486 1608 593 1670 inritos
614 1609 730 1670 elficit?
764 1625 844 1685 quae
864 1618 915 1670 aut
934 1610 1028 1669 retent
1048 1610 1132 1670 illum

145 1702 197 1757 aut
211 1695 324 1755 detinet
338 1701 369 1754 et
384 1699 560 1755 exarmatt“
589 1694 657 1755 Non
672 1702 826 1770 tamquam
841 1693 1051 1768 gubernatori,
1074 1694 1131 1754 sed

145 1787 299 1854 umquam
321 1778 474 1852 naviganti
495 1786 594 1838 nocet.
623 1776 784 1854 alioquin*
803 1777 1015 1858 gubernatoris
1036 1786 1133 1838 artem

146 1863 225 1924 adeo
242 1880 302 1924 non
319 1862 453 1938 inpedit,
473 1869 507 1922 ut
521 1863 679 1923 ostendat=
701 1863 864 1938 tranquillo
881 1863 975 1936 enim,
990 1862 1131 1935 malunt,

147 1946 275 2024 quilibet
288 1947 474 2022 gubernator
488 1954 544 2008 est.
575 1947 697 2021 navigio
719 1948 779 2006 ista
793 1945 920 2020 obsunt,
943 1962 1004 2006 non
1020 1947 1133 2006 rectori

103 2031 228 2105 35eius,
252 2049 314 2106 qua
334 2039 436 2092 rector
456 2038 513 2092 est.
547 2031 630 2091 Duas
654 2047 805 2106 personas
825 2029 917 2091 habet
931 2031 1132 2106 gubernator:

146 2118 271 2175 alteram
287 2130 479 2177 communem
494 2131 563 2175 cum
579 2114 735 2190 omnibus,
758 2115 811 2190 qui
830 2114 960 2174 eandem
982 2129 1135 2174 conscen-

147 2199 259 2258 derunt
271 2215 397 2273 navem,
414 2216 476 2276 qua
493 2200 562 2275 ipse
578 2215 704 2275 quoque
720 2205 825 2259 vector
840 2206 901 2271 est,
918 2199 1044 2258 alteram
1061 2214 1131 2273 pro·
1163 2221 1167 2227 ·

147 2282 259 2359 priam,
283 2299 344 2358 qua
364 2284 550 2358 gubernator
571 2291 626 2344 est.
656 2289 824 2359 tempestas
845 2290 1001 2356 tamquam
1016 2281 1133 2342 vectori

103 2374 253 2442 ggnocet,
274 2383 336 2427 non
359 2373 512 2443 tamquam
532 2367 737 2442 gubernatori.
775 2367 893 2427 Deinde
918 2366 1132 2441 gubernatoris

147 2469 197 2513 ars
214 2452 346 2512 alienum
359 2451 473 2513 bonum
491 2459 551 2512 est:
567 2452 607 2511 ad
619 2467 684 2526 eos,
700 2467 780 2528 quos
793 2450 884 2524 vehit,
902 2451 1041 2526 pertinet,
1057 2466 1134 2525 quo·

146 2536 239 2599 modo
255 2535 367 2598 medici
381 2537 422 2598 ad
436 2553 508 2610 eos,
525 2551 603 2612 quos
616 2542 716 2596 curat:
739 2535 891 2611 sapientia
906 2550 1067 2595 commune
1078 2533 1133 2594 bo·

140 2637 218 2682 num
234 2629 281 2682 est
297 2629 463 2695 eteorum,
478 2637 547 2680 cum
564 2620 675 2695 quibus
692 2621 780 2693 vivit,
799 2627 828 2679 et
844 2619 1004 2695 proprium
1020 2616 1131 2699 ipsius.

147 2706 251 2780 itaque
266 2705 463 2780 gubernatori
478 2705 612 2765 tortasse
627 2709 752 2775 noceat,
770 2719 839 2764 cum
852 2702 917 2764 eius
934 2703 1133 2763 ministerium

103 2789 215 2855 statiis
231 2791 417 2864 promissum
432 2796 611 2862 tempestate
626 2788 793 2864 inpeditur:
817 2788 948 2863 sapienti
964 2803 1024 2847 non
1041 2802 1133 2846 noce-

151 2883 199 2934 tur
212 2890 231 2933 a
246 2880 434 2947 paupertate,
450 2888 511 2931 non
526 2889 545 2932 a
560 2874 676 2946 dolore,
692 2888 753 2932 non
769 2871 807 2931 ab
823 2871 891 2932 aliis
901 2869 1135 2946 tempestatibus

151 2958 240 3017 vitae.
271 2954 427 3017 nonenim
451 2956 649 3031 prohibentur
664 2972 759 3032 opera
774 2956 841 3017 eius
858 2957 975 3029 omnia,
998 2956 1054 3015 sed
1071 2962 1136 3015 tan·

150 3049 212 3102 tum
229 3041 269 3100 ad
285 3040 362 3100 alios
378 3041 572 3115 pertinentia=
601 3042 670 3116 ipse
685 3056 809 3116 semper
829 3041 859 3099 in
874 3047 944 3100 actu
959 3047 1021 3110 est,
1046 3039 1075 3097 in
1092 3040 1135 3098 el-

152 3127 232 3185 lectu
252 3132 324 3186 tuuc
346 3125 511 3197 maximus,
535 3141 602 3185 cum
624 3126 666 3185 illi
688 3127 808 3187 fortuna
830 3140 865 3184 se
880 3124 1035 3199 obposuit.
1063 3129 1137 3182 tune

151 3209 251 3284 ipsius
267 3208 435 3284 sapientiae
449 3209 603 3284 negotium
617 3211 688 3285 agit,
704 3226 796 3285 quam
811 3209 944 3269 diximus
960 3215 990 3267 et
1004 3206 1136 3266 alienum

104 3294 262 3356 bobonum
289 3309 361 3354 esse
388 3302 418 3355 et
444 3310 543 3354 sunm.
585 3293 749 3354 Praeterea
769 3308 808 3353 ne
829 3292 896 3354 aliis
919 3291 1042 3368 quidem
1064 3298 1137 3351 tuuc

150 3379 302 3453 prodesse
318 3378 510 3455 prohibetur,
527 3394 597 3438 cum
612 3378 694 3438 illum
709 3377 831 3453 aliquae
845 3376 1049 3437 necessitates
1066 3390 1136 3449 pre-

148 3469 242 3523 munt.
273 3472 398 3540 propter
415 3469 624 3539 paupertatem
640 3461 818 3538 prohibetur
834 3461 963 3535 docere,
988 3457 1133 3534 quemad·
