2422 3862
177 223 239 286 428
478 233 507 286 L.
516 231 657 324 leNAEI
671 229 834 288 SENECAE

467 381 539 438 XIII.
560 383 606 438 DE
626 381 863 440 MATRIMONIO.

129 505 163 559 45
237 493 424 567 Hieronymus
442 497 505 552 cdv.
515 494 652 551 Iooiuion.
664 496 708 554 tio.
721 493 746 549 Ι.
753 511 787 565 p.
800 496 860 551 191.
878 497 955 562 (tom.
967 492 988 548 I
991 493 1023 549 V.
1036 494 1069 549 P.
1082 499 1099 550 2
1110 496 1152 552 cd.

176 574 271 632 Puris.
282 594 310 631 a.
324 580 418 645 1706.)
432 577 585 649 Epicurus,
600 578 750 648 voluptatis
762 583 901 646 assertor,
914 592 1082 648 quamquam
1095 578 1154 633 Me·

176 659 320 726 trodorus,
336 661 490 732 discipulus
503 661 576 726 eius,
592 661 736 717 Leontium
746 659 874 715 habuerit
886 676 1017 730 uxorem,
1032 677 1097 716 raro
1113 662 1153 716 di-

177 743 213 797 cit
227 743 346 814 sapienti
362 744 485 799 ineunda
500 745 644 816 coniugia,
663 745 729 815 quia
742 745 827 798 multa
838 744 1016 800 incommoda
1030 745 1155 800 admixta

177 831 241 880 sunt
256 827 369 898 nuptiis.
389 832 416 881 et
431 828 574 897 quomodo
589 828 703 884 dlviliac
719 834 746 882 et
759 827 882 882 honores
899 833 926 882 et
941 844 1092 900 corporum
1107 845 1153 884 sa·

176 909 275 963 nitates
291 914 318 964 et
333 915 439 976 celcra,
457 926 530 981 quae
544 910 733 967 indifferentIa
744 911 932 977 nominamus,
952 927 1005 966 nec
1014 913 1091 967 bona
1102 928 1154 968 nec

174 993 249 1046 mala
264 999 328 1046 sunt
342 992 394 1048 sed
408 994 525 1050 velutin
537 995 688 1050 meditullio
700 995 792 1066 posita
801 1009 856 1049 usu
869 1001 896 1049 et
907 1001 1010 1051 eventu
1021 996 1068 1052 vel
1080 997 1154 1051 hona

175 1075 220 1129 vel
233 1077 306 1130 mala
317 1075 399 1147 fiunt,
411 1078 449 1132 ita
461 1084 488 1133 et
499 1083 602 1133 uxores
614 1079 681 1133 sitas
693 1079 722 1133 in
732 1079 870 1133 bonorum
883 1079 1075 1149 malorumque
1088 1095 1155 1134 con-

173 1155 250 1212 finio.
266 1175 355 1230 gravo
370 1166 463 1216 autem
478 1177 542 1216 esse
557 1162 618 1218 viro
634 1162 753 1233 sapienti
765 1160 863 1218 venire
875 1162 904 1216 in
916 1161 1047 1230 dubium,
1064 1158 1151 1217 utrum‘

102 1241 105 1245 ’
172 1241 276 1296 bonam
291 1259 328 1298 an
343 1245 446 1299 malam
458 1245 592 1301 ducturus
610 1246 652 1299 sit.

128 1355 162 1410 46
235 1356 362 1415 Ridicule
378 1358 552 1433 Chrysippus
567 1359 726 1417 ducendam
742 1374 858 1414 uxorem
872 1356 992 1430 sapienti
1005 1359 1152 1431 praecipit,

173 1456 208 1496 nc
220 1442 316 1498 Iovem
328 1442 482 1499 Gamelium
494 1443 702 1502 ethnethIium
714 1444 809 1502 violet.
826 1443 879 1497 isto
892 1441 965 1496 enim
978 1440 1064 1497 modo
1077 1441 1153 1515 apud

171 1523 284 1581 Latmos
300 1525 430 1583 ducenda
447 1544 517 1582 uxor
534 1544 591 1584 non
609 1528 674 1598 erit,
696 1528 761 1598 quia
778 1526 875 1583 Iovem
894 1540 951 1579 non
968 1523 1075 1582 habent
1094 1518 1152 1582 Nu'·

171 1610 295 1678 ptialem.
321 1610 437 1679 quodsi
457 1611 590 1679 deorum,
615 1617 644 1666 ut
659 1615 751 1683 putot,
778 1609 890 1666 nomIna
910 1608 985 1664 vitae
1006 1607 1150 1667 hominum
1180 1662 1182 1667 .

170 1692 379 1828 praeiudicant,
401 1693 527 1750 offendet
541 1711 610 1766 crgo
627 1693 766 1750 Statorem
779 1695 891 1760 Iovem,
908 1692 954 1762 qui
969 1692 1087 1748 libenter
1104 1711 1152 1748 se-

193 1775 251 1828 crit.

125 1872 159 1928 li
233 1872 304 1929 Iln'd.
316 1892 350 1946 p.
371 1878 422 1933 190
429 1890 470 1947 sq.
497 1876 595 1930 Fertur
610 1877 741 1931 aureolus
756 1874 943 1947 Theophrasti
960 1874 1030 1928 liber
1045 1872 1081 1928 de
1098 1889 1152 1927 nu-

169 1957 245 2028 ptiis,
260 1957 288 2011 in
301 1974 355 2028 quo
368 1956 485 2030 quaerit,
496 1975 533 2014 an
543 1960 587 2016 vic
599 1959 712 2031 sapiens
725 1959 809 2015 ducat
819 1973 952 2013 uxorem,
964 1961 991 2012 et
1002 1971 1089 2027 quum
1101 1956 1152 2012 dc·

169 2039 291 2109 finisset,
312 2042 336 2096 si
356 2040 474 2112 pulchra
489 2049 578 2112 esset,
599 2043 623 2097 si
636 2045 709 2099 bene
727 2047 850 2111 morata,
868 2041 892 2096 si
907 2039 1032 2097 honestis
1047 2056 1152 2112 paren-

169 2124 257 2192 tibus,
273 2124 297 2177 si
317 2125 378 2196 ipse
399 2141 485 2180 sanus
501 2143 535 2182 ac
557 2127 654 2195 dives,
679 2127 719 2182 sic
741 2125 897 2198 sapientem
912 2123 1065 2196 aliquando
1081 2124 1152 2179 lnire

170 2207 390 2277 matrimonium,
413 2209 504 2264 statim
520 2210 621 2265 intulit:
642 2210 714 2265 haec
731 2216 825 2274 autem
846 2209 874 2263 iu
889 2208 992 2279 nuptiis
1008 2223 1073 2262 raro
1089 2209 1151 2263 uni·

123 2288 253 2345 48versa
269 2291 449 2346 concordant.
469 2308 525 2347 non
548 2300 590 2348 est
607 2310 674 2364 ergo
693 2310 762 2348 uxor
777 2291 908 2348 ducenda
922 2290 1052 2363 sapienti.
1091 2292 1151 2345 Pri-

168 2389 244 2427 mum
262 2374 336 2428 enim
352 2374 482 2446 impediri
497 2375 589 2432 studIa
602 2376 799 2448 philosophIae
813 2393 866 2431 nec
877 2392 964 2447 posse
979 2390 1150 2445 quemquam

167 2457 243 2513 libris
256 2463 283 2512 et
298 2458 379 2512 uxori
395 2459 500 2529 pariter
514 2460 662 2516 inservire.
676 2462 761 2516 multa
775 2477 854 2528 ossa,
870 2475 943 2531 quae
959 2462 1151 2514 matronarum

168 2542 264 2597 usibus
285 2543 447 2598 necessaria
468 2543 536 2597 sinte
562 2544 703 2614 pretiosae
724 2550 835 2612 vestcS,
866 2559 981 2610 aurum,
1007 2559 1150 2614 gemmae,

167 2629 308 2697 sumptus,
334 2627 468 2695 ancillae,
496 2628 624 2698 supellex
647 2627 743 2697 varla,
763 2627 878 2683 lecticae
901 2630 928 2680 et
942 2625 1048 2681 esseda
1062 2625 1150 2680 deau-

120 2708 236 2768 49rata.
266 2708 374 2765 Deinde
388 2727 441 2782 per
456 2717 552 2765 noctes
575 2716 647 2766 totas
668 2711 799 2782 garrulae
820 2710 1054 2780 conquestiones:
1085 2709 1150 2778 „illa

168 2793 291 2846 ornatior
304 2794 432 2863 procedIt
456 2795 484 2848 in
505 2794 663 2865 publicum,
685 2793 757 2850 hacc
777 2794 931 2850 honoratur
952 2794 986 2847 ah
1009 2793 1149 2862 omnihus

169 2891 223 2944 ego
234 2875 267 2928 *in
287 2882 428 2932 conventu
442 2878 608 2933 lemicarum
622 2878 731 2934 misella
746 2877 896 2950 despicior.
937 2873 992 2932 Cur
1008 2871 1152 2946 adspicie-¹

66 3007 69 3012 .
166 2959 217 3012 bas
234 2957 376 3014 vicinam?
392 2961 458 3030 qnid
477 2977 540 3016 cum
556 2962 685 3017 ancillula
700 2962 882 3031 loquebaris?
898 2959 934 3014 de
951 2960 1012 3014 loro
1031 2959 1149 3014 veniens

167 3040 235 3111 quid
246 3042 379 3098 attulisti?
387 3044 404 3072 “
433 3043 497 3098 Non
507 3045 627 3100 amIcum
638 3044 744 3101 habere
755 3062 923 3117 possumus,
939 3059 996 3098 non
1009 3042 1148 3098 sodalem.

166 3123 280 3179 alterius
292 3142 416 3182 amorem
428 3144 511 3182 suum
522 3127 618 3184 odium
629 3129 795 3201 suspicatur.
824 3127 855 3185 Si
870 3127 1048 3184 doctissimus
1064 3142 1149 3198 prae·

165 3213 261 3279 ceptor
277 3209 305 3263 in
323 3211 446 3280 qualibet
465 3212 574 3267 urbium
589 3213 685 3278 luerit,
711 3229 764 3268 nec
786 3230 904 3268 uxorem
919 3211 1080 3279 relinquere
1096 3226 1151 3264 nce

165 3308 229 3347 eum
245 3293 355 3348 samius
375 3295 416 3349 ire
436 3301 598 3366 possumus.
628 3297 785 3370 Pauperem
800 3299 877 3354 alere
891 3292 1003 3352 difficile
1020 3301 1079 3362 est,
1106 3292 1150 3348 di-

119 3379 153 3430 ott
164 3377 250 3431 vitem
265 3378 338 3431 lerre
353 3381 529 3445 tormentum.
558 3379 658 3452 Adde,
681 3382 758 3453 quod
773 3383 848 3437 nulla
864 3387 906 3437 cst
922 3377 1016 3432 uxoris
1039 3376 1149 3445 electio,

153 3461 210 3517 sed
225 3461 441 3539 qualiscumque
458 3464 621 3536 obvenerit,
633 3463 776 3521 hahendo.
805 3467 829 3522 si
847 3460 996 3531 iracunda,
1018 3461 1042 3515 si
1063 3462 1147 3527 fatua,
