2422 3862
136 205 177 269 aa
437 204 470 263 c.
492 203 638 264 annam
659 157 836 264 sunucnn

134 365 266 420 onerosa
286 362 406 429 essent,
430 369 510 430 quae
529 353 665 429 petebat,
694 353 812 415 etiamsi
832 368 1025 430 supervacua
1047 373 1106 418 non

104 448 258 508 cessent·
285 439 351 498 Hoc
373 439 475 513 itaque
499 438 533 496 in
556 436 631 512 his,
661 453 757 513 quae
779 437 1036 514 adfectamus,
1063 442 1107 502 ad

133 541 229 601 quae
259 522 393 584 labore
424 537 559 596 magno
594 521 877 598 contendimus,
911 522 1108 598 inspicere

132 608 331 681 debemus,
359 613 424 666 aut
445 605 542 666 nihil
563 605 600 664 in
620 605 703 665 illis
723 604 1024 669 commodiessc
1046 619 1108 671 aut

131 694 219 769 plus
253 689 493 751 incommodi.
523 689 709 764 quaedam
737 705 983 765 supervacua
1004 702 1106 766 sunt,

133 775 320 852 quaedam
347 772 446 834 tanti
474 788 547 833 non
577 780 673 832 sunt.
716 772 779 833 Sed
798 773 1107 850 haecnonprotide·

131 877 198 920 mus
220 866 250 919 et
268 859 397 932 gratuita
413 855 502 917 nobis
516 856 666 930 videntur,
690 872 769 932 quae
784 856 942 918 carissime
957 867 1106 920 constant

102 945 176 1010 7Ex
198 959 235 1003 eo
258 944 327 1001 licet
347 950 456 1016 stupor
477 947 581 1000 noster
601 940 763 1015 adpareat,
788 942 871 1017 quod
888 944 1007 1002 casola
1023 951 1107 1018 puta·

131 1043 200 1088 mus
215 1027 289 1099 emi,
309 1041 364 1101 pro
381 1024 492 1101 quibus
507 1023 666 1098 pecuniam
679 1024 841 1085 solvimus=
865 1040 901 1084 ea
913 1027 1044 1100 gratuita
1056 1043 1110 1103 voq

132 1127 253 1184 camus,
274 1126 331 1185 pro
353 1108 464 1185 quibus
486 1109 652 1182 nosipsos
674 1108 877 1183 inpendimus.
912 1125 992 1184 quae
1008 1127 1107 1171 emere

131 1197 297 1268 nollemus,
324 1194 351 1253 si
374 1193 483 1266 domus
504 1189 592 1251 nobis
612 1200 718 1253 nostra
738 1207 796 1268 pro
817 1193 877 1253 illis
898 1202 983 1255 esset
997 1194 1104 1271 danda,

131 1279 157 1338 si
180 1292 341 1340 amoenum
362 1276 487 1351 aliquod
507 1277 736 1337 fructuosumve
752 1275 926 1351 praedium,
948 1280 988 1337 ad
1004 1294 1041 1339 ea
1055 1295 1106 1354 pa·

131 1361 274 1424 notissimi
296 1376 401 1421 sumus
422 1359 584 1435 pervenire
609 1374 677 1420 cum
698 1360 916 1436 sollicitudine,
939 1377 1009 1423 cum
1029 1364 1106 1438 peri·

132 1448 218 1520 culo,
240 1461 308 1506 cum
324 1446 440 1505 iactura
455 1443 581 1519 pudoris
596 1449 626 1503 et
641 1443 785 1504 libertatis
801 1451 831 1504 et
845 1446 1008 1520 temporis=
1029 1447 1106 1507 adeo

102 1529 204 1595 enilril
226 1537 273 1590 est
294 1528 404 1605 cuique
425 1544 460 1588 se
481 1527 582 1587 vilius.
618 1527 701 1587 ldem
716 1528 820 1605 itaque
832 1528 862 1588 in
878 1529 1021 1590 omnibus
1037 1546 1106 1592 con-

132 1615 207 1675 siliis
222 1612 377 1688 rebusque
392 1612 554 1684 iaciamus,
578 1611 662 1687 quod
676 1613 812 1684 solemus
827 1613 944 1693 iacere,
967 1613 1107 1689 quotiens

132 1699 170 1758 ad
185 1697 353 1758 institorem
368 1696 496 1756 alicuius
512 1695 623 1755 mercis
637 1697 843 1758 accessimus:
863 1697 1035 1773 videamus,
1049 1697 1107 1759 hoc

133 1783 216 1856 quod
230 1779 494 1856 concupiscimus,
513 1779 616 1854 quanti
632 1779 795 1840 deleratur.
831 1779 932 1856 Saepe
943 1783 1106 1843 maximum

83 1859 86 1868 '
111 1861 112 1864 ’
132 1866 260 1943 pretium
281 1873 343 1936 est,
367 1879 423 1938 pro
446 1878 507 1940 quo
530 1865 643 1924 nullum
664 1862 767 1924 datur:
796 1866 888 1926 multa
908 1881 1038 1940 possum
1057 1866 1107 1927 tibi

132 1949 309 2022 ostendere,
336 1962 415 2024 quae
440 1946 594 2024 adquisita
618 1955 808 2024 acceptaque
829 1948 997 2010 libertatem
1019 1951 1106 2012 nobis

131 2033 321 2094 extorserint.
364 2032 460 2092 nostri
482 2025 636 2104 essemus,
659 2031 686 2090 si
705 2031 764 2092 ista
784 2039 890 2093 nostra
910 2050 972 2094 non
993 2043 1106 2095 essent.

103 2117 215 2178 9Haec
235 2131 308 2191 ergo
330 2122 429 2175 tecum
450 2113 518 2190 ipse
537 2132 643 2187 versa,
671 2132 732 2176 non
754 2116 854 2177 solum
874 2115 926 2177 ubi
947 2118 987 2178 de
1012 2120 1107 2178 inerc-

131 2207 232 2260 mento
248 2207 363 2274 agetur,
383 2198 439 2258 sed
455 2198 544 2259 etiam
560 2199 612 2259 ubi
628 2198 667 2258 de
680 2199 806 2260 iactura.
841 2200 926 2275 „Hoc
941 2202 1107 2277 periturum

132 2283 210 2345 est.“
241 2297 352 2357 nempe
375 2281 578 2344 adventicium
595 2282 664 2342 luit:
686 2290 746 2344 tam
761 2284 850 2344 iacile
865 2284 931 2345 sine
946 2287 1005 2347 isto
1020 2288 1106 2347 vives

133 2383 223 2443 quam
238 2366 350 2426 vixisti.
384 2366 411 2426 si
432 2366 485 2426 diu
499 2367 572 2427 illud
587 2366 734 2440 habuisti,
758 2367 863 2443 perdis
881 2377 1045 2446 postquam
1060 2388 1106 2432 sa·

131 2453 222 2514 tiatus
237 2468 287 2512 es:
310 2449 413 2511 sinon
429 2451 495 2522 diu,
519 2451 624 2527 perdis
639 2458 802 2527 antequam
817 2452 997 2516 adsuesces.
1034 2456 1105 2530 „Pe-

131 2535 251 2598 cuniam
272 2535 419 2596 minorem
439 2534 599 2595 habcbis.“
632 2550 742 2612 nempe
762 2542 792 2596 et
811 2536 1004 2602 molestiam=¹
1019 2555 1107 2614 „gra-

90 2620 202 2685 lotiam
222 2621 400 2681 minorem.“
434 2633 544 2694 nempe
564 2626 594 2679 et
615 2618 769 2680 invidiam.
809 2619 1019 2698 Circumspice
1041 2624 1105 2696 ista,

132 2719 210 2777 quae
230 2722 289 2765 nos
306 2709 399 2778 agunt
413 2700 443 2762 in
458 2701 623 2777 insaniam,
644 2719 723 2779 quae
739 2720 807 2765 cum
822 2705 960 2780 plurimis
975 2707 1106 2768 lacrimis

132 2786 308 2848 amittimus:
332 2786 413 2846 scies
427 2802 489 2846 non
505 2785 647 2848 damnum
661 2788 692 2847 in
705 2787 753 2848 his
767 2791 928 2850 molestum
944 2806 1031 2864 esse,
1051 2790 1106 2851 sed

131 2870 307 2945 opinionem
327 2869 439 2928 damni.
465 2885 553 2930 nemo
576 2871 627 2931 illa
646 2870 767 2947 perisse
784 2875 889 2949 sentit,
912 2875 969 2935 sed
986 2876 1106 2950 cogitat.

131 2953 189 3028 oui
204 2969 238 3014 se
256 2953 367 3093 habet,¹
385 2951 457 3011 nihil
472 2953 617 3028 perdidit:
638 2956 694 3016 sed
710 2964 804 3031 quoto
820 2957 931 3033 cuique
945 2957 1060 3019 habere
1073 2973 1107 3017 se

131 3038 277 3113 contigua
311 3036 398 3095 Vae.

429 3174 643 3234 EPISTULA
671 3179 705 3234 II.
735 3183 748 3250 (
785 3179 806 3246 .)

385 3270 496 3324 sanson
513 3272 624 3323 Locrrto
644 3285 695 3323 suo
715 3285 854 3324 saturnu.

104 3383 118 3434 1
196 3371 354 3446 Quomodo
370 3374 430 3436 hoc
445 3375 483 3435 ad
499 3391 547 3435 me
562 3377 734 3451 pervenerit
749 3378 885 3454 quaeris,
907 3376 977 3454 quis
991 3378 1063 3438 mihi
1078 3377 1106 3437 id

130 3464 160 3516 te
176 3456 310 3532 cogitare
325 3460 506 3535 narraverit,
530 3460 614 3537 quod
636 3469 667 3521 tu
682 3462 755 3521 nulli
771 3469 974 3524 narraverast
1009 3462 1039 3522 Is
1056 3462 1108 3537 qui
