2422 3862
155 196 217 262 318
448 194 482 255 t..
501 193 648 254 ANNAEI
668 193 843 256 SENECAE

155 358 270 429 potest,
294 349 448 425 prospice.
475 348 693 423 quodcumque
706 349 860 407 laesurum
875 352 936 419 est,
958 347 1054 408 multo
1068 355 1140 410 ante

157 451 248 511 quam
264 432 383 494 accidat
398 431 559 507 speculare
574 437 605 491 et
619 437 731 491 averte.
760 430 789 490 in
809 429 869 490 hoc
884 430 988 505 ipsum
1002 429 1057 492 tibi
1072 433 1138 507 plu·

154 520 264 579 rimum
284 517 422 577 conferet
440 515 553 576 fiducia
567 521 596 575 et
611 515 651 575 ad
665 513 856 575 tolerandum
872 529 962 574 omne
977 514 1140 576 obfirmata

154 618 251 662 mens.
276 607 381 676 potest
393 600 544 661 tonunom
559 613 684 672 cavere,
707 597 759 673 qui
773 603 877 673 potest
890 598 980 658 lerre.
1010 605 1094 659 certe
1108 600 1138 660 in

156 684 318 761 tranquillo
339 700 401 744 non
422 683 628 743 tumultuatur.
670 680 751 742 Nihil
771 689 819 741 cst
839 693 895 740 nec
916 681 1061 742 miserius
1082 698 1139 743 nec

155 770 276 831 stultius
292 783 385 843 quam
404 766 597 842 praetimere.
622 780 703 842 quae
717 763 777 826 ista
794 763 948 824 dementia
962 771 1011 825 est
1025 767 1140 827 malum

124 859 244 914 esuum
259 851 463 911 antecederet
504 848 645 925 Denique
659 854 693 909 ut
706 848 840 908 breviter
859 848 1030 922 includam,
1054 851 1140 925 quod

155 936 270 1008 sentio,
294 941 324 994 et
343 933 421 994 istos
442 932 578 1008 satagios
598 948 635 992 ac
650 931 709 993 sibi
723 933 871 992 molestos
887 932 1062 992 describam
1075 932 1138 1007 tibi,

152 1027 214 1079 tam
228 1018 466 1093 intemperantes
481 1017 511 1075 in
533 1014 611 1092 ipsis
627 1014 759 1076 miseriis
777 1031 869 1091 quam
885 1021 957 1076 sunt
970 1023 1041 1077 ante
1055 1017 1138 1077 illesa

153 1105 224 1178 ptus
241 1101 324 1163 dolet
336 1115 572 1176 quamnccesse
587 1106 644 1174 est,
660 1100 712 1174 qui
727 1106 797 1159 ante
811 1100 893 1159 dolet
904 1115 995 1174 quam
1008 1115 1139 1161 necesse

155 1192 212 1246 est.
239 1185 348 1246 eadem
370 1185 450 1244 enim
469 1183 642 1244 infirmitate
663 1183 802 1244 dolorem
822 1197 884 1242 non
899 1183 1056 1258 aestimat,
1077 1200 1139 1259 qua

154 1286 217 1330 nou
229 1275 397 1345 exspectat.
419 1268 528 1328 eadem
540 1267 772 1342 intemperantia
784 1266 870 1342 fingit
884 1266 943 1326 sibi
958 1274 1138 1343 perpetuam

148 1353 328 1414 felicitatem
355 1368 458 1424 suam,
486 1351 574 1426 fingit
599 1366 741 1412 cresccre
766 1351 895 1425 debere,
923 1366 1139 1427 quaecumque

155 1438 360 1512 contigerunt,
376 1452 437 1497 non
453 1442 568 1496 tantum
582 1437 701 1508 durare,
719 1442 757 1507 et,
774 1435 886 1496 oblitus
901 1433 992 1495 huius
1008 1437 1138 1511 petauri,

156 1538 218 1597 quc
240 1521 374 1582 bumana
395 1519 557 1594 iactantur,
579 1520 637 1580 sibi
658 1519 711 1581 uni
730 1519 919 1580 fortuitorum
935 1518 1140 1580 constantiam

125 1605 298 1681 aspondet.
331 1604 462 1679 Egregie
475 1604 579 1677 itaque
594 1603 714 1664 videtur
726 1601 797 1662 mibi
810 1602 1006 1664 Metrodorus
1018 1601 1138 1662 dixisse

153 1687 186 1748 in
201 1705 239 1749 ea
253 1687 400 1764 epistula,
423 1704 485 1762 qua
506 1702 643 1748 sororem
663 1686 778 1747 amisso
799 1687 931 1762 optimae
946 1684 1056 1746 indolis
1072 1685 1137 1747 filio

155 1772 343 1848 adloquitur:
372 1775 496 1832 mortale
512 1784 554 1832 cst
574 1787 659 1833 omae
677 1773 845 1831 mortalium
865 1771 978 1832 bonam.
1020 1770 1066 1829 De
1086 1768 1137 1830 his

153 1857 290 1932 loquitur
303 1853 403 1928 bonis,
419 1856 459 1915 ad
475 1871 555 1931 quae
570 1854 774 1915 concurritur:
793 1871 862 1914 nam
877 1855 952 1915 illud
962 1868 1070 1914 verum
1081 1853 1137 1914 bo-

154 1957 226 2001 num
241 1956 303 2000 non
318 1939 458 2011 moritur,
481 1945 595 2000 certum
611 1945 659 1998 est
673 1937 969 2013 sempiternumque,
986 1937 1138 2013 sapientia

112 2034 147 2087 10
154 2032 184 2085 et
197 2024 311 2084 virtus:
333 2022 393 2084 lroe
408 2039 501 2083 unum
516 2022 663 2097 contingit
676 2022 835 2082 inmortale
849 2021 1038 2083 mortalibus.
1082 2021 1137 2081 cc-

153 2116 251 2167 temm
265 2115 327 2166 tam
344 2105 466 2181 inprobi
481 2113 552 2167 sunt
566 2113 689 2181 tamque
704 2105 798 2179 obliti,
817 2121 878 2180 quo
893 2112 972 2178 eant,
990 2121 1052 2181 quc
1068 2104 1137 2165 illos

155 2189 266 2264 singuli
292 2189 358 2249 dies
378 2190 512 2262 turbent,
537 2198 571 2251 ut
590 2189 735 2250 mirentur
755 2187 870 2265 aliquid
890 2188 979 2265 ipsos
1000 2189 1139 2249 amittere

154 2271 297 2333 amissuri
310 2289 371 2332 uno
387 2272 437 2332 die
453 2271 563 2333 omnia.
608 2271 760 2349 Quicquid
780 2279 842 2346 est,
864 2275 913 2333 cui
933 2273 1077 2334 dominus
1091 2272 1137 2333 in·

154 2355 307 2429 scriberis,
324 2355 407 2431 apud
422 2363 451 2416 te
467 2362 522 2430 est,
537 2363 622 2417 tuum
636 2364 773 2417 nonest:
788 2355 862 2417 nihil
874 2356 994 2418 firmum
1004 2356 1137 2433 infirmo,

153 2439 228 2501 nihil
248 2438 348 2515 fragili
368 2445 525 2500 aeternum
546 2448 575 2501 et
596 2438 741 2501 invictum
763 2447 820 2500 est.
849 2447 911 2500 tam
931 2455 1063 2500 necesse
1089 2448 1138 2502 est

152 2525 253 2601 perire
269 2541 360 2600 quam
375 2523 506 2600 perdere
521 2532 551 2585 et
566 2524 626 2585 hoc
641 2523 758 2598 ipsum,
781 2524 809 2583 si
823 2523 1037 2600 intellegimus,
1054 2525 1136 2585 sola-

151 2610 226 2670 tium
250 2616 298 2670 est
322 2625 422 2685 aequo
448 2609 549 2669 animo
570 2608 715 2683 perdere,
744 2609 844 2684 [quoa]
865 2609 1057 2683 pereundum
1078 2615 1137 2669 est.

112 2703 144 2756 11
152 2692 232 2766 Quid
252 2708 325 2768 ergo
347 2694 498 2755 adversus
518 2692 575 2753 bas
601 2690 784 2753 amissiones
810 2691 915 2753 auxilii
940 2691 1137 2753 invenimus?

151 2774 1136 2851 hoc,utmem0riateneamusamissancccumipsis

153 2859 318 2918 fructum
336 2859 519 2918 excidere
534 2860 738 2936 patiamur,
760 2875 870 2933 quem
885 2877 932 2919 ex
951 2859 1036 2920 illis
1054 2866 1135 2935 pcr-

154 2941 335 3016 ccpimus.
355 2940 469 3000 habere
480 2943 614 3018 eripitur,
628 2943 774 3004 habuisse
786 2959 961 3020 numquam.
977 2943 1136 3018 peringra-

152 3031 203 3084 tus
218 3029 274 3096 est,
290 3024 343 3098 qui
359 3040 426 3084 cum
442 3025 557 3100 amisit,
574 3043 632 3101 pro
647 3034 774 3102 accepto
790 3026 864 3086 nibil
879 3026 979 3087 debet.
1000 3043 1064 3085 rem
1080 3041 1135 3086 no-

152 3106 201 3166 bis
222 3107 312 3182 eripit
333 3124 439 3181 casus,
466 3127 557 3171 usum
576 3104 770 3187 fructumque
788 3111 871 3186 apud
895 3126 953 3171 nos
979 3110 1134 3187 relinquit,

110 3198 243 3264 laquem
265 3208 323 3252 nos
344 3191 502 3269 iniquitate
523 3193 667 3254 desiderii
688 3193 888 3270 perdidimus.
932 3195 988 3254 Die
1001 3194 1070 3254 tibi:
1094 3209 1135 3254 ex

151 3272 235 3348 istis,
256 3291 336 3351 quae
349 3277 494 3338 terribilia
508 3278 664 3352 videntur,
680 3279 753 3339 nihil
772 3287 819 3340 est
832 3278 988 3339 invictum.
1012 3277 1136 3352 singula

151 3356 255 3419 vicere
270 3359 329 3418 iam
344 3361 441 3422 multi:
463 3362 565 3436 ignem
577 3361 713 3439 Mucius,
730 3379 851 3424 crucem
865 3364 1020 3438 Regulus,
1041 3375 1134 3420 vene·

153 3458 226 3504 num
247 3441 407 3520 Socrates,
432 3444 555 3508 exilium
571 3445 718 3523 Rutilius,
745 3455 871 3510 mortem
892 3449 972 3508 terro
994 3446 1135 3505 adactam
