2422 3862
239 207 408 268 EPISTUL.
423 206 516 268 MOR.
538 207 672 267 LlB.Xl.
694 207 752 267 ΕΡ.
767 217 795 270 2.
817 214 888 282 (81.)
990 207 1053 272 211

73 366 103 419 et
123 373 159 420 se
178 358 310 419 adsidua
330 357 397 419 eius
420 358 708 419 commemoratione
723 357 862 418 delectat.
890 358 979 419 Malis
995 372 1097 426 unare

73 444 218 516 voluptas
237 450 284 502 est
301 449 331 501 et
345 440 423 502 haec
437 441 556 516 brevis,
572 441 645 501 dum
660 440 813 517 accipiunt
827 442 992 519 beneficia,
1014 460 1054 504 ex

73 527 185 602 quibus
200 525 331 601 sapienti
353 527 476 600 longum
492 524 635 599 gaudium
651 532 753 586 manet
766 541 803 585 ac
818 541 964 601 perenne.
993 544 1054 588 non

70 611 152 672 enim
166 610 250 669 illum
266 610 424 688 accipere,
440 609 496 669 sed
509 608 670 684 accepisse
684 610 823 684 delectet,
841 611 926 685 quod
941 611 1052 672 inmor-

70 696 130 754 tale
151 702 199 754 est
220 700 251 753 et
270 693 449 754 adsiduum:
476 692 527 752 illa
548 693 724 767 contemnit,
746 694 859 768 quibus
874 696 979 756 laesus
996 703 1053 770 est,

70 794 128 838 nec
144 777 333 842 obliviscitur
348 793 404 853 per
417 776 646 852 neglegentiam,
663 778 719 837 sed
736 778 855 839 volens.
883 779 949 839 Non
968 780 1096 841 vertitan

71 861 173 923 omnia
188 861 217 919 in
233 861 322 937 peius
338 877 395 922 nec
410 861 537 937 quaerit,
554 861 602 921 cui
617 860 736 937 inputet
751 877 865 934 casum,
882 870 912 923 et
926 872 1055 939 peccata

70 945 227 1005 hominum
252 945 292 1004 ad
322 946 473 1006 fortunam
500 945 602 1018 potius
626 946 727 1004 refert.
766 962 826 1006 non
855 949 1056 1010 calumniatur

72 1029 167 1090 verba
182 1045 239 1089 nee
254 1030 371 1089 voltus:
387 1029 535 1105 quioquid
550 1028 667 1104 accidit,
682 1028 814 1104 benigne
826 1029 1054 1108 interpretando

71 1115 162 1173 levat.
192 1129 253 1173 non
278 1112 417 1174 offensae
437 1112 538 1188 potius
560 1128 651 1188 quam
672 1113 765 1173 ollicii
787 1114 927 1176 meminit.
959 1133 1054 1191 quan·

72 1205 134 1258 tum
147 1204 264 1271 potest,
285 1198 316 1255 in
338 1196 439 1272 priore
459 1213 496 1256 ac
517 1198 641 1257 meliore
658 1213 693 1258 se
708 1198 854 1258 memoria
868 1199 983 1261 detinet
998 1215 1055 1261 nee

70 1288 166 1342 mutat
182 1282 315 1342 animum
330 1281 482 1340 adversus
504 1281 582 1341 bene
597 1281 737 1356 meritos,
761 1281 819 1342 nisi
834 1284 960 1344 multum
976 1284 1055 1344 male

71 1367 151 1428 tacta
166 1366 356 1440 praecedunt
372 1373 402 1424 et
423 1365 616 1426 manifestum
636 1367 727 1426 etiam
751 1365 927 1426 conniventi
946 1367 1054 1428 discri-

70 1465 142 1510 men
156 1457 217 1510 est:
244 1457 315 1509 tunc
332 1465 456 1523 quoque
469 1449 499 1508 in
514 1449 574 1509 hoc
589 1449 760 1522 dumtaxat,
781 1456 814 1510 ut
835 1451 903 1510 talis
923 1450 963 1509 sit
985 1458 1056 1525 post

71 1533 218 1594 maiorem
240 1533 379 1592 iniuriam
402 1535 502 1608 qualis
523 1540 593 1593 ante
608 1532 800 1593 beneficium.
832 1549 902 1592 nam
918 1549 987 1592 cum
1000 1534 1054 1593 be·

71 1616 182 1677 nelicio
199 1634 255 1692 par
267 1623 315 1677 est
330 1615 453 1690 iniuria,
469 1616 583 1692 aliquid
599 1617 628 1675 in
645 1615 745 1676 animo
761 1617 992 1677 benevolentiae
1007 1631 1054 1675 re-

71 1707 181 1760 manet.
211 1701 472 1775 Quemadmodum
487 1717 559 1760 reus
574 1700 732 1760 sententiis
750 1699 875 1775 paribus
887 1699 1055 1761 absolvitur
1062 1707 1096 1764 26

72 1793 101 1844 et
115 1800 239 1860 semper
256 1784 402 1859 quioquid
416 1785 542 1845 dubium
557 1791 612 1856 est,
629 1784 800 1843 humanitas
815 1784 939 1844 inclinat
949 1784 979 1843 in
991 1800 1053 1843 me·

71 1869 146 1928 lius:
183 1869 228 1928 sic
250 1869 369 1929 animus
391 1868 555 1943 sapientis,
583 1867 635 1928 ubi
661 1868 748 1942 paria
768 1867 926 1928 maleficiis
947 1868 1054 1927 merita

72 1959 151 2025 sunt,
168 1952 288 2012 desinet
302 1953 424 2027 quidem
441 1951 562 2023 debere,
578 1951 635 2011 sed
650 1967 711 2011 non
726 1951 837 2012 desinit
847 1952 926 2011 velle
940 1951 1053 2011 debere

71 2043 100 2096 et
113 2037 173 2096 hoo
191 2036 275 2110 lacit,
291 2036 374 2112 quod
391 2035 443 2111 qui
461 2042 534 2110 post
548 2035 667 2095 tabulas
682 2052 779 2096 novas
796 2036 930 2096 solvunt.
959 2035 1095 2098 Nenort

71 2129 172 2180 autem
187 2127 291 2194 gratus
306 2136 377 2180 esse
391 2127 508 2195 potest,
530 2117 589 2178 nisi
603 2120 822 2194 contempserit
836 2120 910 2192 ista,
927 2126 1056 2195 propter

72 2221 151 2280 quae
168 2204 276 2278 volgus
291 2203 417 2264 insanit:
445 2204 472 2263 si
485 2204 600 2264 reterre
616 2202 663 2264 vis
678 2206 819 2278 gratiam,
840 2204 913 2263 etin
929 2204 1056 2264 exilium

70 2289 205 2350 eundum
222 2295 270 2347 est
284 2296 314 2347 et
326 2287 530 2347 effundendus
543 2288 667 2363 sanguis
680 2294 710 2347 et
721 2288 920 2363 suscipienda
932 2294 1055 2363 egestas

72 2381 103 2433 et
118 2373 187 2446 ipsa
203 2371 375 2432 innocentia
388 2387 482 2446 saepe
493 2373 674 2432 maculanda
685 2370 882 2447 indignisque
894 2372 1056 2432 obicienda

71 2456 256 2517 rumoribus.
287 2455 354 2515 Non
375 2471 472 2529 parvo
494 2455 551 2515 sibi
573 2461 694 2517 constat
707 2454 799 2517 homo
814 2465 936 2530 gratus.¹
963 2453 1098 2529 (Nilrilaa
1156 2528 1160 2535 Ι

72 2540 173 2600 carius
194 2540 390 2600 aestimamus
413 2555 503 2612 quam
525 2539 721 2612 beneficium,
745 2538 891 2614 quamdiu
915 2539 1054 2613 petimus,

71 2622 144 2683 nihil
166 2624 271 2697 vilius,
296 2639 365 2683 cum
386 2623 587 2697 accepimus.)
627 2623 771 2697 Quaeris,
798 2623 872 2698 quid
894 2621 947 2696 sit,
970 2621 1056 2697 quod

72 2706 258 2768 oblivionem
280 2705 370 2767 nobis
385 2714 582 2780 acceptorum
596 2707 708 2767 iaciat?
735 2706 887 2781 cupiditas
902 2705 1055 2781 accipien-

73 2792 192 2852 dorum.
221 2791 391 2865 cogitamus
408 2807 469 2850 non
486 2791 559 2864 quid
574 2791 771 2866 inpetratum,
787 2790 844 2849 sed
860 2789 934 2865 quid
949 2797 1054 2865 peten-

72 2876 145 2935 dum
167 2874 215 2935 sit.
246 2875 426 2936 abstrahunt
448 2891 467 2934 a
486 2882 571 2935 recto
587 2874 724 2947 divitiae,
746 2874 897 2946 honores,
920 2874 1056 2950 potentia

71 2967 102 3019 et
122 2967 237 3031 cetera,
254 2974 333 3033 quae
350 2959 496 3034 opinione
510 2965 616 3019 nostra
631 2975 703 3019 cara
719 2966 805 3032 sunt,
822 2959 920 3034 pretio
937 2974 995 3020 suo
1012 2957 1055 3017 vi-

72 3043 120 3102 lia.
152 3042 312 3102 Nescimus
334 3043 495 3103 aestimare
515 3058 581 3115 res,
601 3042 639 3101 de
660 3042 772 3118 quibus
794 3058 855 3103 non
880 3059 949 3103 curn
965 3044 1097 3115 lammae

72 3127 130 3186 sed
155 3141 223 3186 oum
250 3142 351 3185 rerum
374 3134 480 3186 natura
500 3124 730 3186 deliberandum
754 3133 816 3187 est:
846 3125 920 3186 nihil
943 3126 1056 3186 habent

71 3212 130 3270 ista
145 3210 352 3285 magnificum,
370 3226 431 3286 quo
447 3216 563 3270 mentes
578 3209 608 3267 in
628 3226 663 3270 se
678 3217 800 3270 nostras
815 3211 949 3284 trahant,
966 3224 1055 3285 prae-

72 3300 119 3354 ter
137 3294 211 3368 hoo,
235 3295 320 3369 quod
342 3293 443 3355 mirari
463 3295 514 3352 illa
529 3294 756 3353 consuevimus.
785 3295 958 3367 nonenim,
985 3292 1057 3366 quia

72 3378 322 3454 concupiscenda
338 3385 422 3448 sunt,
438 3376 609 3450 laudantur,
626 3378 683 3437 sed
698 3376 967 3452 concupiscuntur,
983 3377 1059 3449 quia

73 3462 197 3522 laudata
211 3469 297 3522 sunt:
325 3470 436 3524 etcum
451 3461 645 3540 singulorum
665 3477 753 3524 error
771 3461 943 3554 pubiicum
953 3456 1084 3544 isselt„

900 3543 946 3582 Qu
973 3537 1031 3575 '³³³

776 3570 784 3588 ὸ
817 3566 826 3583 ⁸
854 3550 922 3618 ἴξο
981 3565 1040 3601 'n'

781 3601 789 3618 δ
822 3596 832 3611 ⁴
856 3604 865 3620 ’.ι
920 3597 941 3629 4⁸
990 3602 999 3617 a
1019 3595 1061 3636 δ’ὁ

787 3632 796 3648 e
831 3630 840 3647 e
870 3632 907 3666 'a'
929 3644 937 3660 ὰ
998 3632 1008 3646 n
