2422 3862
253 239 1078 325 fflmmmmmmaffi

95 401 207 476 aliquis
227 407 339 475 posset
358 406 441 460 tutus
462 415 549 460 esse=
571 399 713 474 adparuit
734 398 801 460 sine
817 400 968 461 adulterio
981 409 1078 463 tutum

94 500 167 545 esse
185 499 246 543 non
262 499 367 560 posse.
405 485 472 543 Hoc
485 484 563 544 inter
575 482 753 558 Pompeium
769 492 800 544 et
812 483 986 561 Caesarem
1001 486 1109 550 intera

94 566 274 628 Ciceronem
286 568 494 642 catonemque
509 567 707 627 commissum
722 575 778 642 est,
794 568 938 627 Catonern
953 570 1080 644 inquam

92 651 188 724 illum,
205 669 266 726 quo
282 652 410 711 sedente
424 651 559 726 populus
573 656 701 724 negatur
710 650 891 725 permisisse
902 651 960 711 sibi
972 659 1078 727 postu·

93 737 158 794 lare
169 735 306 796 Florales
322 734 410 795 iocos
426 735 639 795 nudandarum
651 734 853 794 meretricum.
885 733 992 796 Credis
1007 752 1078 811 spe·

94 825 197 878 ctasse
220 825 293 880 tunc
313 816 454 878 severius
474 818 615 879 homines
637 834 731 893 quam
753 818 930 878 iudicasset
957 827 988 881 et
1005 820 1081 880 flent

93 909 124 961 et
153 904 233 962 lacta
257 904 316 962 ista
344 909 415 962 sunt
445 909 475 962 et
499 901 664 962 licentia
689 901 838 962 urbium
864 901 1079 978 aliquando

93 985 311 1061 disciplina
330 992 522 1060 metuque,
549 1001 753 1060 numquam
779 992 921 1060 sponte
948 984 1080 1048 consi-

95 1152 289 1227 permisisse,
311 1151 430 1227 legibus
447 1151 612 1212 minimum.
640 1153 732 1227 longe
746 1153 827 1212 enirn
842 1153 989 1228 frugalior
1003 1153 1080 1214 haee

93 1243 237 1297 iuventus
254 1251 345 1311 quam
361 1235 414 1295 illa
428 1242 484 1308 est,
501 1250 571 1296 oum
584 1251 657 1296 reus
672 1237 853 1297 adulterium
865 1238 949 1312 apud
960 1237 1079 1298 iudices

93 1327 234 1394 negaret,
258 1320 376 1379 iudices
398 1319 480 1394 apud
495 1335 583 1380 reum
599 1319 831 1394 confiterentur,
854 1335 923 1380 cum
940 1328 1081 1396 stuprum

93 1403 333 1464 committeretur
347 1403 392 1462 rei
406 1403 589 1464 iudicandae
611 1419 722 1477 causa,
745 1418 814 1463 oum
830 1404 955 1465 Clodius
971 1404 1081 1464 iisdem

93 1487 174 1547 vitiis
197 1487 367 1562 gratiosus,
391 1487 504 1561 quibus
528 1502 661 1558 nocens,
685 1487 901 1547 conciliaturas
922 1494 1081 1547 exerceret

93 1572 123 1630 in
156 1571 226 1645 ipsa
253 1586 367 1630 causae
394 1570 539 1630 dictione.
589 1569 701 1629 credat
725 1568 785 1630 hoo
808 1569 995 1645 quisquam?
1026 1569 1080 1643 qui

93 1654 296 1714 damnabatur
315 1654 367 1713 uni
390 1652 555 1726 adulterio,
580 1652 739 1713 absolutus
764 1660 812 1713 est
825 1653 938 1714 multis.
984 1652 1080 1714 Omne
1088 1672 1122 1724 10

93 1746 214 1813 tempus
230 1738 364 1811 clodios,
379 1754 442 1798 non
459 1753 549 1798 omne
561 1736 692 1797 Catones
708 1737 793 1796 ieret.
816 1737 863 1797 ad
878 1737 1080 1798 deteriora

94 1821 236 1881 faciles
251 1838 392 1894 sumus,
414 1821 487 1896 quia
502 1835 560 1881 nec
576 1821 639 1881 dux
654 1827 757 1895 potest
768 1835 826 1880 nec
838 1835 944 1881 comcs
956 1821 1078 1893 deesse,

94 1911 125 1963 et
143 1920 194 1964 res
216 1905 304 1965 etiam
325 1906 395 1981 ipsa
414 1905 482 1965 sine
503 1904 598 1978 duca,
624 1905 690 1964 sine
713 1905 822 1966 comite
836 1905 985 1980 procedit.
1017 1920 1078 1963 non

93 2005 221 2063 pronum
234 1990 371 2050 euntibus
386 1984 501 2050 tantum
517 1988 556 2048 ad
570 1987 658 2063 vitia,
678 1989 735 2048 sed
751 2003 917 2063 praeceps,
934 1988 1080 2063 et,.quod

93 2074 262 2148 plerosque
287 2073 529 2133 inemendabiles
556 2072 642 2146 lacit,
668 2073 802 2133 omnium
823 2073 952 2133 aliarum
970 2072 1079 2133 artium

93 2165 221 2231 peccata
235 2155 404 2217 artificibus
420 2157 531 2233 pudori
548 2164 620 2218 sunt
634 2157 856 2231 offenduntque
871 2156 1078 2216 deerrantem:

94 2240 174 2300 vitae
190 2249 318 2315 peccata
333 2241 495 2303 delectant.
538 2241 605 2301 Non
627 2242 741 2316 gaudet
754 2240 878 2316 navigio
893 2239 1079 2316 gubernator
1088 2256 1120 2309 11

93 2339 214 2396 everso,
230 2340 292 2383 non
308 2324 422 2397 gaudet
436 2341 530 2400 aegro
545 2325 684 2385 medicus
699 2326 788 2399 elato,
804 2341 866 2386 non
881 2324 995 2399 gaudet
1009 2337 1079 2383 ora·

93 2416 156 2476 tor,
173 2408 199 2464 si
215 2407 336 2480 patroni
351 2408 442 2481 culpa
458 2424 531 2468 reus
547 2408 671 2468 cecidit:
694 2417 725 2468 at
742 2415 849 2469 contra
863 2407 1005 2468 omnibus
1021 2407 1079 2464 ori-

93 2503 163 2548 men
185 2504 276 2546 suum
297 2489 444 2563 voluptati
462 2496 518 2550 est.
547 2492 677 2551 laetatur
697 2492 748 2550 ille
763 2489 929 2565 adulterio,
947 2490 977 2547 in
994 2488 1079 2562 quod

92 2569 233 2631 inritatus
249 2577 297 2631 est
307 2572 377 2645 ipsa
391 2571 578 2632 difficultate.
594 2571 784 2632 laetaturilla
795 2569 1079 2644 circumscriptione

93 2657 238 2730 furtoque
250 2670 308 2714 neo
319 2661 389 2714 ante
400 2655 442 2714 illi
455 2657 545 2730 culpa
558 2670 649 2729 quam
661 2655 771 2728 eulpae
782 2655 904 2716 fortuna
913 2652 1078 2729 displicuit.

92 2740 127 2799 Id
146 2755 243 2814 prava
263 2739 487 2799 consuetudine
503 2737 614 2799 evenit.
640 2737 776 2812 alioquin
794 2746 827 2798 ut
847 2739 928 2797 scias
948 2737 1079 2799 subesse
1088 2751 1121 2804 η

94 2822 203 2883 animis
225 2823 316 2882 eliam
333 2823 362 2882 in
379 2823 516 2898 pessima
530 2821 671 2882 abductis
690 2821 765 2881 boni
778 2837 906 2882 sensum
920 2837 979 2882 neo
992 2823 1079 2896 igno-

92 2907 153 2966 rari
174 2915 294 2981 turpe‚.
306 2907 362 2967 sed
382 2908 518 2983 neglegi:
547 2920 653 2966 omnes
680 2913 807 2979 peccata
827 2904 1020 2966 dissimulant
1038 2913 1078 2978 et,

93 2991 235 3064 quamvis
257 2991 385 3051 lelieiter
407 2991 571 3061 cesserint,
593 2990 693 3050 fructu
708 2989 828 3049 illorum
843 2995 982 3063 utuntur,
1009 2990 1080 3064 ipsa

93 3074 276 3134 subducunt.
300 3082 331 3133 at
350 3075 431 3134 bona
454 3074 643 3135 conscientia
657 3071 782 3148 prodire
795 3075 860 3134 vult
875 3080 906 3134 et
922 3070 1077 3148 conspici:

92 3159 179 3233 ipsas
201 3157 338 3233 nequitia
358 3159 502 3218 tenebras
518 3157 611 3218 timet.
655 3157 818 3231 Eleganter
832 3154 936 3232 itaque
952 3155 990 3217 ab
1005 3155 1122 3231 Epi-13

93 3256 167 3301 curo
184 3241 298 3302 dictum
319 3249 412 3317 putot
435 3241 560 3314 „Potest
576 3242 698 3302 nocenti
713 3241 906 3316 contingere,
927 3247 961 3302 ut
975 3241 1077 3312 lateat,

95 3325 209 3384 latendi
229 3325 307 3385 lides
328 3341 389 3386 non
413 3331 545 3401 potest.“
574 3332 627 3386 aut
647 3326 674 3385 si
690 3325 750 3385 hoc
767 3325 859 3385 modo
874 3323 982 3384 melius
997 3322 1080 3383 hunc

96 3408 244 3481 explicari
264 3425 361 3482 posse
381 3409 501 3469 iudicas
523 3425 666 3470 sensum=
695 3409 789 3482 „Ideo
811 3423 873 3468 non
892 3407 1021 3482 prodeat
1037 3406 1080 3463 la-

94 3495 158 3550 tere
180 3493 395 3569 peccantibus,
418 3493 490 3572 quia
510 3493 623 3554 latendi
637 3492 756 3553 etiamsi
770 3490 942 3551 felicitatem
957 3488 1081 3561 babent,
