2422 3862
209 220 378 281 EPISTUL.
392 219 486 292 ΜΘΗ.
507 220 580 282 LlB.
592 221 655 281 XX.
678 220 736 281 ΕΡ.
747 229 774 284 3.
795 227 884 297 (120.)
975 222 1040 286 399

57 383 136 434 ctam
151 389 223 432 esse
237 373 389 433 virtutem.
415 374 502 434 lianc
518 374 547 433 in
563 382 666 449 partes
682 373 859 435 divisimus:
882 377 1045 452 oportebat
1052 377 1081 429 ll

57 457 239 532 cupiditates
249 457 411 531 refrenari,
427 466 526 519 metus
539 458 704 533 conprimi,
720 457 861 518 iacienda
877 461 1043 536 provideri,

56 540 216 601 reddenda
232 541 387 601 distribui:
403 541 683 617 conprehendimus
699 543 944 618 temperantiam,
959 545 1042 605 lorti-

56 627 208 699 tudinem,
229 625 435 700 prudentiam,
456 625 600 687 iustitiam
621 633 651 686 et
665 641 755 686 suum
775 627 887 702 cuique
902 628 1042 688 dedimus

57 708 204 771 osticium.
235 709 281 767 Ex
304 726 365 784 quo
389 725 463 784 ergo
488 710 629 770 virtutem
651 709 877 771 intelleximus?
905 710 1043 772 Ostendit

56 797 138 854 illam
158 793 248 853 nobis
267 795 344 853 ordo
367 792 434 854 eius
455 801 486 853 et
505 794 600 856 decor
620 801 651 853 et
665 793 836 855 constantia
858 802 889 855 et
909 796 1042 855 omnium

55 881 134 937 inter
161 893 196 937 se
217 877 368 938 actionum
390 877 556 938 concordia
578 885 609 939 et
628 878 804 952 magnitudo
826 893 921 953 super
941 880 1042 939 omnia

56 962 190 1022 efferens
207 976 288 1022 sese.
316 960 394 1021 Hinc
415 962 568 1022 intellecta
587 969 635 1023 est
656 962 707 1021 illa
720 963 811 1023 beata
825 963 887 1022 vita
902 963 1041 1023 secundo

57 1045 198 1106 defluens
220 1060 328 1119 cursu,
352 1045 467 1105 arbitrii
488 1045 536 1105 sui
552 1052 625 1106 tota.
656 1045 815 1118 Quomodo
832 1061 905 1120 ergo
922 1042 1085 1122 huelp-12

57 1147 124 1191 sum
142 1129 230 1190 nobis
247 1129 409 1204 adparuit?
437 1129 552 1190 dicam:
575 1145 742 1204 numquam
759 1131 805 1190 vir
820 1130 870 1188 ille
885 1132 1041 1206 perlectus

56 1215 253 1288 adeptusque
274 1213 416 1273 virtutem
430 1215 570 1274 fortunae
584 1213 749 1273 maledixit.
781 1229 946 1288 numquam
962 1214 1041 1275 acci-

56 1296 160 1357 dentia
180 1298 275 1357 tristis
298 1298 429 1375 excepit.
460 1297 558 1357 civem
580 1311 652 1358 esse
673 1313 709 1357 se
723 1296 856 1357 universi
875 1306 906 1358 et
919 1297 1042 1359 militem

57 1381 188 1442 credens
209 1381 332 1443 labores
353 1378 437 1441 v‘elut
457 1382 624 1456 imperatos
639 1379 742 1441 subiit.
767 1381 913 1456 quicquid
928 1381 1041 1440 incide-

55 1473 117 1538 rat,
141 1481 201 1525 non
224 1474 379 1540 tamquam
401 1467 514 1525 malum
535 1472 719 1540 aspernatus
741 1471 790 1525 est
812 1472 843 1524 et
861 1464 891 1524 in
913 1481 949 1524 se
967 1480 1043 1524 casu

56 1551 206 1623 delatum,
231 1550 288 1609 sed
312 1549 401 1624 quasi
424 1550 597 1624 delegatum
618 1548 687 1608 sibi.
708 1547 802 1622 „Hoc
818 1549 1042 1623 qualecumque

57 1639 119 1706 est,
142 1632 255 1709 inquit,
275 1648 376 1694 meum
397 1641 454 1694 est.
481 1649 626 1707 asperum
641 1638 702 1703 est,
725 1632 834 1693 durum
851 1639 913 1692 esta
937 1631 967 1690 in
983 1630 1042 1691 hoc

56 1719 127 1792 ipso
144 1733 292 1777 navemus
314 1723 471 1792 operam.“
499 1715 734 1776 Necessario
757 1716 861 1790 itaque
882 1714 1085 1790 magnusld

56 1801 252 1876 adparuit,
278 1801 341 1876 qui
362 1816 562 1877 numquam
581 1800 694 1860 malis
716 1799 915 1873 ingemuit,
938 1816 1041 1859 num·

58 1901 166 1959 quam
189 1886 234 1944 de
254 1885 336 1945 lato
358 1901 427 1947 suo
451 1892 615 1961 questus
632 1893 706 1945 esta
727 1882 1041 1943 lecitmultisintelle-

57 1977 138 2028 ctum
155 1969 202 2028 sui
217 1977 247 2030 et
261 1985 322 2028 non
338 1968 426 2030 aliter
442 1986 532 2045 quarn
547 1970 577 2029 in
593 1968 727 2029 tenebris
743 1969 843 2027 lumea
861 1966 975 2027 effulsit
988 1967 1041 2025 ad·

57 2052 208 2127 vertitque
230 2051 261 2112 in
282 2068 317 2112 se
339 2055 472 2115 omnium
491 2054 625 2127 animos,
653 2069 722 2112 cum
746 2059 831 2112 esset
850 2051 990 2126 placidus
1011 2056 1042 2109 et

58 2137 151 2208 lenis,
169 2137 309 2197 humanis
324 2138 498 2213 divinisque
512 2138 606 2199 rebus
623 2137 736 2212 pariter
750 2152 878 2211 aequus.
901 2134 1042 2195 Habebat
1051 2128 1084 2185 14

57 2222 225 2296 perlectum
238 2220 372 2282 animum
383 2223 423 2282 ad
438 2238 586 2283 summam
599 2222 646 2281 sui
657 2221 825 2294 adductus,
841 2235 936 2295 supra
950 2234 1042 2295 quarn

57 2303 130 2362 nihil
152 2312 200 2364 est
220 2304 280 2366 nisi
301 2322 389 2366 mens
411 2306 475 2379 dei,
501 2322 542 2365 ex
562 2322 624 2379 quo
647 2321 723 2380 pars
745 2314 775 2365 et
796 2306 825 2364 in
847 2305 907 2365 hoc
931 2310 1040 2378 pectus

57 2386 185 2446 mortale
208 2387 352 2461 defluxit,
390 2390 473 2462 quod
499 2405 665 2463 numquam
692 2391 790 2462 magis
820 2387 956 2448 divinum
984 2391 1041 2458 cst,

23 2488 26 2493 ’
58 2485 151 2544 quam
171 2470 222 2529 ubi
246 2470 462 2532 mortalitatem·
473 2488 560 2532 suam
576 2472 689 2545 cogitat
703 2478 733 2530 et
747 2471 805 2530 scit
818 2472 847 2529 in
863 2472 923 2531 hoc
938 2475 1041 2528 natum

57 2553 226 2626 hominem,
240 2561 273 2614 ut
288 2554 349 2613 vita
364 2556 595 2629 defungeretur,
608 2569 666 2614 nec
680 2555 803 2613 domum
816 2553 960 2613 essehoc
975 2567 1041 2611 cor-

57 2654 132 2714 puS,
150 2638 205 2697 scd
221 2637 388 2712 hospitium
405 2638 571 2713 etquidem
587 2637 681 2697 breve
697 2636 878 2711 hospitium,
896 2634 978 2712 qaod
995 2650 1040 2694 re-

57 2722 256 2798 linquendum
273 2728 335 2796 ast,
350 2721 403 2783 ubi
417 2729 447 2782 te
462 2736 585 2797 gravem
602 2735 674 2780 esse
686 2720 800 2795 hospiti
813 2719 930 2780 videas.
944 2718 1040 2778 Maxi·
1052 2718 1084 2773 15

57 2823 155 2879 mum,
176 2807 316 2882 inquam,
338 2807 378 2866 mi
391 2806 503 2881 Inrcili,
525 2812 736 2882 argumentum
760 2810 808 2864 est
829 2803 921 2863 animi
943 2803 982 2862 ab
998 2803 1040 2862 al·

56 2891 134 2950 tiore
151 2892 226 2949 sede
241 2890 409 2967 venientis,
424 2892 451 2952 si
468 2891 559 2966 haec,
577 2889 606 2949 in
621 2888 731 2965 quibus
746 2894 902 2962 versatur,
918 2885 1041 2947 humilia

57 2973 172 3035 iudicat
193 2981 223 3033 et
242 2983 387 3050 angusta,
408 2975 435 3036 si
457 2975 541 3036 exire
561 2991 622 3036 non
645 2974 758 3035 metuit.
790 2972 848 3033 scit
863 2973 958 3044 enim,
980 2986 1041 3045 quo

58 3059 194 3118 exiturus
216 3058 271 3131 sit,
295 3059 361 3133 qui,
382 3061 464 3120 unde
486 3059 617 3134 venerit,
639 3057 784 3118 meminit.
814 3073 875 3117 non
890 3056 1042 3128 videmus,

59 3159 150 3216 quam
170 3145 264 3203 multa
279 3159 336 3203 nos
352 3142 547 3205 incommoda
561 3144 728 3219 exagitent,
753 3157 844 3216 quam
857 3142 937 3201 male
951 3138 1041 3198 nobis

59 3227 221 3287 conveniat
238 3227 297 3287 hoc
320 3235 455 3302 corpusl
482 3243 562 3288 nunc
583 3227 622 3286 de
643 3227 757 3302 capite,
780 3241 862 3286 nunc
875 3225 914 3284 de
928 3227 1085 3296 ventrali

59 3325 141 3368 nunc
161 3311 199 3369 de
222 3318 347 3385 pectore
369 3325 405 3370 ac
427 3310 568 3371 saucibus
585 3311 750 3385 querimur.
772 3309 856 3369 alias
872 3307 957 3367 nervi
973 3322 1041 3376 nos,

60 3393 136 3453 alias
153 3394 250 3467 pedes
264 3402 393 3466 vexant,
416 3410 497 3454 nunc
512 3394 657 3468 deiectio,
677 3410 759 3454 nune
781 3392 947 3453 distillatio.
989 3387 1042 3446 ati-

60 3476 185 3555 quando
208 3485 351 3554 superest
369 3478 511 3553 sanguis,
536 3477 702 3553 aliquando
727 3478 824 3537 deest.
857 3475 929 3534 hinc
950 3479 1044 3546 atque
