2422 3862
216 245 388 306 EPISTUL.
404 244 499 305 MOR.
520 245 594 304 LlB.
611 243 689 303 XIII.
710 243 769 303 ΕΡ.
786 251 813 306 3.
834 251 848 320 (
885 249 907 316 .)
993 244 1056 309 251

63 395 287 458 exercitatione
308 395 461 470 procedit:
489 395 546 456 sed
568 402 599 455 ut
619 395 780 470 procedat,
814 396 996 471 inpetranda
1015 399 1058 460 illi

65 481 223 558 quaedam
239 479 390 555 principia
404 487 484 540 sunt.
517 495 578 539 non
594 485 643 538 est
656 487 755 539 autem
771 494 821 538 ars
838 481 886 540 sui
901 481 991 554 iuris,
1008 484 1057 543 cui

65 566 239 641 precarium
256 564 484 623 fundamentum
498 570 554 622 est.
593 561 791 637 Philosophia
808 563 849 622 nil
870 564 908 623 ab
928 564 987 625 alio
1004 575 1101 640 pta-28

63 650 109 720 tit,
128 657 225 709 totum
241 664 320 722 opus
335 663 354 706 a
369 648 436 707 solo
454 647 579 707 excitata
600 645 820 721 mathematice,
841 654 874 707 ut
888 648 929 708 ita
946 647 1055 722 dicam,

63 730 284 807 superficiaria
298 738 360 805 est,
375 731 405 790 in
422 731 521 791 alieno
537 729 689 789 aedificat.
724 730 836 805 accipit
850 730 963 806 prima,
979 749 1057 807 quo-

64 833 133 878 rum
148 814 301 876 beneficio
317 815 357 874 ad
371 814 514 874 ulteriora
537 813 705 887 perveniat.
749 814 776 874 si
801 831 857 889 per
881 831 917 875 se
939 815 996 875 iret
1017 818 1058 877 ad

63 915 183 974 verum,
200 899 226 959 si
241 898 334 959 totius
349 897 454 957 mundi
469 905 605 957 naturam
618 904 726 971 posset
738 898 998 974 conprehendere,
1012 900 1054 960 di·

64 998 170 1044 cerem
184 984 311 1042 multum
327 983 516 1042 conlaturam
534 979 685 1042 mentibus
704 983 834 1058 nostris,
850 999 931 1058 quae
947 991 1058 1044 tracta·

64 1076 99 1129 tu
115 1065 295 1127 coelestium
312 1073 454 1126 crescunt
467 1065 651 1140 trahuntque
670 1066 787 1140 aliquid
807 1082 847 1126 ex
864 1069 933 1128 alto.
977 1068 1059 1128 Una

64 1167 105 1210 re
120 1157 415 1211 consummatur
434 1149 600 1222 animus,
623 1148 1058 1212 scientiabonorumao

64 1235 250 1294 malorum
277 1232 514 1305 inmutabili,
544 1248 643 1307 quae
668 1234 748 1294 soli
774 1234 1058 1311 philosophiae

63 1319 259 1393 conpetit:
286 1317 360 1377 nihil
386 1325 486 1378 autern
510 1318 572 1376 ulla
598 1332 648 1377 ars
675 1318 735 1378 alia
756 1319 795 1378 de
810 1319 901 1379 bonis
916 1335 953 1380 ac
968 1320 1057 1380 malis

64 1403 194 1477 quaerit.
230 1401 374 1477 Singulas
389 1401 473 1462 tebet
488 1401 648 1462 circumire
662 1402 846 1462 virtutes:
862 1404 1099 1464 tortitudottl

64 1485 270 1561 contemptrix
289 1485 494 1547 timendorum
515 1491 572 1546 est.
616 1485 760 1545 terribilia
781 1492 812 1544 et
828 1486 886 1546 sub
901 1487 1006 1562 iugum
1021 1488 1056 1546 li·

62 1571 212 1630 bertatem
233 1576 370 1631 nostram
392 1568 539 1629 mittentia
564 1567 709 1643 despicit,
738 1577 902 1644 provocat,
929 1571 1056 1645 frangite

63 1654 214 1729 numquid
229 1670 304 1729 ergo
319 1654 400 1713 hanc
414 1653 551 1712 liberalia
565 1652 668 1712 studia
684 1651 911 1713 conroborentt
940 1652 1056 1714 Fides

61 1737 292 1798 sanctissimum
307 1737 432 1797 humani
447 1736 583 1811 pectoris
597 1737 713 1796 bonum
729 1742 792 1810 est,
818 1737 902 1797 nulla
920 1737 1056 1797 necessi·

64 1829 125 1882 tate
152 1822 191 1880 ad
217 1822 384 1881 lallendum
409 1821 543 1896 cogitur,
573 1820 656 1880 nullo
675 1821 885 1894 conrumpitur
907 1820 1054 1896 praemio.

62 1920 155 1981 „ure‚
173 1905 284 1979 inquit,
301 1906 411 1978 caede,
428 1904 550 1965 occide:
567 1919 628 1964 non
645 1905 786 1978 prodam,
803 1903 861 1963 sed
878 1922 940 1980 quo
956 1906 1055 1979 magis

63 1995 186 2050 secreta
201 1997 329 2064 quaeret
343 1991 440 2063 dolor,
466 1988 526 2048 hoc
540 1989 591 2047 illa
609 1988 698 2048 altius
715 1989 882 2048 condam“=
904 1989 1056 2063 numquid

62 2071 202 2133 liberalia
225 2074 329 2133 studia
353 2073 412 2133 hos
436 2073 555 2132 animos
577 2073 681 2132 lacere
703 2079 854 2147 possuntt
893 2075 1054 2148 Tempe·

62 2157 190 2216 rantia
221 2157 428 2232 voluptatibus
453 2157 592 2231 imperat.
644 2155 720 2217 alias
747 2157 812 2217 odit
836 2163 929 2232 atque
951 2157 1054 2233 abigit,

62 2241 139 2300 alias
155 2240 317 2315 dispensat
330 2249 361 2301 et
377 2242 416 2300 ad
431 2256 539 2300 sanum
555 2241 680 2302 modum
701 2241 812 2315 redigit
831 2257 889 2302 nee
909 2257 1055 2316 umquam

62 2326 102 2384 ad
118 2325 187 2386 illas
203 2332 330 2399 propter
351 2325 438 2400 ipsas
453 2326 545 2385 venit.
588 2326 647 2386 scit
667 2325 814 2399 optimum
837 2342 910 2387 esse
930 2326 1055 2386 modum

62 2409 238 2483 cupitorum
262 2425 323 2469 non
345 2416 494 2484 quantum
516 2410 608 2481 velis,
638 2409 695 2468 sed
713 2416 857 2484 quantum
873 2409 988 2469 debeas
1003 2424 1054 2469 su·

61 2507 158 2551 mera.
199 2493 427 2553 Humanitas
453 2499 534 2552 vetat
559 2492 726 2567 superbum
747 2509 819 2554 csse
836 2493 987 2552 adversus
1003 2497 1097 2554 sobo

62 2577 140 2650 cios,
156 2582 238 2635 vetat
252 2593 398 2638 amarum.
440 2577 558 2649 verbis,
572 2576 681 2647 rebus,
697 2576 868 2636 adfectibus
885 2591 1003 2636 comem
1018 2592 1054 2636 se

62 2660 246 2735 facilemque
261 2661 402 2720 omnibus
418 2666 562 2735 praestat.
595 2659 709 2720 nullum
723 2660 855 2719 alienum
871 2661 983 2719 malum
999 2675 1053 2734 pu·

60 2751 113 2804 tat.
157 2745 273 2805 bonum
289 2753 389 2806 autem
405 2761 495 2805 suum
510 2745 580 2804 ideo
596 2743 742 2817 maxime,
760 2743 844 2818 quod
859 2743 949 2804 alicui
971 2743 1053 2805 bono

62 2831 197 2888 luturum
219 2835 281 2903 est,
307 2835 401 2889 amat:
428 2828 578 2904 numquid
599 2828 735 2888 liberalia
759 2827 860 2889 studia
875 2827 934 2888 hos
950 2844 1053 2889 mores

61 2913 276 2987 praecipiunt?
318 2928 381 2972 non
402 2914 500 2988 magis
518 2929 611 2988 quam
633 2911 944 2988 simplicitatem,
961 2929 1054 2988 quam

60 2997 294 3056 modestiam
326 3012 362 3055 ac
392 2997 714 3072 moderationem,
742 3013 804 3057 non
833 2997 931 3071 magis
961 3013 1054 3073 quam

60 3081 328 3155 frugalitatem
355 3096 392 3140 ac
418 3081 710 3156 parsimoniam,
745 3097 808 3141 non
838 3081 936 3156 magis
961 3097 1053 3155 quam

60 3166 320 3238 clementiam,
338 3180 418 3239 quae
433 3165 532 3225 alieno
548 3165 688 3240 sanguini
707 3173 860 3239 tamquam
882 3180 940 3224 suo
956 3165 1055 3239 parcit

59 3255 90 3308 et
105 3249 164 3309 scit
178 3249 294 3309 homini
309 3264 372 3308 non
388 3263 459 3308 esse
478 3247 601 3309 homine
615 3249 744 3324 prodige
758 3248 915 3308 utendum.
958 3249 1052 3323 „Cum
1061 3255 1095 3310 31

61 3333 185 3407 dicatis,
212 3332 326 3408 inquit,
353 3333 420 3393 sine
444 3331 619 3393 liberalibus
641 3333 750 3392 studiis
770 3332 810 3390 ad
831 3331 1055 3392 virtutemnon

59 3417 232 3494 perveniri,
260 3416 519 3493 quemadmodum
541 3415 660 3491 negatis
682 3416 734 3475 illa
747 3413 821 3473 nihil
836 3416 977 3474 conterre
990 3416 1052 3473 vir-

60 3501 161 3564 tutit“
199 3501 271 3576 quia
285 3516 342 3561 nec
359 3501 426 3561 sine
444 3500 513 3560 cibo
534 3500 575 3559 ad
590 3501 730 3560 virtutem
749 3499 938 3572 pervenitur,
964 3496 1052 3557 cibus
