2422 3862
387 415 421 496 lr.
446 413 585 496 illiti
612 412 782 496 tumult

450 567 499 617 AD
529 566 718 619 LUGILIUM

133 683 630 824 artsrucluuu
672 684 1030 784 uoulttuu

485 849 617 913 LIBER
645 850 683 913 ΙΙ.

520 1009 650 1019 ——-

408 1136 623 1194 EPISTULA
644 1139 665 1194 Ι.
688 1139 758 1208 (13.)

347 1232 457 1286 Surisca
475 1235 586 1286 Lucrum
608 1246 660 1286 suo
680 1246 820 1290 susurru.

152 1337 283 1398 Multum
299 1336 354 1397 tibi
370 1353 441 1398 esse
455 1338 546 1398 animi
562 1336 638 1399 scio.
662 1355 731 1398 nam
744 1339 834 1399 etiam
852 1346 1013 1416 antequam
1029 1339 1072 1399 in·
1090 1362 1101 1414 1

93 1429 226 1482 strueres
247 1430 279 1482 te
301 1423 476 1498 praeceptis
504 1423 687 1484 salutaribus
714 1430 743 1483 et
768 1424 845 1484 dura
870 1423 1072 1499 vincentibus,

94 1506 167 1566 satis
194 1506 349 1567 adversus
375 1507 527 1566 iortunam
549 1507 694 1582 placebas
715 1507 783 1581 tibi,
806 1515 836 1567 et
856 1507 1071 1583 multomagis,

94 1597 259 1665 postquam
276 1605 345 1651 cum
365 1590 416 1650 illo
430 1606 552 1651 manum
568 1591 751 1652 conseruisti
768 1592 911 1665 viresque
926 1601 1072 1666 expertus

93 1689 127 1734 es
141 1681 227 1747 tuos,
254 1688 335 1749 quae
355 1690 521 1750 numquam
544 1683 656 1735 certam
678 1676 752 1735 dare
772 1675 914 1734 fiduciam
936 1675 984 1734 sui
999 1690 1072 1749 pos-

94 1766 180 1831 sunt,
197 1758 257 1818 nisi
270 1773 340 1819 cum
355 1760 467 1820 multae
482 1759 677 1820 difficultates
692 1758 764 1818 hinc
779 1766 810 1819 et
824 1758 905 1818 illinc
920 1758 1070 1832 adparue-

92 1848 177 1916 runt,
203 1843 370 1918 aliquando
392 1858 465 1903 vero
483 1851 513 1904 et
536 1843 663 1918 propius
678 1848 892 1902 accesserunt=
920 1841 965 1902 sic
979 1858 1072 1904 verus

92 1927 142 1986 ille
163 1926 284 1986 animus
307 1933 337 1986 et
359 1926 388 1985 in
404 1927 535 1987 alienum
550 1943 610 1986 non
627 1932 775 1986 venturus
791 1926 944 1986 arbitrium
961 1926 1071 2002 proba·

91 2020 149 2072 tur.
178 2009 256 2071 haec
277 2011 344 2071 eius
366 2011 498 2072 obrussa
519 2018 576 2071 est.
605 2011 671 2070 Non
694 2016 798 2086 potest
818 2010 928 2071 athleta
943 2024 1103 2087 magnust

92 2094 220 2169 spiritus
242 2096 281 2155 ad
302 2102 452 2156 certamen
474 2096 610 2169 adferre,
632 2096 684 2171 qui
705 2111 871 2170 numquam
891 2095 1071 2171 suggillatus

92 2186 155 2240 ests
179 2177 251 2253 ille,
275 2181 327 2254 qui
347 2180 527 2255 sanguinem
549 2196 637 2241 suum
657 2180 748 2254 vidit,
771 2179 858 2241 cuius
882 2181 989 2241 dentes
1006 2197 1070 2241 cre-

92 2278 190 2338 puere
204 2263 263 2324 sub
279 2279 397 2339 pugno,
413 2264 477 2337 illa,
493 2265 545 2340 qui
557 2266 770 2340 supplantatus
782 2266 991 2325 adversarium
1007 2271 1071 2325 toto

91 2349 159 2409 tulit
180 2362 312 2422 corpore
332 2364 390 2409 nec
413 2349 540 2423 proiecit
560 2349 690 2409 animum
711 2348 882 2425 proiectus,
904 2349 956 2424 qui
972 2351 1069 2424 quoti·

92 2447 147 2491 ens
165 2432 291 2506 cecidit,
313 2433 522 2494 contumacior
540 2434 724 2505 resurrexit,
740 2449 808 2494 oum
820 2448 931 2507 magna
946 2449 1003 2508 spe
1018 2433 1071 2492 de·

93 2515 214 2576 scandit
228 2516 268 2576 ad
284 2533 428 2592 pugnam.
456 2516 553 2593 Ergo,
569 2525 602 2578 ut
615 2517 842 2579 similitudinem
858 2515 947 2577 istam
963 2527 1100 2592 prose-3

94 2615 188 2675 quar,
211 2614 308 2675 saepe
328 2600 388 2661 iom
410 2602 532 2662 fortuna
546 2617 642 2677 supra
655 2608 685 2662 te
702 2602 770 2672 luit,
791 2616 849 2661 nec
864 2608 964 2661 tamen
978 2601 1071 2660 tradi-

94 2684 164 2744 disti
180 2691 227 2757 te,
242 2686 299 2745 sed
315 2685 484 2747 subsiluisti
500 2692 530 2745 et
544 2685 644 2746 acrior
658 2685 828 2748 constitisti.
851 2684 975 2744 multum
990 2683 1071 2745 enim

94 2767 187 2829 adicit
202 2768 260 2830 sibi
275 2769 371 2830 virtus
387 2769 545 2832 lacessita:
561 2776 661 2831 tamen
677 2771 703 2830 si
715 2770 767 2831 tibi
780 2769 916 2842 videtur,
933 2770 1018 2829 acci
1028 2785 1067 2844 pe

94 2868 186 2913 arno
207 2851 371 2928 auxilia,
399 2848 541 2929 quibus
569 2853 715 2914 munire
738 2860 777 2913 te
802 2854 943 2928 possis.
980 2853 1102 2916 Plorat

94 2943 178 3010 sunt,
198 2937 311 3011 Lucili,
335 2953 414 3013 quae
434 2955 491 3000 nos
512 2945 639 3010 terrent,
662 2955 753 3013 quam
769 2952 848 3012 quae
866 2944 1020 3012 premunt,
1043 2947 1073 2999 et

94 3022 219 3097 saepius
237 3022 382 3098 opinione
398 3039 488 3098 quam
503 3038 537 3082 re
551 3023 735 3083 laboramus.
764 3022 829 3081 Non
846 3022 1070 3096 loquor'teoum

95 3103 196 3166 Stoica
217 3106 337 3182 lingua,
359 3107 414 3166 sed
435 3106 494 3166 hac
515 3105 726 3167 submissiore.
760 3120 817 3165 nos
841 3107 921 3165 enim
941 3106 1072 3167 dicimus

96 3190 196 3250 omnia
219 3189 294 3264 ista,
316 3205 397 3265 quae
418 3191 547 3266 gemitus
567 3190 764 3266 mugitusque
785 3190 973 3264 exprimunt,
992 3190 1073 3249 levia

95 3288 164 3334 esse
177 3282 211 3336 et
225 3276 462 3336 contemnenda:
483 3275 655 3335 omittamus
666 3274 743 3334 haec
754 3289 864 3349 magna
880 3273 988 3347 verba,
1005 3274 1071 3346 sed,

95 3357 124 3417 di
144 3358 234 3431 boni,
258 3374 343 3418 vera.
375 3358 474 3436 (Illud
495 3359 548 3420 tibi
570 3358 742 3434 praecipio,
763 3373 802 3417 ne
823 3358 866 3419 sis
888 3357 981 3418 miser
1003 3363 1077 3416 ante

95 3447 233 3518 tempus,
256 3459 324 3503 cnm
338 3443 402 3515 illa,
428 3459 508 3518 quae
524 3443 608 3505 velut
628 3442 813 3508 inminentia
828 3440 1011 3523 expulisti,
1026 3440 1095 3498 ior-
