2422 3862
161 252 225 319 ³82
449 251 483 310 L.
504 250 652 311 ΑΝΝΑΕΙ
673 239 849 311 SENECAE

437 453 656 513 EPISTULA
682 455 743 511 Vll.
772 454 861 526 (116.)

412 549 523 601 Seneca
539 549 651 601 Lucmro
669 559 721 600 soo
741 559 880 599 sacurerr.

130 664 145 717 1
243 650 1140 716 Utrumsatiussitmodicoshabereadiectus

160 755 206 799 an
222 739 369 811 nullos,
385 751 481 811 saepe
497 737 671 812 quaesitum
685 744 747 798 est:
776 736 873 797 nostri
887 736 957 797 illos
972 734 1138 810 expellunt.

158 820 351 898 Peripatetici
366 828 544 895 temperant
566 837 624 896 ego
639 836 700 882 non
716 820 817 894 video,
834 819 990 896 quomodo
1007 819 1141 880 salubris

160 922 233 968 esse
249 912 300 965 aut
314 904 394 964 utilis
410 905 511 979 possit
524 906 586 965 ulla
597 902 792 965 mediocritas
806 905 911 966 morbi
939 902 1008 963 Noli
1019 904 1141 962 timere:

160 989 233 1050 nihil
249 1004 368 1061 eorum,
391 1003 471 1062 quae
484 988 538 1049 tibi
553 1005 615 1049 non
630 990 677 1049 vis
692 986 806 1064 negari,
821 989 927 1064 eripio.
956 987 1076 1047 facilem
1091 1002 1142 1046 me

160 1073 430 1148 indulgentemque
446 1072 599 1147 praebebo
616 1072 725 1146 rebus,
749 1072 788 1132 ad
804 1088 881 1147 quas
896 1071 997 1132 tendis
1013 1078 1043 1130 et
1062 1086 1142 1146 quas

159 1165 211 1219 aut
231 1156 423 1217 necessarus
445 1157 525 1216 vitae
547 1164 598 1216 aut
612 1156 702 1217 utiles
723 1163 775 1217 aut
789 1157 940 1217 iucundas
959 1161 1065 1229 putas:
1088 1154 1138 1214 de-

158 1240 404 1301 tralramvitium.
429 1257 498 1300 nam
522 1255 602 1301 oum
625 1240 695 1301 libi
717 1254 862 1315 cupere
880 1239 1137 1309 interdixero,

159 1325 263 1385 velle
285 1323 519 1400 permittam,
540 1331 574 1384 ut
594 1324 702 1384 eadem
723 1323 775 1384 illa
788 1322 958 1399 intrepidus
974 1322 1087 1394 facias,
1108 1329 1140 1381 ut

160 1407 289 1470 certiore
316 1407 462 1482 consilio,
497 1414 530 1467 ut
562 1410 734 1482 voluptates
765 1408 851 1482 ipsas
881 1407 977 1482 magis
1007 1406 1136 1466 sentias·-

161 1493 266 1568 quidni
287 1493 327 1553 ad
347 1499 378 1553 te
398 1492 495 1568 magis
518 1499 719 1567 perventurae
743 1490 819 1565 sint,
840 1493 867 1551 si
885 1492 944 1551 illis
961 1488 1137 1566 imperabis,

131 1593 251 1652 aquam
267 1578 293 1636 si
310 1578 449 1636 servies?
482 1575 566 1651 „Sed
581 1577 718 1635 naturale
733 1584 787 1649 est,
807 1576 919 1651 inquis,
935 1582 969 1635 ut
983 1573 1138 1635 desiderio

159 1661 247 1720 amici
262 1668 415 1735 torquear.
442 1660 541 1720 datus
556 1660 688 1719 lacrimis
703 1666 763 1718 tam
778 1659 858 1720 iuste
873 1657 1060 1720 cadentibus.
1085 1673 1138 1715 na·

160 1745 257 1805 torale
277 1750 324 1804 est
344 1742 539 1819 opinionibus
560 1742 715 1804 hominum
731 1743 813 1816 tangi
829 1751 859 1805 et
872 1743 1010 1804 adversis
1026 1741 1136 1801 contri·

161 1829 249 1888 stari:
274 1844 369 1901 quare
379 1827 451 1888 milri
463 1843 524 1888 non
535 1827 692 1902 permittas
704 1827 784 1887 hunc
795 1834 856 1887 tam
866 1827 1027 1888 honestum
1040 1825 1139 1883 malac

161 1912 315 1987 opinionis
341 1917 498 1971 metuml“
541 1911 660 1971 Nullum
681 1920 729 1971 est
750 1910 853 1971 vitium
874 1912 941 1971 sine
959 1907 1140 1985 patrocinio.

160 1996 233 2056 nulli
254 2011 314 2056 non
338 1996 453 2056 initium
476 1996 682 2056 verecundum
703 2001 751 2055 est
771 2003 802 2055 et
821 1995 991 2056 exorabile:
1021 1992 1078 2053 sed
1100 1991 1139 2051 ab

160 2079 219 2139 hoc
234 2077 324 2139 latius
340 2078 483 2138 funditor.
511 2096 573 2139 non
589 2078 749 2151 obtinebis,
769 2086 803 2140 ut
816 2078 945 2152 desinat,
961 2078 988 2137 si
1002 2075 1141 2151 incipere

130 2161 346 2236 aperniseris.
384 2161 548 2222 inbecillus
564 2171 611 2223 est
627 2164 722 2239 primo
739 2164 837 2222 omnis
854 2163 1004 2223 adlectus.
1028 2159 1140 2222 deinde

160 2247 229 2320 ipse
244 2260 278 2305 se
293 2246 425 2305 concitat
439 2251 469 2304 et
484 2245 574 2320 vires,
589 2247 661 2306 dum
676 2247 830 2321 procedit,
845 2255 944 2321 parat:
968 2243 1141 2306 excluditur

160 2328 279 2389 facilius
306 2344 397 2404 quam
418 2330 588 2402 expellitur.
634 2331 706 2404 Quis
728 2337 819 2405 negat
839 2331 937 2390 omnis
960 2329 1100 2388 adlectus
1124 2344 1142 2386 a

161 2414 293 2489 quodam
321 2411 410 2489 quasi
435 2414 563 2473 naturali
592 2413 689 2475 fluere
719 2414 890 2489 principiul
921 2429 1024 2473 coram
1051 2411 1141 2471 nobis

160 2497 257 2559 nostri
277 2504 385 2558 natura
406 2497 574 2573 mandavit,
599 2499 654 2558 sed
670 2497 741 2558 huic
757 2498 810 2558 ubi
825 2498 948 2558 nimium
964 2495 1141 2567 indulseris,

160 2583 263 2642 vitium
287 2589 343 2642 est.
376 2583 562 2655 voluptatem
589 2589 695 2642 natura
717 2582 902 2642 necessariis
925 2581 1019 2641 rebus
1045 2578 1142 2638 admi-

161 2668 248 2738 scuit,
265 2682 326 2727 non
344 2664 471 2726 atillam
486 2673 669 2740 peteremus,
686 2666 743 2726 sed
757 2673 791 2726 ut
806 2682 851 2741 ca,
868 2665 934 2725 sine
950 2663 1063 2740 quibus
1080 2679 1142 2723 non

160 2766 326 2825 possumus
347 2749 467 2822 vivere,
487 2751 620 2823 gratiora
641 2750 731 2810 nobis
753 2749 832 2810 illius
855 2750 969 2810 laceret
983 2747 1142 2808 accessio:

161 2832 211 2906 [si]
227 2848 285 2892 suo
300 2833 402 2892 veniat
416 2833 491 2905 iure,
510 2834 631 2894 luxuria
646 2841 701 2893 est.
729 2835 811 2909 Ergo
827 2831 1067 2894 intrantibus
1089 2846 1142 2890 re·

161 2915 364 2989 sistamus,
383 2913 454 2990 quia
469 2914 647 2992 facilius,
661 2925 693 2978 ut
708 2917 779 2992 dlxi,
798 2933 871 2977 non
893 2916 1144 2991 recipiuntur

130 3007 269 3075 aquam
291 3005 442 3058 exeunt.
487 3001 718 3077 „Aliquatenus
734 3000 844 3077 inquis,
861 3001 975 3072 dolere,
992 2998 1141 3073 aliquate-

159 3098 218 3142 nus
239 3082 345 3143 time1·e
372 3084 541 3158 permitte.“
586 3084 648 3145 Sed
674 3085 747 3145 illud
771 3085 1023 3159 aliquatenus
1050 3084 1143 3156 longe

159 3166 339 3242 producitur
353 3182 410 3227 nec
424 3167 477 3228 ubi
492 3167 554 3243 vis,
578 3169 689 3244 accipit
703 3168 804 3228 linem.
833 3167 964 3243 sapienti
980 3184 1042 3226 non
1059 3166 1142 3227 solli·

159 3251 217 3310 cite
234 3250 390 3312 custodire
402 3258 436 3311 se
447 3255 543 3310 tutum
555 3259 616 3312 est:
633 3261 663 3313 et
674 3251 815 3312 lacrimas
828 3268 901 3312 suas
914 3257 943 3311 et
955 3252 1142 3325 voluptates,

158 3334 210 3395 ubi
226 3335 322 3410 volet,
343 3335 445 3396 sistet:
468 3333 557 3395 nobis
575 3336 722 3410 quianon
739 3342 786 3396 cst
799 3334 921 3411 regredi
937 3335 1042 3408 lacile,
1065 3334 1143 3409 opti·

118 3427 234 3480 dmum
256 3426 305 3481 est
327 3416 450 3481 omnino
473 3434 536 3481 non
558 3421 712 3498 progredi.
752 3420 913 3494 Eleganter
934 3417 1007 3478 mihi
1023 3419 1145 3478 videtur

132 3500 312 3570 Panaetius
334 3506 555 3590 respondisse
582 3505 818 3570 adolescenlulo
844 3502 967 3562 curbam
982 3502 1152 3572 quaereas,
