2422 3862
45 262 49 271 “
128 287 170 350 oo
416 284 449 344 n.
471 283 619 343 anunm
635 281 811 343 sennenn

127 443 189 501 lare
207 438 375 515 contigerit.
399 435 462 496 Sed
477 452 537 496 non
552 442 601 496 est
613 435 672 496 ista
682 435 819 498 hilaritas
833 438 933 512 longa.
954 437 1100 497 observat

129 523 248 585 videbis
268 522 398 584 eosdem
417 521 495 579 intra
516 521 658 594 exiguum
683 528 804 596 tempus
829 519 978 582 acerrime
1001 521 1102 583 ridere

97 617 156 674 eet
179 608 326 668 aoerrime
350 604 469 665 rabere.
509 603 705 679 Propositum
731 613 779 666 eet
806 606 933 680 adgredi
960 605 1043 665 illurn
1074 614 1103 666 et

129 693 301 768 ostendere,
318 697 431 766 quanto
446 689 543 764 pluris
560 688 663 762 luerit,
679 704 747 748 enm
759 689 861 751 multis
877 690 1003 750 minoris
1019 691 1101 750 uide·

127 785 219 838 retur.
241 776 314 837 vitia
329 776 396 835 eius
411 773 530 834 etiamsi
545 789 606 835 non
622 772 784 848 excidero,
799 773 953 834 inhibebo.
971 791 1034 834 noo
1050 763 1101 833 de

127 861 242 935 sinent,
267 861 295 921 si
313 857 517 920 intermittent.
541 858 673 919 tortasse
686 865 833 919 autemst
844 857 1001 932 desinent,
1016 857 1044 920 si
1058 858 1101 917 in-

126 943 310 1006 termittendi
333 942 584 1005 consuetudinem
605 943 741 1002 fecerint.
771 959 833 1003 non
852 952 901 1003 est
919 943 979 1003 hoo
1000 943 1101 1019 ipsum

127 1029 358 1103 fastidiendum,
376 1027 520 1103 quoniam
536 1026 659 1103 quidem
672 1028 806 1101 graviter
819 1027 955 1088 edicatis·
963 1027 1101 1087 sanitatis

98 1114 195 1174 eloco
208 1119 256 1174 est
268 1112 351 1175 bona
364 1110 516 1172 remissio.
538 1111 617 1171 Dum
633 1126 680 1170 me
696 1111 737 1170 illi
750 1127 835 1186 paro,
852 1121 885 1173 tu
899 1112 1035 1184 interim,
1052 1111 1101 1187 qui

127 1205 232 1273 potes,
255 1197 308 1272 qui
328 1196 493 1270 intellegis,
514 1195 596 1257 unde
618 1211 678 1270 quo
695 1197 832 1258 evaseris
847 1205 877 1257 et
891 1211 931 1256 err
946 1211 984 1255 eo
1001 1195 1100 1271 suspi-

127 1281 223 1355 ceris,
246 1296 410 1356 quousque
424 1279 469 1340 sis
484 1295 651 1352 evasurus,
674 1294 816 1355 conpone
826 1296 928 1341 mores
943 1288 1029 1353 tuos,
1050 1279 1102 1338 ad·

127 1365 199 1426 tolle
214 1365 355 1438 animum,
370 1365 520 1425 adversus
535 1364 697 1424 formidata
709 1364 853 1424 conslste.
873 1379 1037 1426 numerare
1048 1379 1101 1424 eos

128 1450 204 1523 noli,
226 1448 351 1525 quirini
371 1455 483 1509 metum
501 1448 629 1510 iaciunt=
648 1463 752 1510 nonne
768 1449 908 1509 videatur
922 1449 1050 1522 stultus,
1077 1447 1101 1507 si

129 1534 198 1609 quis
210 1533 428 1595 multitudinem
442 1548 480 1594 eo
497 1534 566 1594 loeo
581 1532 691 1604 timeat,
710 1549 765 1608 per
780 1548 871 1609 quem
883 1533 1029 1594 transitus
1041 1532 1101 1593 sin·

127 1619 207 1692 gulis
228 1625 296 1679 estt
320 1633 420 1694 aeque
441 1617 481 1679 ad
494 1625 577 1677 tuam
592 1624 720 1678 mortem
734 1617 835 1678 multis
851 1617 951 1679 aditus
968 1634 1031 1677 non
1047 1623 1101 1690 est,

127 1703 198 1763 licet
211 1701 292 1762 illam
307 1703 391 1764 multi
405 1702 565 1761 minentur.
588 1702 633 1761 sio
644 1702 723 1762 istuc
736 1710 845 1763 natura
855 1701 1026 1778 disposuitz
1043 1701 1103 1776 spi·

126 1788 217 1847 ritum
231 1785 285 1848 tibi
302 1795 363 1847 tarn
374 1803 454 1847 unus
466 1784 579 1861 'eripiet
592 1801 684 1861 quarn
699 1802 779 1847 unus
792 1786 885 1846 dedit.

88 1877 121 1930 10
191 1869 224 1931 Si
238 1870 388 1947 puderent
406 1870 552 1942 haberes,
575 1870 709 1931 ultimam
728 1870 800 1930 milri
821 1871 1002 1946 pensionem
1016 1871 1103 1930 remi-

130 1955 237 2015 sisses.
259 1956 316 2015 sed
336 1972 376 2016 ne
400 1971 459 2030 ego
481 1954 604 2030 quidem
626 1971 675 2014 me
693 1955 818 2015 sordide
839 1970 943 2030 geram
963 1956 996 2015 in
1013 1955 1103 2015 linem

130 2040 209 2098 aeris
225 2040 314 2099 alieni
329 2047 359 2100 et
372 2039 435 2115 tibi,
450 2039 534 2114 quod
551 2039 660 2111 debeo,
677 2037 842 2115 inpingem.
877 2039 1104 2116 „Numquam

128 2121 399 2199 voluipopulo
415 2124 583 2198 plaeere.
606 2139 686 2183 nam
704 2140 798 2199 queo
819 2139 889 2198 ego
910 2124 1010 2198 scio,
1032 2139 1103 2184 non

130 2206 270 2282 probat
297 2209 484 2283 populus,
519 2223 618 2283 quae
645 2208 786 2283 probet
811 2209 999 2284 populus,
1035 2223 1103 2283 ego

89 2291 293 2354 lin-escio.“
325 2291 429 2367 „,Quis
448 2291 558 2352 hoelm
579 2290 698 2368 inquis,
723 2299 876 2367 tamquam
896 2293 1033 2365 nescias,
1057 2291 1104 2353 eui

129 2377 291 2450 imperom=
312 2375 472 2450 Epicurus.
506 2374 567 2436 Sed
588 2376 669 2436 idem
689 2377 749 2438 hoc
771 2392 879 2437 omnes
898 2375 955 2437 tibi
969 2392 1010 2436 ex
1025 2376 1105 2437 omni

130 2461 222 2521 domo
247 2459 496 2534 conclamabunt,
530 2459 737 2536 Peripatetici,
771 2460 964 2534 Academici,
997 2459 1105 2534 Stoici,

130 2543 246 2623 Cynici.
283 2544 352 2619 quis
379 2545 459 2605 eninr
484 2545 607 2620 plaeere
631 2551 734 2620 potest
763 2547 895 2621 populo,
933 2544 982 2605 cui
1008 2547 1107 2622 placet

128 2628 247 2688 virtus?
277 2629 364 2689 malis
391 2629 505 2690 artibus
528 2630 686 2704 popularis
707 2630 795 2691 favor
822 2627 988 2705 quaeritur.
1026 2629 1104 2689 simi

130 2714 189 2771 lem
209 2717 239 2771 te
259 2711 318 2773 illis
341 2714 435 2774 incias
463 2718 592 2790 oportet.
624 2730 684 2774 non
710 2713 897 2789 probabunt,
931 2713 992 2774 nisi
1014 2729 1104 2789 agno

129 2796 236 2856 verint.
260 2797 366 2859 'multe
389 2804 490 2875 autem
504 2797 544 2858 ad
565 2813 628 2857 rem
648 2799 747 2874 magis
768 2799 913 2875 pertinet,
938 2798 1040 2874 qualis
1057 2795 1106 2858 tibi

128 2880 262 2940 videaris
288 2898 378 2958 quarn
400 2884 498 2960 qualis
520 2882 596 2942 aliis.
633 2883 788 2943 conciliari
809 2883 867 2943 nisi
888 2881 970 2958 turpi
990 2881 1106 2943 ratione

89 2971 217 3025 tuamor
241 2967 373 3046 turpium
400 2984 462 3028 non
490 2974 601 3043 potest.
647 2967 725 3041 Quid
751 2982 825 3042 ergo
852 2968 904 3027 illa
929 2966 1054 3028 laudate
1079 2972 1108 3026 et

21 3085 24 3093 ·
131 3048 271 3112 omnihus
287 3052 489 3127 praeterendo
504 3051 620 3112 artibus
634 3052 790 3127 rebusque
809 3050 1008 3128 philosophia
1022 3065 1106 3127 prae·

131 3134 242 3196 stabitt
277 3137 394 3199 scilicet
413 3145 448 3198 ut
466 3136 554 3198 melis
575 3135 628 3195 tibi
652 3137 774 3212 placere
802 3151 894 3211 quarn
916 3137 1051 3212 populo,
1077 3140 1107 3196 ut

131 3221 273 3283 aestimes
288 3221 416 3296 indicia,
432 3239 493 3283 non
505 3235 664 3295 numeres,
684 3227 718 3281 ut
737 3221 803 3281 sine
818 3225 899 3280 metu
914 3219 1045 3281 deorum
1055 3219 1106 3291 ho·

130 3305 306 3383 minumqne
326 3309 429 3381 rivae,
457 3314 491 3366 ut
511 3312 562 3366 eut
582 3305 689 3366 vinces
712 3306 791 3365 mala
816 3312 869 3365 aut
893 3305 998 3365 linias=
1031 3311 1108 3366 oete

131 3407 206 3463 runr,
223 3392 250 3452 si
265 3399 294 3453 te
309 3392 417 3452 videro
433 3390 584 3450 celebrem
599 3389 745 3450 secundis
762 3390 890 3451 vocibus
906 3387 1008 3466 volgi,
1025 3388 1053 3449 si
1066 3389 1107 3448 in·

120 3482 221 3535 arente
242 3484 273 3536 te
293 3478 412 3538 clamor
436 3483 468 3537 et
491 3476 619 3554 plausus
641 3482 673 3536 et
696 3473 911 3552 pantomimica
931 3480 1107 3535 ornamenta

104 3557 361 3639 obstrepuerint,
390 3561 419 3625 si
432 3569 502 3626 tote
517 3557 1114 3632 civitateteterrimaepuer'rquelauue
