2422 3862
170 226 234 291 256
458 227 492 286 L.
514 225 663 286 ANNAEI
683 225 860 286 SENECAE

63 455 66 460 ,
169 390 217 443 est
231 388 262 442 et
275 379 448 440 adfectatio.
478 378 555 438 haec
569 377 716 452 ostendit,
734 395 795 452 quo
810 378 860 437 illa
877 379 1023 452 pervenit.
1051 381 1152 445 Philo·

169 464 281 540 sophia
295 463 378 525 unde
393 463 474 522 dicta
488 461 541 533 sit,
559 462 697 536 adparet.
722 461 792 536 ipso
804 459 884 521 enim
896 463 1020 522 nomine
1032 466 1151 528 latetur.

141 548 297 624 tQuidam
318 553 348 606 et
370 546 607 621 sapientiam
627 545 670 605 ita
683 543 723 583 **
739 544 862 620 quidam
877 545 1034 622 finierunt,
1055 555 1089 609 ut
1107 552 1151 611 di·

168 638 272 694 cerent
291 630 464 691 divinorum
485 637 515 690 et
534 628 733 690 humanorum
750 629 917 688 scientiam.
952 630 1075 705 quidam
1093 634 1150 693 ita:

167 712 339 792 „sapientia
357 720 405 773 est
419 727 515 774 nosse
530 711 633 772 divina
647 720 678 773 et
691 710 824 772 humana
839 718 869 772 et
883 711 992 773 horum
1005 709 1150 776 causas.“

168 799 368 874 Supervacua
390 797 461 857 mihi
483 797 602 860 videtur
617 796 694 856 haec
709 797 856 871 adiectio,
879 797 950 872 quia
971 812 1084 858 causae
1105 800 1149 859 di-

166 884 307 943 vinorum
328 882 590 955 humanorumque
612 895 685 955 pars
712 878 883 939 divinorum
905 887 985 941 sunt.
1021 881 1149 943 Philo-

168 966 347 1041 sophiam
363 979 487 1041 quoque
502 965 624 1025 luerunt
638 963 690 1039 qui
707 962 792 1023 aliter
808 971 900 1039 atque
916 965 1003 1046 aliter
1010 966 1149 1027 linirent:

167 1050 217 1112 atii
233 1049 367 1112 studium
381 1050 460 1109 illam
478 1047 595 1109 virtutis
611 1062 682 1107 esso
698 1047 854 1120 dixerunt,
870 1048 920 1106 alii
933 1049 1065 1110 studium
1082 1067 1148 1109 cor-

165 1134 312 1210 rigendae
327 1131 448 1193 mentis.
479 1147 498 1190 a
514 1131 697 1207 quibusdam
713 1130 795 1190 dicta
810 1138 858 1191 est
878 1131 1024 1207 adpetitio
1047 1141 1149 1193 rectae

138 1218 304 1281 orationis.
335 1215 413 1277 Illud
430 1216 519 1291 quasi
535 1215 682 1289 constitit,
697 1213 814 1290 aliquid
828 1214 906 1276 inter
919 1215 1146 1290 philosophiam

167 1309 197 1362 at
213 1299 394 1376 sapientiam
410 1300 569 1360 interesse.
599 1299 793 1373 nequeenim
809 1298 875 1359 fieri
891 1307 1008 1374 potest,
1022 1306 1055 1359 ut
1068 1300 1147 1359 idem

167 1384 223 1457 sit,
246 1384 329 1459 quod
345 1384 515 1445 adfectatur
535 1389 565 1442 et
581 1384 661 1458 quod
678 1383 819 1443 adlectut.
849 1381 1008 1455 Quomodo
1023 1385 1147 1443 multum

166 1471 245 1530 inter
259 1467 416 1529 avaritiam
431 1474 462 1529 et
474 1468 635 1543 pecuniam
650 1467 784 1538 interest,
800 1481 867 1526 cum
880 1467 930 1526 itta
945 1469 1055 1542 cupiat,
1072 1468 1148 1528 haec

167 1553 412 1628 concupiscatur,
430 1552 475 1612 sic
490 1551 567 1611 inter
581 1549 808 1627 philosophiam
820 1557 850 1610 ct
860 1550 1049 1625 sapientiam.
1071 1551 1147 1612 haec

166 1638 245 1697 enim
260 1635 340 1698 iltius
356 1635 484 1696 effectus
499 1650 536 1695 ac
551 1635 719 1710 praemium
735 1641 791 1698 est.
828 1633 878 1693 illa
895 1635 991 1707 venit,
1013 1634 1052 1694 od
1067 1634 1146 1695 hanc

137 1721 234 1785 titur.
264 1718 468 1795 Sapientia
483 1725 544 1792 est,
571 1735 662 1794 quam
679 1718 785 1778 Graeci
800 1719 922 1795 σοφίαν
935 1724 1057 1778 vocant.
1086 1718 1146 1779 hoc

165 1805 261 1871 nerto
277 1804 407 1865 Romani
423 1818 548 1878 quoque
563 1802 739 1876 utebantur,
761 1800 840 1862 sicut
856 1801 1050 1876 philosophia
1065 1819 1146 1863 nunc

167 1904 291 1966 quoque
308 1896 440 1950 utuntur.
467 1886 551 1963 quod
566 1895 596 1948 et
609 1893 730 1961 togatae
747 1885 800 1945 tibi
817 1884 958 1962 antiquae
974 1887 1147 1962 probabunt

166 1981 196 2034 et
210 1970 376 2048 inscriptus
392 1971 546 2033 Dossenni
560 1977 756 2032 monumento
773 1968 897 2030 titulus:

326 2057 442 2132 Hospes
455 2058 559 2117 resiste
571 2061 601 2117 et
614 2056 740 2131 sophian
753 2054 900 2114 Dossenni
911 2058 984 2130 leae.

136 2138 294 2214 eQuidam
309 2154 348 2199 ex
366 2141 495 2215 nostris,
517 2139 656 2214 quamvis
671 2137 868 2214 philosophia
879 2139 1011 2198 studium
1026 2137 1145 2198 virtutis

165 2230 250 2283 osset
270 2231 301 2283 et
321 2224 397 2283 haec
418 2230 584 2299 peteretur,
608 2224 658 2284 illa
676 2228 806 2297 peteret,
828 2229 927 2283 tamen
944 2239 1004 2284 non
1021 2228 1144 2296 putave-

164 2313 235 2368 runt
254 2307 321 2368 illas
343 2307 470 2368 distrahi
496 2324 600 2383 posse.
629 2324 698 2367 nam
719 2321 776 2366 nec
791 2305 988 2381 philosophia
1005 2307 1072 2365 sine
1088 2305 1144 2364 vir-

163 2399 228 2453 tute
243 2400 360 2452 estnec
375 2393 442 2452 sine
458 2391 653 2467 philosophia
668 2391 775 2451 virtus.
803 2389 1001 2465 Philosophia
1013 2388 1146 2449 studium

164 2475 285 2537 virtutis
306 2483 368 2550 est,
394 2475 452 2536 scd
472 2492 528 2551 per
547 2477 646 2551 ipsam
668 2476 825 2535 virtutem=
850 2489 907 2534 nec
929 2473 1024 2534 virtus
1046 2482 1146 2534 autem

165 2577 237 2623 esse
255 2561 321 2620 sine
336 2560 438 2621 studio
457 2561 504 2621 sui
519 2566 622 2635 potest
635 2575 692 2619 nec
705 2557 825 2618 virtutis
841 2559 975 2619 studium
989 2559 1055 2618 sine
1067 2557 1144 2632 ipsa.

165 2662 226 2706 non
249 2644 328 2703 enim
353 2644 609 2719 quemadmodum
628 2642 659 2703 in
678 2644 731 2718 iis,
757 2643 809 2718 qui
830 2643 945 2718 aliquid
963 2659 1002 2703 ex
1024 2640 1146 2702 distanti

164 2730 235 2790 loco
252 2727 343 2787 lerire
358 2735 523 2802 conantur,
544 2725 626 2788 alibi'
637 2734 684 2788 est
704 2726 756 2803 qui
771 2727 862 2802 petit,
885 2726 956 2787 alibi
971 2724 1055 2801 quod
1072 2727 1146 2800 peti·

163 2819 221 2872 tur.
256 2826 315 2870 nec
331 2811 586 2886 quemadmodum
600 2812 721 2884 itinera,
748 2826 828 2886 quae
848 2811 888 2871 ad
908 2812 1014 2872 urbem
1037 2810 1146 2884 perdu-

166 2902 253 2967 cunt,
275 2901 361 2954 extra
381 2894 480 2969 ipsam
500 2904 584 2958 sunt:
613 2895 652 2956 ad
673 2895 813 2956 virtutem
830 2895 950 2956 venitur
968 2911 1023 2970 per
1037 2895 1145 2970 ipsam.

136 2977 332 3056 9cohacrent
363 2977 440 3039 inter
468 2997 503 3041 se
533 2979 728 3055 philosophia
756 2978 926 3054 virtusque.
966 2979 1146 3039 Philoso-

164 3062 282 3138 phiae
302 3066 381 3122 tres
403 3072 537 3138 partes
559 3079 648 3125 esse
674 3064 854 3125 dixerunt
878 3072 914 3125 et
939 3064 1091 3123 maximi
1113 3071 1148 3124 et

164 3147 322 3222 plurimi
337 3153 537 3208 auctores:
558 3149 752 3221 moralem,
773 3150 1004 3223 naturalem,
1026 3149 1146 3207 ratio-

165 3231 304 3290 nalem:
327 3231 426 3307 prima
444 3230 591 3307 conponit
610 3232 751 3291 animum.
780 3232 918 3293 secunda
936 3249 1037 3293 rerum
1061 3237 1145 3292 natu-

164 3330 229 3374 ram
244 3323 406 3377 scrutatur.
429 3317 516 3376 tertia
531 3316 734 3391 proprietates
745 3317 908 3377 verborum
923 3317 1016 3392 exigit
1027 3324 1057 3376 et
1068 3323 1147 3376 stru·

165 3406 280 3460 cturam
290 3407 326 3460 >et
340 3402 634 3475 argumentationes,
656 3417 694 3461 ne
715 3417 770 3476 pro
785 3417 859 3462 vero
876 3402 954 3461 ialsa
969 3401 1145 3475 subrepant.

164 3491 298 3545 ceterum
319 3483 433 3546 inventi
455 3492 525 3546 sunt
545 3492 575 3545 ct
592 3486 689 3560 quiin
706 3483 852 3561 pauciora
874 3483 1102 3561 philosophiam
1117 3492 1146 3546 et
