2422 3862
460 239 693 298 FRAGMENTA.
958 201 962 208 ¹
1003 233 1097 304 445'

149 393 220 450 Ibid.
233 410 258 450 c.
271 397 314 453 64.
341 394 486 449 Postremo
501 399 632 465 stagnum
651 391 760 448 calidae
776 409 867 465 aquae
882 395 998 466 introiit,
1020 413 1064 453 re·
1073 399 1125 458 127

89 494 228 550 spergens
239 478 383 550 proximos
396 493 559 544 servorum,
570 477 667 533 addita
680 493 771 547 voce,
783 478 870 534 libare
884 495 916 534 se
929 479 1066 551 liquorem

88 563 165 617 ilium
175 562 404 620 IoviLiberatori.
436 561 507 616 Exin
515 561 617 617 balneo
629 562 729 617 inlatus
741 566 768 616 et
777 578 885 634 vapore
897 564 957 619 eius
965 564 1066 619 exani·

88 652 177 701 matus
192 647 253 702 sine
264 647 320 700 uilo
338 646 444 706 iuuetis
462 645 590 703 sollemni
608 650 759 703 cremeturr
784 647 822 702 ita
832 645 968 703 codicillis
982 664 1066 720 prae-

88 731 253 802 scripserat,
278 747 342 786 cum
359 730 500 786 etiamtum
519 730 671 802 praedives
694 735 721 785 et
737 736 908 802 praepotens
928 731 1066 804 supremis

89 815 147 870 suis
160 815 329 872 consuleret.

460 926 535 1003 [ru.
560 925 704 1002 uerna]

149 1029 252 1087 Isidor.
264 1031 372 1103 etymol.
383 1027 408 1084 I.
417 1044 441 1084 c.
449 1033 493 1085 ᾗ.
516 1027 656 1102 Vulgares
668 1035 748 1084 notas
758 1029 864 1084 Ennius
875 1029 981 1101 primus
993 1029 1126 1094 millam

86 1121 115 1170 et
126 1120 237 1170 centum
255 1114 369 1171 invenit
383 1143 425 1154 —
443 1111 550 1168 Romae
562 1113 668 1186 primus
681 1109 809 1186 [Tullius]
822 1112 904 1182 Tiro,
924 1111 1066 1171 Ciceronis

87 1200 201 1254 libertus
218 1203 418 1253 commentatus
437 1202 480 1252 est
497 1203 595 1268 notas,
617 1197 669 1253 sed
690 1204 795 1252 tantum
816 1197 1065 1269 praepositionum.

86 1288 152 1354 post
164 1298 228 1338 eum
237 1282 400 1354 Vipsanius,
413 1281 605 1355 Philargyrius
620 1287 647 1337 et
657 1280 774 1354 Aquila,
786 1282 901 1338 libertus
916 1281 1066 1338 Maecena·

87 1367 138 1433 tis,
155 1366 225 1422 alius
237 1367 306 1423 alias
322 1366 500 1423 addiderunt
538 1366 647 1422 Deinde
663 1364 773 1422 Seneca
791 1371 933 1422 contractu
944 1365 1068 1422 omniunt

89 1450 256 1523 digestoque
276 1457 303 1507 et
315 1457 396 1507 aucto
408 1466 524 1507 numero
539 1466 610 1523 opus
623 1449 717 1506 effecit
732 1451 761 1506 in
772 1451 895 1523 qulnque
906 1449 991 1505 miiie.
1018 1446 1068 1525 [et

88 1533 149 1591 vid.
161 1532 230 1591 Seu.
243 1535 323 1607 epist.
336 1538 386 1600 90,
397 1532 453 1609 td]
