2422 3862
356 219 406 274 AD
429 218 576 276 PAULUM
595 218 805 279 EPISTOLAE.
1005 217 1067 282 481

94 389 170 430 mum
184 388 257 441 sero,
275 387 332 426 non
345 370 456 442 quidem
471 373 625 441 materiam,
644 388 716 444 quae
730 373 871 445 corrumpi
883 373 1003 444 videtur,
1018 377 1071 434 sed

92 458 211 514 verbum
226 454 341 523 stabile,
363 455 410 512 dei
431 453 655 512 derivamentum
675 457 828 513 crescentis
845 462 872 511 et
887 458 1027 515 manentis
1042 463 1071 516 in

92 546 247 598 aeternum.
272 538 354 609 Quod
368 538 519 612 prudentia
531 545 578 596 lua
589 546 720 597 assecuta
732 536 815 616 [cst],
830 539 996 598 indeficiens
1009 544 1070 602 lore
1149 596 1151 600 .

92 624 222 695 debebit,
250 624 422 680 ethnicorum
443 624 687 696 israelitarumque
709 626 923 682 observationes
949 642 1069 684 censere

93 708 233 766 vitandas.
265 708 376 765 Novum
392 715 419 764 le
437 714 579 767 auctorem
594 710 695 765 leceris
714 708 779 764 iesu
795 708 895 766 Christi
909 712 1069 781 praeconiis

92 792 269 850 ostendendo
285 792 434 860 rhetoricis
453 793 727 869 irreprehensibilem
743 792 888 881 sophiam,
905 810 990 866 quam
1004 811 1069 867 pro·

91 876 243 949 pemodum
267 877 402 950 adeptus
408 878 471 951 regi
489 878 638 951 temporali
661 876 779 950 eiusque
798 877 961 934 domesticis
984 885 1068 950 atque

92 961 157 1017 fidis
176 962 276 1018 amicis
292 962 448 1021 insinuabis
480 965 581 1035 quibus
595 978 698 1034 aspera
714 969 742 1018 ct
756 963 921 1043 incapabilis
938 964 990 1019 erit
1003 981 1068 1039 per-

92 1047 203 1113 suasio,
227 1062 291 1102 cum
314 1047 443 1119 plerique
458 1044 569 1113 iliorum
583 1047 697 1117 minime
713 1036 872 1104 flectantur
869 1035 1068 1111 insinuationi-

90 1132 143 1186 bus
158 1130 224 1184 tuis.
254 1130 356 1200 quihus
369 1131 459 1199 vitale
470 1131 650 1207 commodum
666 1136 765 1188 sermo
776 1118 822 1189 d‘ei
837 1132 1002 1205 instillatus,
1017 1150 1067 1190 no-

90 1230 159 1268 vum
172 1212 353 1268 hominem
330 1230 391 1270 sine
405 1213 563 1288 corruptela
577 1222 798 1316 perpetuamque
813 1202 1018 1305 animampol'it
1029 1219 1067 1275 ad

92 1296 175 1353 deum
188 1296 268 1353 istinc
283 1307 489 1372 properantem.
512 1298 583 1357 Vale
596 1298 706 1365 Seneca
721 1303 867 1378 carissime
883 1282 973 1375 nohis.
995 1303 1066 1360 Date

92 1380 149 1438 Cal.
166 1381 288 1454 Augusti
306 1383 400 1441 Leone
417 1390 444 1441 el
459 1382 564 1442 Sabino
580 1372 780 1457 consulibus.
824 1390 828 1397 ’
881 1394 884 1399 ’
923 1396 926 1400 ’

120 3609 219 3648 urraca
235 3611 304 3650 rnre.
319 3595 362 3648 ul.
