2422 3862
229 245 276 300 DE
289 242 457 300 REMEDIIS
472 242 729 313 FORTUITORUM
744 244 858 305 LIBER.
970 242 1033 305 449

119 396 253 466 „iuvenis
271 395 427 452 morieris.“
444 395 507 449 Non
519 396 619 463 refert,
638 401 705 464 quot
717 411 807 450 annos
819 394 954 468 habeam,
977 400 1029 453 sed
1042 407 1060 461 3

54 485 122 551 quot
134 479 300 550 acceperim.
320 478 343 532 si
352 479 415 549 plus
428 478 526 534 vivere
541 492 597 531 non
607 493 740 548 possum,
763 477 834 534 haec
846 486 888 535 est
900 486 1030 538 senectus

55 580 128 622 mco.

117 645 152 700 V.
175 645 404 715 „Insepultus
418 642 589 698 iacebis.“
600 641 672 710 Quid
684 643 759 699 aliud
767 641 832 699 huic
843 646 1032 717 respondeam
1046 662 1059 712 1

55 745 139 800 quom
149 728 333 799 virgilianum
345 727 427 781 illude

192 812 196 819 ‘
361 811 453 882 facilis
466 812 573 865 iactura
584 810 713 881 sepulcri.

55 893 169 970 [facilis‚
184 894 311 964 inquam,
323 894 379 962 sic,
390 898 420 948 ut
431 894 506 948 nulla
519 893 644 960 facilior]
669 891 699 948 Si
710 893 777 948 nihil
788 894 888 963 sentio,
900 910 956 949 non
966 912 1031 966 per-

54 980 122 1034 tinet
134 977 170 1033 nd
185 994 229 1032 mc
245 978 351 1031 iectura
368 977 493 1048 corporis
510 976 656 1046 insepulti=
675 976 698 1032 si
711 978 815 1048 sentio,
835 978 925 1034 omnis
937 981 1026 1050 scpul-

57 1068 118 1117 turn
129 1065 298 1116 tormentum
310 1064 361 1114 est.

119 1159 300 1230 „Insepultus
313 1157 445 1213 iacebis.“
468 1155 540 1224 Quid
554 1157 683 1227 interest,
703 1157 776 1229 ignis
788 1175 833 1215 me
845 1177 880 1216 an
893 1162 952 1216 tera
965 1177 1030 1216 con·
1043 1160 1060 1212 2

55 1247 146 1296 sumat
164 1257 200 1297 cn
217 1247 344 1313 tempuS,
363 1241 460 1296 ultima
474 1240 596 1295 omnium
613 1241 779 1311 sepultura?
801 1243 876 1298 istud
894 1260 950 1298 non
968 1261 1032 1300 sen·

55 1326 132 1381 tienti
144 1341 350 1396 supervacuum
362 1329 404 1380 est
412 1365 419 1392 ,
428 1323 569 1383 sentienti
580 1341 661 1382 onus.

120 1410 295 1481 „Insepultus
307 1407 439 1464 iacebis.“
459 1407 495 1462 At
506 1413 536 1462 tu
547 1409 723 1477 combustus,
736 1414 763 1463 at
773 1414 802 1463 tu
815 1411 944 1480 obrutus,
963 1418 990 1466 at
1001 1417 1031 1465 tu
1042 1413 1059 1465 3

57 1493 195 1563 inclusus,
211 1497 238 1548 at
248 1496 278 1546 tu
288 1491 426 1563 putridus,
438 1497 465 1546 at
476 1496 506 1546 tu
517 1491 688 1547 evisceratus
702 1496 729 1546 et
741 1494 906 1547 constrictus
919 1499 966 1548 aut
976 1499 1031 1549 tra-

57 1576 129 1630 ditus
142 1575 244 1646 lapidi,
265 1577 311 1646 qui
328 1583 355 1630 te
366 1575 499 1646 paulatim
514 1574 578 1630 edat
595 1579 622 1629 et
635 1575 765 1630 exsiccet.
793 1572 873 1630 Nulla
884 1581 926 1630 est
938 1578 1030 1647 sepul-

56 1665 133 1715 tura:
146 1675 202 1713 non
215 1660 384 1730 sepeliemur
396 1659 447 1714 sed
458 1657 635 1730 proiciemur.

119 1755 204 1827 „Non
216 1757 389 1829 sepelieris.“
407 1756 479 1824 Quid
490 1757 519 1812 in
530 1756 709 1812 retutissima
721 1756 868 1828 trepidas?
880 1758 950 1812 ultra
959 1773 1028 1830 poe·
1042 1763 1060 1816 4

55 1857 153 1896 narum
169 1841 292 1895 omnium
303 1840 450 1895 terminum
461 1841 513 1896 iste
525 1842 603 1894 locus
616 1846 667 1894 est.
693 1839 773 1895 Vitae
787 1841 872 1895 multa
886 1839 1031 1910 debemus,

54 1925 137 1979 morti
148 1922 222 1978 nihil.
242 1915 304 1978 Non
322 1924 515 1979 detunctorum
535 1940 620 1980 causa
640 1923 693 1979 sed
710 1924 840 1981 vivorum
858 1923 972 1980 inventa
990 1930 1032 1979 est

55 2009 211 2079 sepultura,
222 2014 252 2063 ut
263 2023 382 2078 corpora
394 2014 421 2062 ct
433 2007 496 2064 visu
505 2008 588 2063 loede
600 2014 626 2062 ct
638 2007 726 2062 odore
738 2013 948 2063 amoverentur=
960 2007 1031 2063 elios

54 2098 129 2146 terra
141 2092 246 2162 obruit,
259 2091 328 2148 elios
340 2089 452 2148 flemma
465 2092 645 2163 consumpsit,
657 2091 726 2147 alios
737 2093 809 2163 lapis
822 2091 859 2146 ad
871 2108 937 2147 ossa
948 2091 1030 2146 redc-

55 2180 148 2229 cturus
171 2176 294 2232 inclusit=
317 2171 381 2249 [sic]
404 2191 459 2230 non
477 2176 614 2230 defunctis
636 2175 689 2230 scd
707 2176 810 2230 nostris
830 2175 918 2230 oeulis
939 2175 1030 2247 parci-

55 2274 127 2312 mus.

158 2354 310 2411 ADDITIO.
334 2357 516 2427 „insepultus
528 2358 659 2417 obiciar.“
681 2358 799 2413 Alitibus
815 2358 926 2415 invides
938 2373 975 2413 an
984 2354 1029 2411 'fe-
1042 2368 1059 2419 5

97 2440 134 2493 ris
148 2455 184 2493 an
194 2439 342 2509 piscibus?
365 2453 429 2494 unm
443 2439 467 2494 si
479 2439 578 2495 metuis
590 2441 653 2509 tibi,
674 2442 804 2495 baculum
820 2457 873 2495 seu
884 2440 1031 2495 custodem

97 2522 174 2577 iuxta
189 2527 218 2576 tc
235 2523 304 2592 pom·
319 2520 398 2590 iube,
416 2535 470 2591 quo
482 2537 499 2576 a
511 2520 650 2578 cadavere
665 2521 849 2592 depellantur.
887 2522 991 2590 „Ludis
1003 2522 1030 2575 in

97 2605 175 2661 melis
188 2605 266 2660 meis.
293 2619 357 2660 nam
377 2603 503 2674 profecto
527 2603 565 2658 nil
581 2603 727 2660 sentiam.“
759 2603 832 2670 Quid
849 2619 917 2674 ergo
938 2605 1029 2674 times,

97 2689 172 2760 quod
184 2705 240 2744 non
253 2688 379 2743 senties?
395 2703 460 2741 nam
471 2687 494 2742 si
505 2687 625 2756 sentias,
636 2683 848 2761 pro[ln]be[u]s.
864 2688 1030 2743 sentientem

98 2774 171 2829 enim
188 2773 308 2844 sepelire
320 2786 422 2826 necare
434 2776 485 2832 cst.
508 2765 574 2827 *Tc
586 2768 641 2826 nisi
652 2776 727 2826 terro
740 2772 907 2841 contexerit,
921 2773 1030 2827 coelum

97 2862 181 2928 teget.
192 2863 288 2913 notum
300 2862 343 2911 est
355 2854 436 2910 illud:
545 2873 556 2918 J
805 2852 808 2857 ’

260 2941 339 2995 coelo
350 2938 466 3009 tegitur,
479 2939 526 3011 qui
538 2937 690 3003 nonhabet
705 2954 813 2999 urnam.

158 3041 317 3111 „Defuncto
342 3039 408 3095 mihi
424 3046 499 3097 terra
515 3041 677 3115 negabitur!
702 3040 901 3112 praedurum.“
927 3038 990 3096 Non
1001 3041 1058 3108 idn

95 3123 210 3193 durum,
230 3125 283 3180 sed
300 3130 330 3178 tu
349 3124 454 3193 mollis,
477 3125 593 3195 quince
614 3125 739 3181 sentiens
760 3123 1027 3200 [necnonsenttms]

95 3206 168 3261 laedi
187 3223 283 3278 queas.

156 3332 172 3360 ,‚
182 3289 342 3346 Inhumatus
355 3291 477 3361 linquar!
501 3290 673 3348 horrendum
684 3291 788 3349 auditu.
803 3293 958 3363 insepultus
970 3291 1026 3346 abi·

95 3372 152 3426 ciar
160 3375 166 3425 !
174 3373 191 3401 “
213 3376 276 3445 Age
288 3390 333 3430 res
345 3380 422 3430 tuas:
438 3391 534 3430 curam
542 3374 617 3432 'hane
628 3376 722 3446 linque
735 3376 903 3433 viventibus.

136 3467 182 3524 Vl·
204 3470 382 3542 „Aegr0t0.“
416 3472 498 3529 Venit
515 3476 647 3546 tempus,
669 3490 728 3547 qno
746 3473 989 3544 expedimentum
1000 3459 1107 3511 mm

112 3554 347 3608 semcnrnrudll.
875 3551 919 3604 'dt
