2422 3862
258 245 426 333 irrisisti..
441 245 535 307 MOR.
549 247 620 306 LtB.
635 247 698 309 xx.
712 247 771 308 ΕΡ.
785 258 811 310 a.
826 256 914 325 (ιιι.)
1012 246 1075 314 395

94 403 232 476 poneret
259 442 277 472 „
286 397 327 457 At
348 413 456 472 parum
475 396 581 470 habet,
612 397 664 472 qui
685 404 800 458 tanturn
818 413 879 458 non
895 400 990 474 alget,
1014 408 1103 466 noni

95 483 206 554 esurit,
229 497 291 542 non
311 480 403 542 sitit.“
434 480 507 540 Plus
529 481 668 556 Iuppiter
686 497 747 541 non
770 481 872 543 habet.
905 483 1078 558 Numquam

94 582 203 644 parum
215 573 275 636 est,
294 565 378 640 quod
394 564 469 624 satis
483 572 546 639 est,
561 571 591 624 et
599 580 765 640 numquam
776 567 902 626 muitum
914 573 977 640 est,
994 568 1079 642 quod

94 652 170 712 satis
185 664 246 709 non
265 656 328 708 est:
352 654 424 723 post
438 648 570 708 Dareum
589 655 620 707 et
633 649 728 709 indos
747 664 867 724 pauper
881 656 930 710 est
943 651 1078 710 Alexan-

94 736 158 794 der.
182 732 326 792 mention
343 733 469 807 quaerit,
485 731 569 805 quod
586 747 677 792 suurn
696 733 801 805 iaciat,
818 740 971 794 scrutatur
984 735 1079 793 maria

93 819 211 892 ignota,
236 815 266 875 in
289 831 438 876 oceanum
459 815 578 875 classes
600 831 699 875 novas
714 815 802 876 mittit
820 823 849 876 et
864 816 970 892 [ipsa],
987 823 1021 877 ut
1039 818 1079 876 ita

94 902 207 973 dicam,
224 900 327 959 mundi
343 899 475 959 claustra
489 899 665 974 perrumpit.
694 898 782 973 Quod
793 907 921 960 naturae
930 900 1006 960 satis
1022 905 1108 972 esta

94 983 209 1045 homini
224 999 286 1043 non
301 990 363 1043 est:
389 983 532 1042 inventus
548 991 611 1056 est,
633 983 685 1057 qui
708 984 943 1058 concupisceret
963 983 1079 1059 aliquid

93 1074 166 1144 post
181 1067 296 1128 omnia:
319 1072 403 1125 tanta
416 1073 464 1125 est
478 1066 610 1126 caecitas
625 1065 770 1126 mentium
785 1074 814 1125 et
829 1074 911 1128 tanta
925 1066 1079 1129 initiorum

94 1167 220 1213 suorum
237 1150 412 1224 unicuique,
425 1164 494 1209 cum
506 1149 668 1223 processit,
683 1149 807 1209 oblivio.
822 1149 873 1210 iiic
884 1152 977 1211 modo
992 1152 1077 1227 igno-

95 1235 164 1295 bitis
179 1233 283 1309 anguli
299 1249 359 1294 non
382 1232 450 1292 sinc
465 1233 674 1293 controversia
688 1231 830 1294 dominus
846 1241 927 1294 tacto
942 1234 1004 1294 fine
1019 1242 1076 1295 ter·

94 1335 195 1378 rarum
219 1333 273 1392 per
294 1334 384 1378 suum
404 1316 559 1377 rediturus
581 1316 686 1376 orbem
708 1318 802 1377 tristis
823 1326 878 1379 est.
918 1317 1104 1380 Neminemtt

95 1403 226 1477 pecunia
239 1401 363 1462 divitem
379 1400 463 1473 iecit,
480 1401 571 1460 immo
584 1407 689 1461 contra
700 1401 774 1461 nulii
788 1417 850 1460 non
867 1401 1014 1461 maiorem
1029 1402 1077 1461 sui

93 1487 267 1560 cupidinem
291 1485 428 1546 incussit.
463 1484 603 1559 quaeris,
630 1499 710 1558 quae
731 1485 772 1544 sit
790 1483 883 1545 huius
898 1484 943 1544 rei
964 1492 1079 1544 causat

93 1572 163 1646 pius
183 1570 290 1644 incipit
303 1569 417 1629 habere
432 1583 543 1644 posse,
566 1569 619 1643 qui
637 1569 710 1643 pius
726 1568 827 1627 habet
854 1569 904 1628 Ad
919 1583 1077 1640 summam,

95 1668 186 1728 quem
201 1655 288 1713 voles
310 1652 381 1712 mihi
397 1667 437 1712 ex
451 1652 516 1725 his,
533 1669 664 1727 quorum
678 1652 804 1711 nomina
818 1667 888 1711 cum
903 1651 1014 1712 Crasso
1029 1651 1078 1710 Li-

93 1739 227 1812 cinoque
247 1743 458 1808 numerantur,
480 1737 511 1797 in
526 1737 660 1797 medium
675 1737 746 1796 licet
761 1735 931 1811 protrahas.
959 1735 1079 1795 adierat

94 1836 220 1880 censum
241 1828 271 1881 et
285 1821 433 1897 quicquid
446 1820 582 1882 habetet
596 1820 743 1896 quicquid
756 1827 876 1894 sperat,
900 1819 991 1879 simui
1005 1834 1076 1878 con-

95 1911 194 1979 putet:
226 1905 298 1979 istc,
320 1905 348 1965 si
369 1905 442 1965 mihi
464 1904 579 1979 credis,
602 1921 722 1980 pauper
741 1911 804 1976 est,
833 1904 860 1963 si
879 1902 949 1975 tibi,
977 1908 1079 1977 potest

93 2003 176 2048 osse.
203 1989 245 2047 At
264 1987 328 2063 hic,
352 1989 404 2065 qui
425 2005 461 2050 sc
481 1990 521 2049 ad
543 1988 590 2062 id,
616 1989 701 2064 quod
715 1988 810 2062 exigit
822 1993 946 2060 natura,
961 1987 1120 2061 corpo-10

94 2072 169 2144 suit,
186 2088 247 2132 non
262 2080 378 2134 tantum
392 2080 479 2134 extra
492 2069 619 2134 sensum
635 2080 684 2134 est
696 2070 902 2148 paupertatis,
919 2070 975 2131 sed
991 2077 1078 2130 extra

93 2163 222 2215 metum:
245 2158 301 2218 sed
324 2167 358 2219 ut
378 2159 475 2230 scias,
498 2174 590 2233 quarn
611 2157 735 2218 difficile
757 2157 797 2218 sit
810 2171 860 2216 res
877 2170 951 2216 suas
969 2154 1009 2214 ad
1024 2169 1076 2213 na·

93 2240 220 2300 tanatem
229 2243 354 2302 modum
364 2249 518 2317 coartare,
533 2242 583 2302 hic
593 2243 676 2318 ipse,
690 2257 780 2317 quem
793 2237 902 2301 circa*
915 2242 1076 2312 [naturam]

93 2323 240 2395 dicimus,
263 2340 354 2398 quern
370 2332 402 2384 tu
421 2342 517 2387 vocas
540 2341 721 2401 pauperem,
744 2325 836 2385 habet
850 2323 965 2399 aliquid
981 2330 1011 2382 et
1025 2337 1076 2380 su-

94 2406 248 2479 pervacui.
264 2412 304 2465 At
318 2418 486 2468 excaecant
499 2410 648 2484 populum
663 2416 694 2468 et
707 2411 737 2468 in
750 2425 785 2469 se
797 2413 978 2468 convertunt
989 2408 1117 2478 opes,11

94 2488 121 2546 si
142 2490 290 2548 numerati
311 2490 436 2549 muitum
457 2506 497 2550 ex
518 2492 621 2566 aliqua
636 2493 728 2551 domo
744 2491 885 2562 effertur,
907 2488 934 2548 si
950 2489 1076 2546 muitum

94 2571 159 2629 auri
174 2576 254 2630 tecto
272 2586 398 2646 quoquc
414 2573 480 2632 eius
494 2573 642 2646 inlinitur,
656 2576 681 2633 si
699 2573 812 2633 familia
829 2579 881 2631 aut
894 2568 1076 2644 corporibus

94 2656 192 2713 eiecta
209 2661 260 2714 aut
280 2654 457 2729 spectabitis
474 2656 556 2714 cultu
571 2663 627 2714 est.
653 2654 787 2714 omnium
803 2655 930 2714 istorum
947 2650 1075 2711 felicitas

93 2738 123 2795 in
147 2737 303 2812 pubiicum
325 2743 458 2813 spectat:
481 2737 540 2810 iile,
564 2753 656 2812 quem
675 2753 734 2798 nos
756 2745 786 2797 et
804 2737 920 2812 populo
936 2742 965 2795 et
980 2734 1075 2794 fortu-

93 2836 151 2879 nae
165 2821 384 2893 subduximus,
406 2821 516 2881 beatus
531 2821 695 2881 introrsum
711 2827 768 2880 est.
796 2820 873 2880 Nam
888 2819 972 2894 quod
987 2819 1028 2878 ad
1042 2819 1074 2877 it·
1084 2819 1118 2873 li

93 2905 141 2962 ios
165 2905 307 2978 pertinet,
335 2905 419 2980 apud
440 2921 520 2980 quos
543 2905 622 2965 iaiso
644 2904 815 2965 divitiarum
835 2917 947 2964 nornen
965 2901 1076 2962 invasit

94 2995 245 3062 occupato
267 2996 449 3064 paupertas,
473 2989 519 3049 sic
541 2987 661 3048 divitias
683 2987 810 3059 habent,
837 2985 994 3062 quomodo
1009 2984 1074 3045 ha-

93 3069 185 3129 bere
200 3072 328 3131 dicimur
343 3072 504 3146 febrem,
520 3087 589 3133 curn
604 3072 656 3131 ilia
671 3087 728 3131 nos
744 3071 865 3131 habeat.
888 3086 906 3130 e
921 3066 1075 3130 contrario

93 3153 197 3213 dicere
212 3157 364 3216 solemus:
385 3156 507 3216 febris
528 3157 635 3215 iiiurn
651 3163 767 3216 tenet.
796 3155 906 3215 eodem
920 3153 1014 3214 modo
1031 3151 1075 3211 di-

92 3237 224 3296 cendum
244 3247 308 3299 est:
339 3239 508 3299 divitiae
527 3239 634 3301 iilum
656 3245 797 3300 tenent.
826 3238 905 3298 Nihil
919 3252 994 3311 ergo
1011 3251 1074 3294 mo-

93 3320 198 3379 nuisse
212 3330 242 3381 te
255 3323 357 3383 malim
371 3339 462 3398 quarn
478 3322 552 3394 hoc,
575 3324 660 3399 quod
674 3339 764 3384 nemo
781 3331 920 3383 monetur
935 3319 1025 3390 satis,
1042 3327 1075 3378 ut

92 3403 195 3461 omnia
215 3407 403 3468 naturalibus
423 3407 586 3467 desideriis
608 3406 757 3481 metiaris,
779 3407 891 3482 quibus
912 3410 964 3465 aut
978 3400 1073 3476 gratis

92 3485 223 3548 satisfiat
238 3498 290 3551 aut
312 3507 424 3566 parvor
452 3496 569 3551 tantum
589 3490 720 3552 miscere
736 3491 809 3551 vitia
824 3487 985 3550 desideriis
998 3484 1071 3545 noli.
