2422 3862
113 221 232 282 EPIST.
240 219 335 281 MOR.
347 220 419 280 LIB.
426 219 507 279 xv1.
517 217 575 279 ΕΡ.
583 228 609 280 5.
616 224 706 295 (100.)
716 220 854 281 -XVIL
868 231 892 283 1.
903 225 992 296 (tol.)
1011 218 1075 285 829

93 392 166 438 num
183 373 376 451 splendidum
395 379 426 432 et
440 370 629 445 officiosum,
653 381 801 432 novercae
829 386 869 432 ex
884 373 973 433 ¹tenui
994 373 1076 450 prin·

95 460 177 535 cipio
193 474 229 520 se
252 458 322 534 ipse
343 462 540 532 promoverat
554 462 585 516 et
601 456 661 515 iam
681 454 724 514 iiii
741 455 870 515 declivis
885 463 951 517 erat
966 472 1078 521 cursus

93 545 135 604 ad
150 549 262 604 cetera.
285 541 405 601 facilius
417 540 498 599 enim
513 539 625 598 crescit
634 539 767 614 dignitas
783 554 876 614 quam
886 540 1001 615 incipit.
1023 541 1109 604 Pet

93 627 185 688 cunia
206 640 332 701 quoque
352 624 434 684 circa
452 628 664 699 paupertatem
679 623 841 698 plurimum
858 638 963 684 morae
977 623 1077 700 habet,

94 712 167 772 daim
183 724 223 770 ex
237 709 289 768 iiia
302 713 417 782 erepat.
444 706 494 766 hic
514 707 605 766 enam
620 705 750 766 Senecio
773 705 886 766 divitiis
902 706 1076 785 inminebat,

93 794 134 854 ad
150 790 324 868 quasillum
339 790 420 851 duae
434 806 486 850 res
501 789 654 850 ducebant
668 788 917 862 efficacissimae,
939 797 969 849 et
983 806 1077 866 quae-

92 876 183 938 rendi
198 884 229 935 et
242 873 437 936 custodiendi
452 872 596 947 scientia,
606 889 748 948 .quarum
769 872 818 932 vel
833 873 928 932 altera
942 874 1077 950 locuple·

93 969 154 1022 tem
170 961 272 1020 iacere
288 956 448 1032 potuisset.
476 955 533 1017 Hic
547 956 639 1016 homo
656 971 795 1016 summae
810 956 999 1031 frugalitatis,
1015 974 1110 1030 nona

92 1045 194 1104 minus
222 1040 395 1117 patrimonii
421 1055 514 1116 quarn
536 1039 677 1116 corporis
700 1036 848 1115 ailigere,
870 1049 939 1101 eum
964 1055 1014 1102 me
1039 1057 1078 1103 ex

94 1126 316 1188 consuetudine
334 1140 423 1184 mane
439 1123 581 1196 vidisset,
605 1139 673 1183 cum
696 1139 751 1198 per
771 1130 867 1184 totum
881 1125 962 1184 diem
979 1125 1077 1189 amico

94 1211 228 1285 graviter
245 1210 368 1269 adiecto
389 1215 421 1268 et
440 1208 507 1266 sine
528 1222 586 1282 spe
600 1205 710 1267 iacenti
725 1222 825 1281 usque
840 1206 871 1266 in
886 1216 1007 1268 noctem
1023 1209 1077 1269 ad·

95 1293 243 1366 sedisset,
262 1308 331 1352 cum
347 1291 453 1352 hilaris
469 1299 648 1352 coenasset:
670 1305 783 1366 genere
798 1291 974 1352 valitudinis
989 1304 1076 1367 prae·

94 1377 178 1451 cipiti
195 1384 352 1451 arreptus,
373 1375 500 1450 angina,
520 1375 575 1434 vix
596 1388 800 1449 conpressum
816 1374 919 1436 artatis
935 1375 1077 1437 faucibus

93 1460 231 1535 spiritum
251 1459 344 1519 traxit
363 1458 394 1517 in
416 1461 524 1520 iucem.
551 1458 630 1519 intra
651 1457 855 1533 paucissimas
879 1472 952 1531 ergo
972 1459 1076 1533 horas,

95 1560 186 1618 quam
208 1541 350 1602 omnibus
370 1550 436 1602 erat
452 1542 520 1602 sani
542 1556 580 1602 ac
592 1541 722 1623 ualentis
737 1540 848 1601 oiiioiis
863 1542 1001 1615 iunctus,
1023 1542 1076 1602 de·

95 1627 197 1687 cessit.
225 1627 293 1700 lite,
317 1625 417 1701 quiet
437 1625 512 1685 mari
533 1633 564 1685 et
578 1632 659 1685 terra
673 1624 835 1699 pecuniam
855 1623 1002 1698 agitabat,
1025 1626 1108 1709 quit

96 1710 137 1770 ad
157 1709 279 1785 publica
300 1726 426 1784 quoque
446 1710 561 1770 nulium
576 1709 753 1784 relinquens
770 1708 961 1782 inexpertum
978 1724 1075 1784 genus

95 1800 241 1868 quaestus
263 1801 439 1854 accesserat
461 1794 491 1853 in
512 1794 582 1867 ipso
598 1800 668 1852 actu
683 1792 763 1852 bene
777 1791 949 1853 cedentium
963 1808 1074 1867 rerum,

95 1877 125 1935 in
140 1875 210 1950 ipso
223 1878 431 1951 procursantis
448 1875 597 1951 pecuniae
611 1876 718 1951 inpetu
732 1882 839 1950 raptus
854 1881 917 1935 est=

201 1964 298 2022 tmere
310 1977 399 2034 nunc,
411 1961 561 2033 Meliboee,
570 1961 665 2037 piros,
675 1975 753 2036 ponc
767 1960 872 2020 ordine
885 1961 964 2019 vites.

96 2058 206 2117 quarn
230 2045 388 2104 stultum
414 2051 475 2104 est
499 2051 665 2104 aetatem
689 2042 902 2117 disponere
923 2057 968 2101 ne
993 2057 1075 2101 cra·

95 2126 189 2186 stini
206 2128 358 2203 quidem
375 2126 585 2189 nominant
609 2133 758 2202 aquanta
772 2125 924 2187 dementia
938 2133 987 2187 est
1000 2142 1076 2201 spes

93 2211 202 2284 longas
216 2211 438 2272 inchoantium:
456 2227 571 2284 ernam,
587 2210 774 2285 aedificabo,
789 2212 928 2284 credam,
945 2208 1075 2285 exigam,

93 2293 229 2354 honores
245 2309 364 2368 geram:
393 2301 456 2355 turn
477 2295 588 2355 deinde
610 2296 725 2356 lassam
746 2302 776 2355 et
796 2297 918 2369 plenam
934 2300 1075 2354 senecta·

93 2384 153 2438 tem
168 2376 199 2435 in
215 2377 309 2437 otium
323 2379 463 2437 reseram.
483 2378 606 2452 Omnia,
620 2379 692 2438 mihi
707 2379 814 2453 crede,
831 2381 920 2439 etiarn
936 2376 1109 2440 felicibusa

94 2458 188 2519 dubia
208 2467 287 2519 sunt
320 2458 395 2518 nibil
416 2460 475 2519 sibi
497 2461 660 2536 quisquam
675 2463 715 2521 de
727 2462 827 2522 futuro
843 2461 935 2535 debet
951 2461 1075 2535 promit·

93 2550 169 2602 tere.
199 2542 231 2600 id
246 2556 384 2617 quoque,
402 2542 485 2616 quod
499 2550 632 2616 tenetur,
652 2560 708 2617 per
721 2559 830 2604 manus
847 2546 910 2604 exit
921 2550 952 2603 et
965 2544 1074 2617 ipsam,
1182 2574 1189 2593 κ

94 2642 186 2701 quam
208 2624 390 2701 premimus,
414 2625 521 2687 horam
543 2641 635 2686 casus
655 2626 770 2686 incidit.
803 2627 935 2687 volvitur
954 2633 1074 2702 tempus

92 2717 158 2769 rata
174 2709 298 2785 quidem
314 2710 395 2783 tege,
411 2709 468 2770 sed
483 2725 539 2785 per
553 2707 732 2770 obscurum
754 2708 831 2784 quid
845 2717 947 2770 autem
962 2710 1002 2769 ad
1016 2725 1074 2787 mc,

93 2810 132 2853 an
149 2804 276 2854 naturae
291 2802 406 2854 eertum
421 2793 475 2867 sit,
498 2793 584 2868 quod
598 2793 670 2852 mihi
684 2793 831 2853 incertum
848 2799 916 2853 esti
943 2791 1109 2868 naviga-o

93 2878 192 2937 tiones
212 2879 319 2951 longas
341 2884 371 2936 et
393 2875 557 2952 pererratis
576 2876 715 2938 litoribus
734 2877 842 2938 alienis
864 2893 952 2938 seros
973 2878 1004 2937 in
1020 2893 1072 2952 pa·

93 2961 180 3019 triam
200 2961 316 3020 reditus
337 2961 560 3036 proponimus,
575 2960 709 3021 militiam
730 2967 761 3020 et
775 2960 976 3022 castrensium
987 2960 1072 3023 labo-

93 3058 161 3102 rum
183 3045 269 3103 tarda
289 3043 481 3119 manipretia‚
503 3042 738 3119 procurationes
759 3044 1073 3120 officiorumqueper

95 3126 196 3186 officia
218 3142 401 3202 processus,
424 3142 492 3187 cum
512 3127 633 3188 interim
654 3127 694 3188 ad
716 3129 795 3188 latus
809 3145 892 3189 mors
909 3136 970 3201 est,
994 3143 1073 3202 quae

94 3211 238 3283 quoniam
257 3225 422 3283 numquam
443 3209 593 3284 cogitatur
611 3211 671 3272 nisi
693 3211 806 3284 aliena,
832 3211 964 3273 subinde
983 3209 1073 3270 uobis

93 3292 270 3365 ingeruntur
289 3292 477 3353 mortalitatis
497 3295 639 3369 exempta
660 3311 722 3356 nou
742 3294 870 3367 diutius,
894 3310 986 3370 quam
1001 3294 1073 3353 dum

94 3374 253 3449 mimmnr,‘
271 3375 413 3438 haesura.
445 3375 526 3450 Quia
545 3385 646 3438 autem
667 3377 788 3439 stultius
812 3393 903 3453 quam
922 3375 1025 3436 mirari
1043 3374 1106 3439 idt

94 3458 156 3516 utto
172 3456 363 3535 dierectum,
380 3460 464 3534 quod
479 3457 561 3520 omni
576 3459 679 3535 potest
692 3461 779 3520 fierit
799 3467 860 3520 stat
876 3459 998 3535 quidem
1013 3465 1071 3518 ter·
