2422 3862
230 248 401 309 EPISTUL.
417 245 512 307 MOR.
532 246 606 339 LIB.
621 247 728 308 XVIII.
749 246 806 306 ΕΡ.
821 256 846 309 1.
860 253 950 331 (104.)
1015 248 1080 314 343

96 400 231 462 omnium
247 406 308 470 est,
328 414 423 474 supra
439 398 540 459 omnin
555 405 617 458 est:
640 399 743 474 itaque
758 399 830 460 nulli
844 416 880 460 se
893 401 938 461 rei
953 401 1079 463 submit-

227 567 385 628 Terriiiles
397 569 461 626 uisu
472 567 593 638 formae
607 570 754 641 utumque
767 569 924 643 labosque:

96 651 220 712 mimine
235 650 373 726 quidem,
395 649 422 709 si
441 648 510 725 quis
524 648 615 710 rectis
634 651 733 711 oculis
747 650 855 711 intueri
869 653 920 712 illa
934 655 1035 728 possit
1049 663 1079 715 et

98 735 241 797 tenebras
251 749 462 809 perrumpere.
474 734 566 793 multa
578 749 633 809 per
645 740 766 797 noctem
777 735 879 796 habita
891 736 999 797 terrori
1011 738 1078 799 dies

93 820 186 879 vertit
201 818 240 879 ad
253 817 359 878 risum.

225 902 384 962 Terribiles
399 904 481 962 uiso
492 902 611 973 formos
625 905 770 976 letumque
782 903 930 978 labosque,

94 986 219 1063 egregie
236 986 390 1059 Vergilius
408 981 528 1045 noster:
548 1001 609 1045 non
625 985 757 1045 redixit
777 987 980 1048 terribiles
996 1004 1077 1066 esse,

96 1071 152 1132 sed
167 1068 272 1142 visu,
286 1069 318 1128 id
334 1075 381 1128 est
395 1068 501 1141 videri,
518 1084 579 1129 non
596 1083 676 1129 esse.
716 1069 803 1143 Quid,
818 1071 951 1145 inquam,
967 1073 997 1132 in
1012 1073 1121 1136 istisao

96 1161 144 1215 est
163 1152 224 1214 tam
246 1151 437 1214 formidabile
455 1167 546 1226 quom
569 1154 650 1212 lama
671 1154 826 1228 vulgariis
848 1155 1000 1231 quidest,
1025 1159 1078 1218 ob-

96 1253 185 1300 secro
200 1246 246 1310 te,
265 1235 376 1308 Lucili,
398 1251 452 1295 cur
466 1237 568 1296 timeat
584 1235 718 1296 laborem
734 1235 794 1311 vir,
817 1245 945 1299 mortem
965 1240 1079 1301 homoi

94 1323 207 1383 toIIens
230 1320 302 1381 mihi
324 1327 489 1381 occurrunt
508 1320 574 1394 isti,
601 1320 735 1395 quinon
757 1329 865 1397 putant
884 1323 951 1382 fieri
972 1340 1078 1399 posse,

95 1405 243 1482 quicquid
261 1404 363 1464 iacere
383 1418 444 1463 non
466 1411 599 1479 possunt
619 1411 649 1465 et
669 1404 753 1465 aiunt
773 1421 831 1466 nos
856 1406 943 1481 loqui
963 1410 1079 1468 maiora

96 1506 189 1566 quarn
209 1505 289 1563 quae
307 1487 441 1548 humana
459 1496 568 1549 natura
588 1488 754 1549 sustineat:
777 1497 808 1548 at
829 1497 943 1563 quanto
965 1506 1023 1566 ego
1039 1492 1120 1555 deno

95 1573 155 1634 illIs
177 1573 287 1633 melius
308 1572 471 1632 existimo?
498 1571 559 1648 ipsi
580 1588 706 1646 quoque
725 1572 802 1632 haec
818 1580 951 1648 possunt
967 1575 1077 1647 iacere,

95 1658 152 1718 sed
167 1659 283 1719 nolunt.
326 1654 467 1731 Denique
485 1672 575 1732 quem
592 1671 737 1730 umquam
752 1656 811 1716 ista
825 1657 990 1717 destituere
1005 1665 1077 1717 tem-

95 1749 251 1818 piantem?
272 1742 319 1801 cui
335 1755 397 1800 non
409 1739 548 1802 faciliora
557 1740 729 1815 adporuere
745 1742 775 1800 in
787 1747 878 1800 actui
897 1741 975 1803 Non
991 1743 1078 1818 quia

95 1824 283 1885 diflicilia
305 1833 408 1898 sunt,
425 1841 498 1884 non
523 1825 724 1898 audemus,
741 1826 806 1885 sed
824 1826 1002 1900 quianon
1019 1843 1077 1886 au-

96 1910 243 1982 demus,
265 1909 455 1969 diflicilia
473 1918 572 1969 sunt.
618 1908 650 1969 Si
665 1916 765 1968 tamen
787 1911 1003 1984 exemplum
1019 1910 1120 1973 cle-nl

95 1990 253 2064 sideratis,
281 1991 452 2068 accipite
478 1993 680 2066 Socraten,
710 1991 934 2067 perpessicium
961 2008 1076 2068 senem,

97 2092 152 2152 per
167 2075 268 2136 omnia
283 2092 395 2152 aspera
410 2075 561 2151 iactatum,
577 2077 721 2136 Invictum
736 2084 836 2137 tamen
848 2085 878 2136 et
889 2085 1077 2153 paupertate,

96 2177 186 2235 quam
203 2160 374 2236 graviorem
390 2159 431 2221 illi
447 2162 616 2222 domestIoa
631 2176 725 2221 onera
743 2161 903 2235 iaciebant,
924 2170 954 2222 et
966 2160 1077 2222 labori·

95 2245 169 2316 bus,
193 2253 288 2320 (quos
303 2243 447 2305 militares
464 2261 590 2321 quoque
605 2246 752 2321 pertulit)
773 2245 884 2320 quibus
901 2243 952 2306 ille
967 2246 1077 2321 (domi)

95 2328 249 2389 exercitus
265 2333 338 2402 [est]
352 2329 432 2402 (sive
444 2346 574 2390 uxorem
584 2330 650 2390 eius
667 2335 800 2406 [spectes]
816 2328 953 2390 moribus
972 2330 1077 2402 ieram,

94 2412 198 2486 nngua
212 2413 413 2485 petulantem,
433 2411 500 2472 sive
520 2413 633 2474 liberos
655 2413 805 2474 indociles
827 2420 857 2474 et
876 2412 964 2473 matri
986 2428 1078 2486 quam

96 2495 176 2569 patri
196 2494 369 2553 similiores.
415 2493 465 2555 Sic
481 2497 566 2570 fero)
586 2498 681 2556 autin
697 2497 777 2557 bello
793 2497 849 2555 fuit
863 2504 915 2556 aut
929 2498 957 2555 in
973 2502 1077 2573 tyran-

94 2578 166 2637 nide
187 2577 284 2636 autin
307 2577 444 2636 libertate
457 2579 545 2638 bellis
561 2580 749 2656 aotyrannis
770 2579 921 2638 saeviore.
964 2577 1120 2652 Vigintiae

94 2672 125 2723 et
145 2668 263 2737 septem
284 2660 371 2720 annis
394 2668 560 2736 pugnatum
583 2669 639 2721 est.
667 2669 738 2736 post
758 2661 843 2721 finita
858 2676 942 2720 arma
957 2661 1079 2736 triginta

93 2746 234 2824 tyrannis
251 2760 352 2805 noxae
367 2743 470 2806 dedita
483 2753 531 2806 est
548 2744 670 2818 civitas,
687 2761 727 2804 ex
743 2742 853 2820 quibus
869 2743 1008 2821 plerique
1022 2745 1077 2805 ini-

94 2831 164 2889 mici
180 2837 275 2890 erant.
298 2828 467 2890 novissima
481 2828 634 2889 damnatio
649 2836 698 2890 est
708 2827 766 2889 sub
780 2828 969 2904 gravissimis
982 2828 1077 2890 nomi·

95 2910 186 2975 nib'us
202 2915 331 2989 inpleta:
354 2914 474 2974 obiecta
490 2922 537 2975 est
551 2920 581 2973 et
594 2913 774 2988 religionum
789 2913 913 2975 violatio
928 2921 959 2974 et
972 2913 1077 2974 iuven·

94 2997 166 3057 tutis
183 3000 371 3074 corruptela,
403 3014 492 3073 quam
508 2997 659 3058 inmittere
680 2997 710 3057 in
727 3000 820 3072 deos,
848 2997 878 3057 in
893 2997 1019 3074 patres,
1047 2999 1077 3058 in

95 3081 315 3155 rempublicam
337 3081 438 3142 dictus
460 3089 516 3142 est.
545 3089 618 3157 post
644 3082 721 3142 haec
742 3097 847 3142 carcer
867 3089 898 3142 et
917 3097 1078 3161 venenum.

93 3165 179 3225 Haec
199 3183 299 3241 usque
321 3180 359 3226 eo
381 3167 512 3227 animum
535 3166 671 3227 Socratis
696 3181 757 3226 non
784 3167 960 3240 moverunt,
985 3174 1078 3227 utne

95 3250 211 3308 voltum
227 3250 351 3324 quidem
365 3251 523 3311 moverint.
553 3249 634 3310 illam
654 3248 821 3310 mirabilem
835 3250 957 3310 laudem
972 3258 1002 3310 et
1016 3249 1077 3309 sin·

95 3331 232 3405 gularem
258 3333 423 3408 usquead
448 3341 616 3395 extremum
642 3334 789 3394 servavit:
823 3350 881 3394 nec
904 3333 1079 3393 hilariorem

96 3413 261 3488 quisquam
281 3433 338 3477 nec
357 3414 522 3477 tristiorem
538 3417 685 3478 Socraten
704 3417 788 3477 vidit.
817 3414 955 3492 aequalis
978 3415 1034 3475 luit
1047 3413 1078 3474 in

94 3504 180 3560 tanta
193 3497 408 3576 inaequalitate
423 3502 573 3562 fortunae.
600 3500 657 3563 Vis
672 3503 800 3563 alterum
815 3500 1011 3574 exemplant
1030 3501 1122 3558 acii
