2422 3862
123 239 164 303 se
408 239 441 298 L.
462 237 607 311 Annum
634 188 809 298 sennenn

92 455 95 463 ,
119 391 275 453 eadem?
291 408 401 468 nempe
416 392 631 467 expergiscar,
647 391 809 464 dormiam,
825 392 973 466 esuriam,
989 396 1100 466 [saiw-

119 478 193 552 bcri,
209 477 328 551 algebo,
344 476 503 538 aestuabo.
526 474 639 537 nuliius
652 477 695 537 rei
710 477 780 537 iinis
796 483 858 552 est,
872 477 930 538 sed
945 476 976 537 in
992 478 1098 539 orbem

120 576 201 624 nexa
222 569 293 622 sunt
313 562 430 624 omnia:
453 560 571 635 sugium
588 576 625 622 ae
647 569 827 637 sequuntur.
849 561 930 623 diem
952 577 1015 622 nox
1030 577 1097 638 pre·

119 644 185 720 mit,
208 645 276 705 dies
292 653 428 718 noctem,
449 651 551 707 aestas
568 645 597 704 in
613 652 790 705 autumnum
805 645 932 717 desinit,
954 654 1099 707 autumno

118 729 217 790 hiems
238 730 343 803 instat,
374 745 454 805 quae
470 744 545 788 vere
566 729 775 804 compescitum
797 732 899 791 omnia
917 731 985 804 [sic]
1001 740 1099 793 trans·

119 823 193 875 eunt
207 820 240 874 ut
254 821 454 876 revertantur.
479 811 552 873 nihil
568 814 640 874 novi
655 812 744 888 iaoio,
759 813 833 874 nihii
848 814 921 877 novi
935 815 1044 877 video:
1066 816 1101 876 fit

120 898 287 973 aliquando
303 906 333 959 et
346 897 437 959 huius
453 897 498 958 rei
513 898 653 958 nausia.“
674 898 758 959 Multi
774 908 853 974 sunt,
869 899 998 975 quinon
1015 915 1102 960 acer·

120 982 192 1041 bum
208 982 342 1042 iudicent
359 983 477 1054 vivere,
504 983 560 1041 sed
576 997 812 1058 supervacuum.
844 985 932 1044 Vaie.

420 1126 637 1210 nrrsr'uun
657 1153 704 1209 ιν.
726 1154 797 1224 (aa.)

369 1260 481 1313 serron
501 1261 611 1312 Luormo
632 1274 684 1313 suo
702 1261 842 1313 saturnu.

93 1412 107 1463 1
185 1395 465 1469 Quodadduos
482 1398 628 1459 amicos
649 1403 810 1457 nostros
831 1393 1021 1469 pertinet,
1049 1393 1098 1453 di-

122 1495 238 1541 versa
265 1482 327 1540 via
356 1483 517 1549 eundum
554 1489 628 1548 cst=
667 1479 836 1540 alterius
872 1477 970 1537 eninr
1003 1476 1099 1538 vitia

120 1566 376 1639 emendanda,
398 1568 564 1628 alterius
580 1564 905 1640 frangendasunt.
928 1569 997 1623 utar
1010 1561 1098 1622 iiber-

120 1658 182 1712 tate
196 1657 269 1710 tota.
291 1667 352 1711 non
368 1667 436 1718 auro
452 1651 551 1724 iilum,
572 1649 632 1711 nisi
648 1647 782 1711 offendo.
818 1645 917 1721 „Quid
930 1651 1028 1721 ergo?
1055 1645 1098 1707 in-

120 1735 200 1811 quis,
213 1735 486 1810 quadragenarium
500 1735 647 1809 pupilium
659 1733 775 1807 cogitas
788 1731 846 1793 sub
857 1731 950 1792 tutela
963 1737 1017 1791 tua
1028 1745 1099 1791 oon-

119 1820 237 1880 tinere?
258 1819 380 1893 respice
402 1826 530 1880 aetatem
546 1819 612 1879 eius
628 1819 688 1879 iam
703 1816 809 1877 duram
824 1823 854 1880 et
867 1812 1098 1875 intractabilem.

89 1920 181 1973 onon
197 1911 299 1978 potest
312 1902 487 1966 reformari:
504 1911 607 1968 tenera
621 1903 806 1976 finguntur.“
840 1900 889 1959 An
904 1900 1098 1973 protecturus

120 1988 178 2048 sim
189 1988 306 2048 neseio.
322 1990 402 2049 maio
414 2003 595 2048 successum
607 1985 679 2049 mihi
691 2001 782 2060 quarn
792 1983 885 2045 fidem
898 1982 1020 2043 deesse.
1042 1998 1098 2044 nec

120 2071 336 2144 desperaveris
353 2073 443 2132 etiam
457 2072 590 2135 diutinos
607 2085 718 2144 aegros
735 2084 829 2145 posse
844 2067 961 2141 sanari,
980 2066 1008 2128 si
1027 2083 1098 2129 oon·

119 2162 166 2215 tra
181 2154 441 2228 intemperantiam
457 2156 587 2229 steteris,
604 2155 630 2214 si
645 2153 737 2215 muita
748 2152 859 2215 invitos
872 2160 902 2213 et
913 2151 1017 2213 iacere
1029 2167 1098 2214 eoe-

120 2238 202 2313 geris
224 2243 254 2296 et
275 2238 346 2310 pati.
368 2253 407 2297 ne
428 2239 467 2298 de
488 2239 583 2299 altero
606 2237 728 2314 quidem
751 2236 825 2298 satis
840 2235 973 2307 fiduciae
988 2235 1097 2308 liabeo,

121 2327 252 2396 excepto
274 2335 327 2393 eo,
349 2323 433 2396 quod
457 2323 557 2385 adhuc
577 2338 708 2399 peccare
734 2320 896 2382 erubescit
919 2320 1098 2383 nutriendus

120 2413 168 2469 est
181 2405 231 2465 hic
247 2405 359 2480 pudor,
381 2407 432 2481 qui
449 2405 595 2482 quamdiu
608 2407 638 2466 in
654 2406 755 2466 animo
770 2405 836 2470 eius
853 2404 1024 2480 duraverit,
1046 2403 1097 2464 aii·

123 2490 192 2566 quis
213 2489 269 2549 erit
288 2487 390 2554 bonae
411 2491 477 2566 spei
500 2491 601 2552 locust
636 2506 704 2553 cum
729 2489 788 2550 hoc
809 2495 954 2550 veterano
974 2489 1098 2564 parcius

91 2574 272 2650 aagendum
294 2582 384 2649 puto,
406 2591 445 2634 ne
466 2575 495 2634 in
518 2573 763 2650 desperationem
786 2574 833 2635 sui
849 2572 959 2633 veniat.
981 2588 1040 2634 nee
1055 2572 1096 2634 ui·

120 2659 181 2719 lum
202 2665 323 2732 tempus
345 2658 543 2733 adgrediendi
564 2659 620 2720 tuit
634 2659 743 2735 nteiius
759 2674 850 2734 quam
864 2656 940 2729 hoc,
967 2657 1039 2720 dum
1055 2658 1098 2717 in·

120 2740 313 2818 terquiescit,
336 2741 407 2803 dum
429 2742 590 2804 emendato
612 2740 718 2804 simiiis
740 2750 797 2803 est.
821 2739 889 2813 aliis
910 2739 988 2820 hoen
1008 2742 1098 2804 inter·

119 2824 227 2887 missio
244 2825 310 2885 eius
325 2824 474 2901 inposuitz
502 2825 574 2886 mihi
596 2827 689 2888 verba
705 2843 765 2891 non
780 2827 842 2892 dat.
865 2832 1015 2901 exspecto
1032 2842 1098 2888 cum

119 2925 231 2985 magno
247 2909 352 2971 fenore
367 2910 440 2970 vitia
453 2911 597 2982 reditura,
614 2927 694 2986 quae
709 2926 790 2973 nunc
803 2909 869 2977 scio
886 2925 1021 2982 cessare,
1038 2927 1098 2971 non

120 2994 243 3059 deesse.
278 2993 446 3067 Inpendam
466 2995 537 3057 huic
557 2996 602 3056 rei
624 2996 691 3056 dies
710 3003 739 3055 et
754 3003 853 3058 utrum
869 2993 969 3070 possit
984 2994 1098 3070 aliquid

89 3078 223 3153 tagian
241 3093 301 3138 non
317 3079 431 3153 possit,
460 3081 611 3155 experiar.
639 3081 690 3140 Tu
710 3079 823 3141 nobis
846 3088 898 3152 te,
926 3087 966 3143 ut
990 3080 1096 3150 iacis,

120 3163 258 3223 sortem
282 3172 440 3236 praesta
461 3173 497 3225 et
523 3164 705 3225 sarcinas
727 3162 925 3231 contrahe.
961 3163 1042 3225 Nihil
1059 3178 1097 3223 ex

119 3245 184 3320 his,
205 3261 284 3322 quac
299 3245 462 3321 habentus,
487 3247 696 3311 necessarium
713 3257 770 3310 est.
802 3248 842 3311 ad
857 3249 955 3323 tegern
971 3255 1097 3311 naturae

119 3338 323 3399 revertamum
342 3331 464 3396 divitiae
476 3340 602 3408 paratae
615 3341 695 3394 sunt.
718 3341 770 3397 aut
783 3334 944 3408 gratuitum
956 3340 1012 3407 est,
1036 3348 1095 3408 quo

120 3429 255 3489 egemus,
272 3424 323 3476 aut
337 3416 413 3477 viiee
439 3433 550 3492 panem
566 3424 595 3477 et
610 3434 720 3493 aquam
735 3425 842 3480 natura
856 3417 1022 3481 desiderat.
1045 3431 1095 3477 ne·

114 3515 167 3558 mo
180 3500 222 3560 ad
237 3499 316 3561 haec
328 3517 449 3578 pauper
464 3509 526 3577 est,
548 3501 629 3564 intra
648 3519 729 3579 quae
746 3503 888 3579 quisquis
910 3501 1095 3563 desiderium
