2422 3862
113 221 174 286 100
401 221 434 280 L.
454 219 600 278 ANNAEI
621 215 795 277 SENECAE

110 380 217 449 aperta
231 373 341 433 decent
355 377 385 432 et
399 369 549 445 simplicia
559 369 737 439 bonitatem.
765 369 883 430 etiamsi
898 372 1023 432 nrultum
1039 388 1089 440 su-

111 465 252 534 peresset
272 453 394 527 aetatis,
418 469 510 529 parce
529 454 772 528 dispensandum
786 463 865 528 erat,
889 461 921 516 ut
934 455 1090 515 sufficeret

113 540 312 603 necessariis:
342 554 421 601 nunc
437 553 516 613 quae
534 538 685 598 dementia
700 546 747 598 εει
762 554 956 614 supervacua
970 539 1090 600 discere

112 625 142 686 in
157 633 240 687 tanta
255 622 401 700 temporis
418 629 575 698 egestate?
603 623 690 680 Vale.

411 757 626 816 EPISTULA
648 759 694 816 lX.
718 761 789 830 (49.)

378 853 488 904 sannen
506 853 616 903 Lucuro
636 864 687 904 suo
707 865 847 904 saturnu.

85 969 98 1019 1
174 953 229 1012 Est
246 951 383 1027 quidem,
405 949 446 1009 mi
460 950 569 1024 Lucili,
593 951 721 1025 supinus
737 958 766 1010 et
786 952 970 1026 neglegens,
995 953 1089 1028 quiin

113 1037 202 1098 amici
222 1035 399 1101 memoriam
418 1035 456 1094 ab
473 1033 576 1109 aliqua
592 1034 717 1109 regione
732 1034 906 1096 admonitus
921 1035 1089 1097 reducitur:

113 1130 212 1183 tamen
234 1120 401 1195 repositum
422 1119 452 1177 in
474 1119 574 1178 animo
592 1126 696 1180 nostro
714 1118 899 1180 desiderium
916 1119 987 1180 loca
1002 1120 1089 1181 inter-

115 1207 187 1266 durn
208 1202 364 1264 familiaria
387 1211 516 1263 evocant
542 1218 599 1262 nec
619 1203 800 1263 exstinetam
823 1203 1000 1264 memoriam
1024 1205 1088 1263 red·

115 1291 202 1363 dunt,
219 1287 275 1349 sed
292 1287 497 1362 quiescentem
512 1287 646 1361 inritant,
669 1285 749 1348 sicut
763 1287 899 1348 dolorem
915 1287 1087 1363 lugentium,

115 1373 233 1434 etiamsi
254 1372 404 1446 mitigatus
426 1378 473 1431 est
493 1380 646 1446 tempore,
671 1379 721 1431 aut
738 1371 852 1432 servuli
868 1371 1023 1433 familiaris
1039 1373 1087 1432 ad-

114 1457 221 1518 missio
242 1463 293 1515 aut
314 1457 407 1517 vestis
429 1464 481 1516 aut
502 1456 610 1517 domus
628 1463 770 1517 renovat:
795 1471 867 1516 ecce
883 1455 1048 1532 Campania
1062 1464 1090 1514 et

115 1543 245 1602 maxime
259 1539 404 1615 Neapolis
420 1539 458 1598 ad
473 1539 685 1615 Pompeiorum
699 1547 820 1600 tuorum
836 1548 1036 1616 conspectum
1047 1540 1089 1600 in-

115 1625 259 1686 credibile
282 1632 329 1684 est
351 1639 441 1699 quam
458 1639 566 1684 recens
583 1622 768 1684 desiderium
783 1622 826 1684 tui
841 1625 981 1684 iecerint:
1010 1633 1089 1686 totus

115 1711 186 1770 rnihi
202 1711 232 1769 in
248 1709 345 1768 oculis
361 1724 405 1768 es.
429 1722 496 1766 curn
512 1708 642 1767 maxime
658 1725 676 1767 a
690 1715 719 1767 te
735 1706 873 1769 discedo.
895 1708 987 1769 video
1005 1709 1089 1769 lacri-

116 1811 180 1854 mas
197 1791 408 1855 conbibentem
424 1800 454 1852 et
469 1790 638 1852 adfectibus
653 1791 711 1852 tuis
727 1790 804 1851 inter
818 1791 918 1867 ipsam
933 1793 1089 1852 coercitio·

88 1885 104 1936 ι
117 1896 184 1939 nem
200 1877 382 1938 exeuntibus
399 1893 459 1937 non
475 1877 549 1936 satis
564 1875 765 1936 resistentem.
797 1876 891 1938 Modo
907 1877 1049 1937 amisisse
1063 1886 1090 1936 te

117 1963 231 2023 videor.
266 1960 340 2035 quid
355 1962 435 2020 enirn
451 1977 509 2020 non
526 1961 636 2022 niodo
652 1969 713 2033 est,
737 1961 763 2019 si
778 1961 973 2021 recorderis?
1000 1961 1090 2022 modo

117 2047 199 2122 apud
224 2044 379 2105 Sotionem
404 2044 622 2120 philosophum
647 2061 723 2119 puer
748 2045 824 2104 sedi.
862 2045 954 2105 modo
982 2061 1090 2106 causas

117 2145 208 2204 agere
229 2130 326 2203 coepi.
360 2129 452 2189 modo
468 2128 545 2188 desii
561 2130 638 2188 velle
655 2143 755 2203 agere.
784 2129 876 2190 modo
892 2129 970 2190 desii
985 2145 1090 2206 posse.

116 2213 276 2272 infinita
303 2219 361 2271 est
388 2212 579 2272 velocitas
606 2212 809 2287 temporis,
844 2229 941 2289 quae
969 2213 1090 2290 magis

118 2296 281 2370 adparet
302 2294 623 2370 respicientibus.
661 2313 728 2355 nam
750 2297 789 2357 ad
808 2299 981 2370 praesentia
997 2298 1090 2358 inten-

88 2389 164 2442 3tos
180 2380 269 2440 lallit=
292 2380 369 2440 adeo
386 2380 561 2454 praecipitis
578 2379 667 2454 iugae
679 2380 825 2442 transitus
836 2380 914 2440 lenis
927 2388 983 2442 est.
1016 2381 1090 2442 Cau·

117 2482 182 2526 sam
193 2463 283 2524 huius
294 2463 339 2524 rei
351 2463 496 2538 quaerisr
518 2464 663 2539 quioquid
675 2466 821 2542 temporis
832 2465 967 2539 transiit,
984 2466 1091 2528 eodem

117 2551 185 2611 loco
208 2555 270 2608 est:
300 2548 413 2623 pariter
432 2547 608 2623 adspicitur,
629 2563 690 2608 una
711 2549 798 2609 iacet.
831 2551 932 2610 omnia
950 2550 1045 2623 [inde]
1062 2548 1090 2608 in

118 2633 302 2710 profundum
325 2633 445 2692 cadunt.
475 2640 505 2691 et
524 2633 657 2708 alioquin
674 2648 735 2693 non
750 2641 882 2708 possunt
895 2635 989 2708 longa
1003 2635 1090 2694 inter-

118 2720 198 2778 valla
218 2731 289 2777 esse
309 2716 337 2774 in
361 2731 398 2775 ea
417 2730 466 2789 re,
490 2731 568 2790 quae
588 2723 651 2776 tota
670 2715 773 2776 brevis
792 2725 848 2778 est.
883 2717 1033 2779 Punctum
1048 2725 1092 2777 εει

119 2799 203 2876 quod
224 2799 353 2859 vivimus
369 2806 400 2858 ει
413 2798 513 2860 adhuc
528 2808 641 2875 puncto
656 2802 765 2861 minus.
794 2802 849 2862 sed
865 2802 925 2862 hoc
940 2803 1092 2862 minimum

118 2883 223 2958 specie
246 2883 378 2957 quadarn
399 2883 545 2956 longioris
566 2885 656 2961 spatii
677 2892 784 2945 natura
805 2883 926 2946 derisit:
955 2886 1039 2956 aliud
1055 2901 1091 2946 ex

118 2968 178 3027 hoc
203 2966 358 3025 infantiam
384 2966 468 3039 lecit,
498 2967 580 3028 uliud
606 2969 779 3043 pueritiam,
808 2970 890 3030 aliud
913 2971 1091 3030 adulescen-

119 3051 209 3122 tiam,
252 3050 333 3110 aliud
365 3049 589 3112 inclinationem
624 3053 786 3128 quamdam
817 3054 856 3114 ab
885 3053 1093 3115 adulescentia

119 3136 158 3195 ad
179 3141 379 3207 senectutem,
401 3135 481 3194 aliud
505 3136 603 3212 ipsam
619 3143 814 3199 senectutem.
844 3139 873 3198 in
890 3155 1092 3216 quamangu·

89 3226 166 3281 ‹lsto
188 3226 262 3293 quot
283 3220 396 3295 gradus
419 3220 537 3296 posuit!
573 3219 665 3282 Modo
689 3227 719 3282 ιε
743 3230 927 3298 prosecutus
953 3239 1038 3284 sum:
1065 3230 1094 3282 et

119 3310 217 3362 tannen
239 3303 297 3364 hoc
317 3305 425 3364 modo
447 3305 553 3365 aetatis
570 3313 693 3366 nostrae
707 3307 788 3367 bona
803 3309 903 3383 portio
920 3314 981 3382 est,
1007 3307 1092 3369 errius

118 3385 296 3447 brevitatem
320 3389 482 3463 aliquando
509 3391 637 3451 suturam
662 3391 840 3466 cogitemus.
883 3392 950 3454 Non
974 3391 1092 3452 solebat

116 3471 187 3530 milri
212 3479 269 3530 tarn
292 3474 382 3532 velox
403 3481 523 3550 tempus
542 3473 654 3535 videri:
684 3492 764 3537 nunc
779 3477 967 3538 incredibilis
983 3490 1092 3537 cursus
