2422 3862
140 243 309 303 EP1STUL.
325 241 419 303 molt.
441 243 513 305 ΜΒ.
526 242 590 304 XX.
611 244 747 308 Exeo.
767 253 840 320 (iar.
854 251 929 319 me.)
971 243 1035 309 too

59 394 115 454 sed
139 392 301 454 notabilem
323 394 438 453 lacere=
465 394 495 452 in
518 402 578 454 tam
604 401 754 468 occupata
775 395 894 454 civitate
915 395 1034 456 fabulas

57 477 191 552 volgaris
216 477 351 551 nequitia
376 493 437 537 non
465 475 588 536 invenit.
631 476 784 538 Pedonem
809 476 1076 544 Albinovanumlt

58 568 229 620 narrantem
249 561 458 632 audieramus,
481 568 545 620 erat
565 566 664 619 autem
681 560 830 621 fabulator
845 562 1034 636 'elegantissi-

57 660 142 715 mus,
164 642 319 703 habitasse
341 658 382 724 se
398 659 492 718 supra
513 644 636 704 domum
652 643 705 718 Sp.
720 644 847 719 Papinii.
875 644 901 704 is
917 652 982 705 erat
996 661 1036 705 ex

56 726 229 788 hacturba
254 727 463 800 lucifugarum.
512 726 649 799 ,‚Audio,
674 725 787 802 inquit,
814 727 1036 806 [circum]circa

57 812 163 871 horam
185 811 302 870 tertiam
320 808 419 871 noctis
439 809 630 885 flagellorum
652 825 772 870 sonum.
805 827 935 886 quaero,
962 811 1033 886 quid

58 895 162 955 saciat:
175 894 284 954 dieitur
293 895 427 953 rationes
439 895 588 968 accipere.
604 893 695 955 audio
709 895 789 953 circa
800 894 906 955 horam
919 902 1036 956 sextam

58 979 156 1038 noctis
178 979 340 1037 clamorem
362 978 558 1038 concitatum:
590 992 720 1052 quaero,
747 978 820 1050 quid
841 978 894 1038 sit:
929 978 1029 1038 dicitur

58 1077 166 1122 vocem
179 1075 333 1120 exercere.
350 1074 465 1134 quaero
478 1061 560 1120 circa
572 1059 677 1120 horam
688 1068 828 1122 octavam
841 1061 950 1135 noctis,
962 1060 1037 1137 quid

58 1147 117 1206 sibi
137 1146 187 1204 ille
205 1158 302 1204 sonus
322 1151 456 1204 rotarum
472 1143 575 1203 vellet:
596 1144 708 1219 gestari
727 1144 845 1204 dicitur.
890 1145 977 1205 Circa
993 1141 1079 1204 ln-16

59 1245 125 1288 ceni
140 1228 327 1299 discurritur,
344 1229 429 1303 pueri
445 1234 600 1300 vocantur,
617 1227 738 1301 cellarii,
752 1229 843 1303 coqui
854 1229 1037 1290 tumultuan-

58 1321 116 1372 tur.
133 1327 257 1387 quaero,
267 1311 342 1386 quid
354 1311 407 1371 sit:
419 1311 527 1370 dicitur
539 1312 668 1370 mulsum
680 1319 711 1371 et
722 1310 830 1371 alicam
843 1313 1037 1387 poposcisse,

58 1413 77 1455 a
97 1397 206 1456 balneo
226 1393 339 1454 exisse.
382 1394 586 1467 Extendebat,
612 1393 726 1468 inquit,
752 1410 848 1455 coena
872 1395 937 1455 eius
959 1395 1039 1455 diem

58 1479 189 1538 minime.
220 1479 308 1538 valde
324 1476 404 1538 enim
417 1477 573 1552 frugaliter
588 1477 722 1537 vivebat=
746 1477 818 1537 nihil
840 1479 1041 1538 consumebat

59 1563 272 1623 nisinoctem.
304 1564 407 1637 itaque
434 1560 527 1621 credo
554 1560 725 1620 dicentibus
749 1561 832 1620 illum
855 1559 1039 1637 quibusdam

59 1662 183 1706 avarum
199 1654 229 1707 et
242 1647 417 1706 sordidum:
440 1661 507 1716 vos,
520 1644 627 1720 inquit,
642 1644 725 1726 illum
742 1652 771 1705 el
785 1642 1040 1722 lychnobium

59 1730 176 1790 dicetis.
220 1730 285 1790 Non
308 1730 404 1790 debes
427 1727 585 1802 admirari,
608 1728 748 1789 sitantas
763 1728 882 1787 invenis
899 1728 1040 1788 vitiorum
1049 1729 1081 1786 1⁷

59 1813 278 1888 proprietates:
309 1813 393 1873 varia
417 1821 502 1885 sunt,
534 1810 770 1872 innumerabiles
798 1811 911 1872 habent
935 1812 1039 1882 lacios

59 1897 229 1971 conprendi
244 1912 350 1958 eorum
366 1913 480 1972 genera
493 1912 553 1956 non
566 1903 712 1971 possunt:
731 1896 862 1971 simplex
877 1895 952 1954 recti
968 1909 1041 1954 cura

59 1988 119 2054 cst,
145 1980 302 2054 multiplex
324 1982 410 2057 provi
431 1987 461 2040 et
482 1977 677 2055 quantumvis
698 1995 796 2039 novas
819 1976 1060 2039 declinationes.

60 2065 149 2139 capit.
184 2065 267 2123 ldem
283 2066 419 2126 moribus
435 2065 549 2124 evenit=
572 2072 709 2125 naturam
724 2061 916 2138 sequentium
934 2061 1040 2121 faciles

60 2154 138 2221 sunt,
154 2147 245 2208 soluti
260 2156 338 2223 sunt,
351 2151 479 2222 exiguas
491 2146 680 2208 differentias
692 2147 820 2207 habent:
836 2146 907 2219 [his]
921 2145 1040 2205 distorti

60 2233 219 2306 plurimum
235 2238 265 2289 et
280 2232 420 2291 omnibus
432 2238 462 2291 et
476 2233 553 2291 inter
564 2248 599 2292 se
611 2231 771 2292 dissident.
801 2230 926 2291 Causa
939 2236 1039 2290 tamen
1049 2233 1082 2289 18
1129 2225 1132 2230 ’

61 2312 1039 2388 praecipuamiliivideturhuinsmorbivitaecom-

60 2397 184 2454 munis
206 2397 417 2455 fastidium.
447 2397 602 2470 quomodo
625 2399 706 2457 cultu
727 2413 761 2458 se
776 2414 795 2456 a
809 2396 919 2457 ceteris
933 2396 1039 2455 distin·

59 2485 169 2553 guunt,
186 2478 341 2553 quomodo
357 2479 507 2552 elegantia
523 2495 702 2549 coenarum,
717 2478 871 2539 munditiis
885 2477 1039 2537 vehiculo·

60 2579 141 2634 rum,
164 2562 209 2620 sic
232 2563 336 2621 volunt
355 2576 501 2635 separare
517 2562 605 2621 etiam
623 2569 791 2636 temporum
808 2559 1039 2634 dispositiones.

59 2646 166 2705 nolunt
182 2645 271 2704 solita
287 2659 425 2718 peccare,
442 2643 553 2719 quibos
571 2645 719 2719 peccandi
736 2643 901 2718 praemium
918 2641 1041 2702 inlamia

59 2737 116 2789 est.
137 2729 217 2788 hanc
232 2736 338 2803 petunt
349 2743 456 2788 omnes
467 2727 526 2800 isti,
538 2726 599 2803 qui,
612 2734 646 2787 ut
656 2727 696 2787 ita
708 2727 817 2798 dicam,
828 2733 911 2786 retro
923 2725 1039 2787 vivunt.

59 2814 148 2885 ideo,
168 2813 280 2886 Lucili,
302 2812 433 2872 tenendo
453 2809 542 2871 nobis
563 2812 613 2870 via
634 2818 695 2885 est,
717 2826 806 2886 quam
824 2817 931 2871 natura
952 2811 1081 2886 prae-19

59 2896 184 2971 scripsit
197 2913 253 2956 neo
269 2897 307 2957 ab
319 2896 370 2956 illa
381 2895 610 2957 declinandum:
630 2895 712 2956 illam
724 2894 924 2969 sequentibus
938 2894 1040 2956 omnia

59 2981 168 3053 lucilia,
184 2981 329 3056 expedita
343 2986 423 3040 sunt.
448 2985 553 3040 contra
564 2978 645 3039 illam
657 2977 820 3040 nitentibus
832 2994 893 3039 non
906 2978 965 3040 alia
978 2978 1039 3038 vita

59 3072 107 3124 est
122 3082 213 3139 quam
231 3072 336 3125 contra
352 3078 463 3138 aquom
478 3062 707 3138 remigantibus.
743 3064 831 3122 Vale.

348 3199 566 3257 EPISTULA
585 3201 633 3256 Vl.
656 3201 745 3271 (123.)

312 3294 422 3347 Sennea
438 3295 551 3346 Lucumo
569 3306 621 3346 suo
638 3305 778 3346 saturnu.
867 3321 870 3328 ·

123 3395 232 3456 ltinere
254 3398 413 3457 conlectus
440 3397 635 3459 incommodo
660 3397 758 3472 magis
784 3412 879 3471 quam
894 3396 993 3465 tonas
1009 3393 1096 3478 ‘ux-x

58 3478 211 3538 Albanum
227 3495 325 3541 meum
345 3480 437 3541 multa
458 3489 550 3544 nocto
569 3482 719 3560 peruenit
738 3479 823 3540 nulii
835 3477 951 3535 nantas
961 3473 1079 3542 passu
