2422 3862
153 224 216 290 184
447 225 480 284 L.
502 223 649 284 ANNAEI
672 222 848 284 SENECAE

154 379 312 458 quitatem
331 392 397 437 earn
412 377 565 437 excussio
591 392 680 437 nemo
697 383 797 436 autem
812 375 892 437 illam
907 378 1054 453 excussit
1073 379 1131 439 nisi
1198 425 1201 438 .

112 464 206 541 liqui
228 479 285 539 pro
307 461 358 522 illa
378 461 558 538 sapientiam
579 460 760 538 adsumpsit.
805 460 883 534 Quid
905 461 983 521 inter
1005 463 1131 524 morbos

154 548 244 608 animi
259 546 377 609 intersit
391 555 421 606 et
434 547 590 621 adlectus,
615 562 710 622 saepe
731 547 789 606 ianr
806 545 878 605 dixi.
909 562 990 607 nuno
1007 563 1133 623 quoque

153 640 184 694 te
204 630 393 692 admonebo:
421 631 519 691 morbi
542 638 614 692 sunt
634 632 802 691 inveterata
826 630 900 690 vitia
925 639 955 690 et
980 631 1072 703 dura,
1100 640 1130 692 ut

154 714 294 789 avaritia,
314 721 348 774 ut
366 713 489 774 ambitio
511 713 612 775 nimia.
641 717 730 776 attius
745 714 821 773 haec
837 713 969 775 animum
984 713 1131 789 inplicue-

154 807 223 861 runt
242 807 271 858 et
293 794 443 873 perpetua
463 799 529 859 eius
544 799 624 858 mala
638 814 710 859 esse
725 805 900 872 coeperunt.
944 799 984 859 Ut
1000 798 1132 858 breviter

153 884 271 956 liniam,
293 881 418 943 morbus
434 888 481 942 est
495 881 639 942 iudicium
655 883 685 941 in
702 897 798 956 pravo
815 881 962 957 pertinax,
978 888 1131 957 tamquam

155 966 246 1025 valde
260 965 434 1040 expetenda
449 965 517 1040 sint,
534 980 615 1041 quae
629 965 737 1024 leviter
751 964 925 1040 expetenda
936 972 1015 1038 saint,
1029 967 1089 1039 vel,
1106 966 1132 1024 si

155 1049 268 1123 mavis,
289 1049 332 1109 ita
350 1047 508 1109 finiamus=
531 1047 621 1109 nimis
641 1049 788 1108 inminere
806 1049 912 1108 leviter
928 1049 1067 1124 petendis
1084 1049 1132 1108 vel

155 1149 196 1194 ex
206 1140 268 1193 toto
281 1148 343 1192 non
356 1131 497 1207 petendis
510 1141 561 1193 aut
571 1133 601 1191 in
616 1148 727 1207 magno
742 1132 840 1208 pretio
855 1132 968 1193 habere
981 1132 1012 1192 in
1027 1133 1130 1205 aliquo

116 1216 297 1282 lahabenda
313 1216 361 1275 vel
376 1216 405 1274 in
421 1217 514 1276 nullo.
558 1216 708 1277 Adfectus
723 1223 908 1277 summotus
923 1216 1013 1276 animi
1027 1215 1127 1290 inpro-

156 1299 283 1374 babiles,
298 1300 390 1359 subiti
405 1309 436 1360 at
450 1300 605 1371 concitati,
622 1299 674 1375 qui
690 1302 864 1376 trequentes
880 1300 1072 1375 neglectique
1088 1300 1117 1358 ie

157 1399 227 1444 cere
247 1384 401 1457 morbum,
425 1384 504 1445 siout
524 1382 678 1444 distillatio
697 1400 758 1444 una
781 1399 837 1444 nec
857 1384 957 1444 adhue
970 1384 999 1442 in
1016 1399 1133 1444 morem

156 1468 289 1528 adducta
308 1468 416 1529 tussim
439 1468 524 1541 lacit,
550 1466 680 1528 adsidua
701 1474 729 1528 et
750 1475 838 1528 vetus
858 1467 1001 1543 phthisin.
1015 1501 1017 1505 <
1030 1467 1134 1541 itaque

158 1550 210 1626 qui
227 1551 387 1627 plurimum
404 1552 571 1626 proiecere,
588 1560 674 1612 extra
688 1552 812 1612 morbos
828 1558 913 1611 sunt:
927 1551 1068 1617 adtectus
1081 1552 1133 1611 ad·

118 1636 216 1702 ralruc
231 1636 366 1696 sentiunt
378 1636 515 1709 perfecto
531 1636 673 1710 proximi.
703 1633 919 1697 Secundum
935 1650 1058 1711 genus
1075 1642 1134 1694 est

157 1735 272 1793 eorum,
281 1719 333 1794 qui
345 1725 375 1778 et
385 1720 517 1779 maxima
529 1719 619 1779 animi
631 1720 710 1779 mala
721 1727 751 1779 et
762 1719 900 1780 adlectus
915 1719 1135 1794 deposuerunt,

158 1803 213 1862 sed
231 1802 287 1876 ita,
309 1810 343 1863 ut
364 1817 424 1862 non
446 1803 485 1863 sit
503 1801 562 1862 illis
583 1803 754 1864 securitatis
770 1819 845 1863 suae
862 1809 944 1863 certa
961 1802 1133 1879 possessio.

120 1901 149 1953 ll
158 1892 289 1962 possunt
303 1885 383 1946 enirn
398 1886 428 1945 in
444 1886 551 1948 eadem
564 1887 667 1947 relabi.
711 1885 878 1947 Tertium
900 1887 997 1947 illud
1013 1901 1134 1962 genus

159 1978 245 2031 extra
256 1973 337 2030 mato
351 1969 444 2037 multa
454 1977 484 2031 et
494 1986 603 2045 magna
615 1976 670 2042 est,
686 1971 815 2030 sednon
829 1973 1042 2031 extraomnia=
1058 1969 1132 2030 effu·

159 2054 201 2127 git
216 2051 380 2125 avaritiam,
390 2096 393 2101 «
403 2053 460 2113 sed
474 2054 548 2113 iram
563 2051 664 2114 adhuc
678 2055 777 2114 sentit.
803 2054 863 2114 iam
878 2069 939 2113 non
957 2055 1135 2115 sollicitatur

159 2136 298 2208 libidine,
318 2135 491 2197 etiamnunc
506 2136 678 2199 ambitione.
705 2138 764 2197 iarn
779 2153 840 2198 non
856 2138 1062 2213 concupiscit,
1079 2137 1136 2197 sed

161 2218 260 2278 adhuc
280 2220 372 2279 timet.
400 2226 430 2278 et
448 2221 478 2279 in
503 2219 572 2297 ipso
593 2228 674 2282 metu
696 2221 735 2281 ad
757 2221 908 2297 quaedam
928 2220 1003 2282 satis
1028 2221 1135 2281 firmus

161 2309 223 2375 est,
241 2301 423 2377 quibusdam
439 2303 528 2364 cedit
548 2312 674 2365 mortem
691 2304 870 2379 contemnit,
884 2305 1024 2366 dolorem
1039 2306 1135 2365 reior-

121 2385 266 2452 15n1idat.
309 2386 355 2447 lte
374 2385 433 2446 hoc
453 2388 528 2464 loco¹
544 2388 659 2464 aliquid
675 2389 859 2464 cogitemus:
880 2389 960 2448 bene
976 2388 1135 2449 nobiscum

160 2476 275 2544 agetur,
293 2471 320 2529 si
335 2470 364 2529 in
379 2469 461 2531 hunc
475 2471 657 2539 admittimur
673 2488 842 2532 numerum.
869 2471 981 2547 Magna
996 2471 1137 2532 felicitate

160 2561 286 2613 naturae
304 2568 476 2629 magnaque
495 2563 523 2614 et
538 2554 668 2615 adsidua
688 2555 853 2617 intentione
867 2556 960 2617 studii
979 2555 1137 2620 secundus

161 2644 327 2711 occupatur
345 2638 474 2712 gradus:
495 2638 604 2699 sedne
624 2637 674 2699 hic
696 2640 818 2715 quidem
834 2640 1075 2701 contemnendus
1091 2645 1138 2697 est

162 2721 247 2780 color
260 2719 377 2780 tertius.
422 2722 534 2796 Cogita,
551 2730 695 2797 quantum
710 2723 793 2783 circa
810 2731 838 2784 te
855 2722 963 2785 videas
978 2725 1136 2793 malorum,

161 2803 304 2876 adspice,
327 2820 418 2878 qnam
441 2806 553 2866 nullum
570 2805 610 2866 sit
625 2806 712 2866 melas
729 2807 796 2866 sine
811 2808 969 2882 exemplo,
992 2814 1137 2881 quantum

163 2884 273 2946 cotidie
294 2886 430 2960 nequitia
449 2888 601 2963 proficiat,
625 2897 768 2964 quantum
792 2890 912 2965 publice
934 2890 1138 2964 privatimque

164 2974 321 3043 peccetur:
341 2969 498 3043 intelleges
512 2973 587 3032 satis
602 2988 660 3033 nos
676 2974 834 3049 consequi,
852 2974 879 3034 si
894 2974 970 3033 inter
983 2974 1138 3048 pessimos

125 3067 223 3120 panon
239 3066 355 3110 sumus.
400 3051 483 3128 „Ego
499 3071 589 3128 voro,
610 3057 726 3130 inquis,
749 3073 840 3132 spero
855 3073 905 3116 me
918 3073 1015 3132 posse
1031 3063 1061 3116 et
1076 3072 1138 3116 am-

166 3132 270 3209 plioris
288 3133 402 3194 ordinis
417 3136 513 3196 fieri.“
556 3137 730 3214 Optaverim
751 3140 810 3201 hoe
825 3141 915 3200 nobis
929 3141 1027 3216 magis
1047 3155 1139 3215 quam

164 3216 371 3292 promiserim:
393 3223 610 3296 praeoccupati
633 3240 749 3283 sumus.
771 3224 811 3284 ad
827 3225 966 3285 virtutem
981 3222 1140 3284 contendi·

165 3316 232 3360 mus
251 3300 328 3359 inter
340 3301 413 3362 vitia
432 3303 568 3364 districti.
596 3306 691 3381 pudet
711 3307 828 3382 dicere,
848 3307 979 3368 honesta
1000 3309 1140 3380 colimus,

166 3390 310 3457 quantum
329 3393 428 3445 vacat:
452 3393 482 3446 at
497 3403 585 3462 quam
601 3391 717 3463 grande
733 3391 899 3466 praemium
915 3399 1091 3466 exspectat,
1113 3390 1139 3448 si

160 3468 382 3541 occupationes
406 3476 531 3532 nostras
551 3477 582 3531 et
600 3473 681 3533 mala
700 3475 894 3535 tenacissima
916 3474 1140 3550 abrumpimus!
