2422 3862
132 224 193 290 170
290 262 294 268 -
417 226 451 285 L.
472 225 619 285 ANNAEI
640 223 815 285 SENECAE

132 379 255 454 quidem
277 375 488 452 turpis,.inter
510 376 601 438 laeda
622 376 826 437 versantibus.
856 375 886 435 id
906 391 1049 450 agamus,
1072 386 1106 439 ut

130 470 266 524 nostrum
282 476 372 521 omne
388 467 508 536 tempus
525 461 572 522 sit.
596 477 656 521 nnn
673 461 729 521 erit
744 467 854 534 autem,
869 460 929 521 nisi
943 460 1028 536 prius
1045 477 1104 522 nos

86 547 225 611 linostri
247 561 317 606 esse
339 545 541 620 coeperimus.
578 545 706 620 Quando
735 545 889 619 continget
908 553 1104 606 contemnere

131 640 290 705 utramque
306 631 479 689 Inrtunamt
513 630 635 705 quando
651 629 805 703 continget
819 627 959 690 omnibus
976 629 1105 704 obpres-

130 716 174 776 sIs
187 714 358 775 adfectibus
370 720 400 774 et
411 712 468 774 sub
480 714 634 774 arbitrium
649 729 737 775 suum
749 713 890 773 adductis
902 712 981 773 hanc
996 728 1104 773 vocem

129 800 281 860 emittere:
299 796 395 857 vluit
422 796 515 870 Quem
535 798 659 858 vicerIm
675 797 820 872 quaertsr
844 812 905 858 non
920 797 1030 857 Persas
1047 812 1103 857 nec

96 929 99 935 .
129 891 266 943 extrema
289 882 449 942 Medorum
474 898 532 942 nec
554 883 580 942 si
606 881 680 957 quid
700 882 778 940 ultra
797 881 901 941 Dahas
922 880 1103 941 bellicosum

129 967 224 1040 iacet,
239 966 295 1026 sed
307 966 478 1039 avaritiam,
496 967 552 1026 sed
568 967 774 1036 ambitionem,
789 966 845 1025 sed
860 972 972 1025 metum
986 965 1102 1035 mortis,

130 1052 182 1127 qui
199 1051 330 1111 victores
345 1048 478 1125 gentium
493 1049 574 1110 vicit.
603 1051 690 1109 Vale.

525 1226 724 1237 ----.

417 1383 450 1465 t.
476 1379 615 1464 ltttttnt
640 1380 810 1465 SENECAE

482 1535 529 1586 ΑΙ)
559 1534 748 1586 LUCILIUM

169 1653 658 1755 EPISTULARUM
701 1653 1059 1752 ntnltttttt

508 1818 640 1880 LIBER
668 1820 718 1882 IX.

550 1977 679 1987 ——-—-

435 2103 651 2162 EPISTULA
672 2107 693 2160 Ι.
716 2108 786 2177 (72.)

377 2200 488 2253 Sennea
505 2202 616 2253 Lucrtto
638 2213 689 2251 suo
709 2213 848 2257 saturnu.

190 2314 213 2364 1.
233 2302 319 2376 Quod
336 2304 457 2376 quaeris
473 2320 491 2364 a
509 2320 566 2377 me,
581 2304 716 2379 liquebat
729 2304 811 2377 mihi,
827 2305 854 2365 si
869 2320 933 2365 rem
949 2305 1102 2364 edicerem

126 2402 182 2463 per
195 2401 239 2447 se.
270 2386 326 2447 sed
344 2387 396 2447 diu
411 2405 472 2449 non
488 2389 666 2463 retemptavi
681 2389 858 2450 memoriam
872 2404 980 2459 meam,
997 2389 1102 2463 itaque

125 2488 186 2532 non
203 2468 291 2531 facile
306 2487 354 2531 me
369 2473 514 2548 sequitur.
543 2473 627 2547 quod
643 2476 745 2533 evenit
761 2473 845 2535 libris
861 2474 920 2535 situ
933 2472 1101 2534 cohaeren-

126 2555 221 2630 tibus,
243 2555 302 2616 hoc
320 2557 462 2616 evenisse
477 2555 549 2616 mihi
563 2557 677 2617 sentin:
699 2557 901 2633 explicandus
917 2565 964 2617 est
980 2557 1100 2615 animus

123 2647 155 2700 et
170 2654 381 2716 quaecumque
395 2640 478 2715 apud
494 2640 576 2701 illurn
592 2640 734 2715 deposita
749 2649 834 2714 sunt,
851 2640 983 2701 subInde
999 2640 1102 2699 excuti

126 2724 251 2797 debent,
266 2730 300 2784 ut
315 2732 421 2798 parata
433 2724 509 2796 sint,
525 2724 668 2798 quotiens
683 2741 761 2784 usus
775 2724 920 2800 exegerit.
953 2740 1027 2798 ergo
1042 2723 1101 2784 hoc

125 2806 155 2866 in
180 2807 355 2881 praesentia
374 2804 560 2868 differamus.
588 2810 711 2869 multum
728 2809 809 2869 enim
824 2823 952 2884 operae,
974 2809 1101 2868 multum

126 2889 301 2965 diligentiae
322 2889 430 2963 poscit.
463 2905 530 2951 oum
552 2892 681 2967 primum
706 2894 875 2968 longiorem
897 2892 1006 2953 eodem
1029 2893 1099 2951 loco

97 2986 293 3048 asperavere
313 2987 441 3043 moram,
465 2981 535 3035 tunc
557 2976 640 3036 istud
663 2977 692 3036 in
710 2993 819 3039 manus
837 2992 965 3036 sumam.
1003 2974 1101 3049 Quae-

126 3057 195 3116 dam
211 3054 292 3114 enIm
308 3063 391 3128 sunt,
413 3073 491 3131 quae
515 3061 617 3134 possis
639 3068 670 3120 et
690 3060 718 3119 in
736 3059 812 3122 elsio
829 3061 974 3121 scribere.
1007 3074 1101 3134 quae·

126 3138 196 3198 dam
211 3138 323 3198 lectum
337 3146 366 3199 et
378 3140 515 3203 onumen
530 3150 679 3204 secretum
692 3144 877 3206 desiderant.
906 3143 1101 3203 nihilominus

126 3221 174 3282 bis
202 3236 326 3298 quoque
352 3225 510 3299 occupatis
535 3226 644 3287 diebus
665 3235 772 3302 agatur
792 3226 908 3304 aliquid
930 3227 1101 3302 etquidem

126 3306 207 3367 totis.
232 3321 395 3380 numquam
407 3308 485 3367 enirn
497 3326 556 3370 non
570 3311 737 3372 succedent
750 3311 971 3388 occupationes
985 3326 1100 3371 novae=

125 3389 257 3449 serimus
272 3389 354 3463 illas,
376 3391 479 3466 itaque
501 3409 540 3454 ex
560 3410 621 3453 una
636 3403 748 3457 exeunt
762 3398 876 3472 plures.
913 3395 1027 3455 deinde
1040 3393 1102 3469 ipsi

117 3472 211 3531 nobis
226 3472 403 3536 dilationem
416 3474 543 3539 damus:
561 3493 650 3555 „curn
665 3479 725 3542 boc
740 3495 902 3558 peregero.
916 3486 980 3540 toto
998 3478 1099 3538 ammo
