2422 3862
231 187 402 250 nplst‘tlt.
417 187 511 248 tlon.
534 187 606 249 LlB.
619 189 680 249 vll.
702 189 761 249 ΕΡ.
773 199 799 252 t.
821 198 834 264 (
870 196 891 262 .)
986 191 1048 255 145

68 345 221 406 Virtutem
237 339 363 402 materia
383 355 445 400 non
461 349 569 402 mutat:
591 357 648 401 nec
667 343 803 418 peiorem
823 344 895 404 lacit
918 344 994 404 dura
1012 357 1090 409 acts

68 427 223 502 difficilis,
238 441 297 486 nec
311 423 467 486 meliorem
481 425 585 485 hilaris
601 434 631 485 et
646 427 740 487 laeta=
773 443 903 488 necesse
916 435 963 488 est
974 444 1048 504 ergo

68 529 125 590 par
137 513 191 572 sit
222 512 400 584 inutraque
415 507 494 568 enim
513 509 596 584 quod
611 509 658 584 fit,
681 526 780 586 aeque
794 518 876 572 recte
892 512 933 584 fit,
950 528 1048 588 aeque

70 597 256 674 prudenter,
271 608 370 669 aeque
381 592 525 654 boneste=
548 607 621 668 ergo
634 595 774 668 aequalia
786 604 856 656 sunt
867 596 956 667 bona,
971 600 1049 656 ultra

71 695 151 758 quae
165 695 228 740 nec
242 678 292 738 bic
306 685 411 753 potest
425 692 460 737 se
480 677 590 737 melius
606 677 636 736 in
659 677 719 738 hoc
740 680 853 754 gaudio
868 695 976 755 gerere
992 696 1048 741 nec

70 767 118 827 ille
137 764 254 825 mebus
270 760 302 822 in
324 760 383 820 illis
404 760 602 821 cruciatibus:
624 762 685 822 duo
706 773 820 837 autem,
843 763 955 840 quibus
977 763 1048 823 nihil

71 847 136 915 fieri
151 847 266 909 melius
282 852 398 921 potest,
421 845 506 920 paria
521 853 601 905 sunt.
633 845 709 906 Nam
725 847 767 920 si,
793 863 871 923 quae
886 855 972 907 extra
988 847 1091 914 vir-16

72 940 165 995 tutem
179 930 286 1008 posita
300 935 386 1004 sunt,
402 936 454 989 aut
467 930 602 990 minuere
617 930 698 989 illam
714 938 766 991 aut
780 947 891 1007 augere
908 940 1047 1007 possunt,

70 1016 185 1079 desinit
198 1030 294 1075 unum
308 1013 421 1074 bonurn
437 1029 523 1086 esse,
546 1013 630 1089 quod
650 1013 820 1076 honestum.
855 1014 881 1076 si
903 1015 962 1077 boc
977 1033 1049 1077 con-

71 1100 224 1171 cesseris,
240 1113 331 1158 omne
345 1097 507 1158 honestum
523 1096 620 1173 periit.
646 1106 761 1173 quaret
783 1100 897 1160 dicam:
920 1101 991 1176 quia
1006 1103 1048 1160 ni-

72 1185 112 1246 bil
136 1185 304 1246 honesturn
333 1189 395 1254 est,
422 1181 505 1257 quod
532 1181 570 1240 ab
597 1181 706 1254 invito,
730 1184 813 1258 quod
839 1191 978 1246 coactum
1006 1186 1049 1246 fit.

72 1267 167 1329 Omne
181 1267 347 1327 honestum
366 1265 566 1326 voluntarium
584 1275 646 1327 est:
669 1267 805 1328 admisce
827 1269 867 1328 illi
890 1269 1049 1344 pigritiam,

72 1353 249 1428 querelam,
279 1348 575 1424 tergiversationem,
597 1357 723 1411 metum=
748 1352 831 1426 quod
849 1351 940 1412 habet
963 1354 1049 1414 inse

72 1438 238 1513 optimum,
259 1432 405 1510 perdidit,
428 1432 485 1494 sibi
505 1435 637 1510 placere.
679 1435 745 1496 Non
768 1442 868 1511 potest
888 1434 1050 1498 honestum

73 1536 159 1593 esse,
194 1518 280 1594 quod
304 1534 365 1579 non
387 1524 434 1578 est
453 1518 591 1578 liberum.
622 1535 692 1578 nam
718 1520 802 1594 quod
827 1521 925 1594 timet,
946 1519 1049 1580 servit.

72 1606 248 1668 Honestum
261 1617 352 1664 omne
366 1617 507 1663 securum
525 1609 587 1662 est=
602 1603 795 1678 tranquillum
810 1608 872 1662 est:
887 1603 913 1662 si
927 1610 1051 1664 recusat
1059 1605 1091 1662 lt

74 1687 207 1766 aliquid,
232 1687 258 1747 si
271 1685 445 1760 conplorat,
466 1685 493 1745 si
513 1688 626 1746 malum
641 1686 770 1760 iudicat,
793 1685 1050 1763 perturbationem

12 1792 16 1847 ;
74 1773 194 1848 recepit
204 1779 236 1832 et
246 1771 276 1829 in
293 1785 402 1845 magna
420 1770 576 1831 discordia
592 1772 754 1832 volutatur.
792 1770 862 1831 hinc
882 1769 962 1830 enim
980 1788 1050 1847 spe-

10 1852 18 1893 '2
75 1859 137 1919 cios
154 1855 233 1917 recti
246 1861 353 1927 vocat,
375 1852 457 1914 illinc
472 1853 609 1929 suspicio
624 1855 693 1913 mali
708 1853 842 1915 retrahit.
879 1855 983 1930 itaque
999 1855 1051 1931 qui

74 1941 207 2004 honeste
232 1938 348 2013 aliquid
372 1940 508 1999 tacturus
534 1946 596 2010 est,
629 1937 775 2014 quicquid
799 1937 977 2013 obponitur,
1010 1941 1050 2014 id,

10 2018 13 2029 '
73 2021 197 2087 etiamsi
210 2021 438 2084 incommodum
453 2029 552 2097 putat,
575 2023 686 2082 malum
701 2038 762 2082 non
778 2030 877 2098 putet,
900 2025 986 2097 velit,
1017 2023 1051 2083 li·

12 2106 17 2123 ¹
74 2109 151 2170 bens
167 2108 272 2168 faciat.
295 2122 384 2167 omne
399 2106 560 2167 honestum
578 2105 728 2168 iniussum
745 2105 980 2184 incoactumque
995 2117 1051 2183 est,

13 2184 16 2195 '
75 2195 233 2255 sincerum
247 2198 278 2251 et
292 2191 364 2250 nulli
379 2190 460 2250 malo
474 2191 609 2251 mixtum.
638 2190 725 2262 Scio,
750 2191 824 2267 quid
837 2191 909 2251 mibi
923 2209 1052 2269 respon·
1061 2200 1094 2255 18

76 2278 139 2339 deri
150 2276 213 2336 hoo
228 2275 298 2336 loco
310 2275 423 2350 possil=
439 2274 519 2348 „boc
530 2273 619 2336 nobis
633 2274 820 2351 persuadere
831 2277 962 2351 conaris,
979 2277 1052 2337 nibil

75 2360 245 2433 interesse,
264 2367 366 2420 utrum
380 2358 492 2434 aliquis
507 2360 538 2418 in
552 2360 663 2433 gaudio
680 2360 719 2421 sit
733 2377 771 2420 an
786 2360 816 2418 in
830 2363 937 2422 eculeo
954 2362 1053 2422 iaceat

76 2461 111 2507 ac
126 2451 276 2506 tortorem
295 2459 384 2504 suum
398 2444 523 2503 lasset.“
553 2442 694 2504 Poteram
713 2444 919 2520 respondere:
939 2445 1050 2520 Epicu·

77 2546 128 2590 rus
144 2543 273 2605 quoque
287 2525 331 2604 ait
341 2525 525 2602 sapientem,
549 2528 576 2587 si
597 2529 626 2587 in
640 2527 808 2588 Phalaridis
823 2534 910 2589 tauro
927 2544 1052 2604 perure·

77 2621 136 2687 tur,
157 2613 414 2673 exclamaturum:
442 2611 552 2686 „dulce
567 2619 615 2673 est
635 2620 667 2672 et
691 2613 729 2672 ad
751 2627 799 2670 me
824 2612 865 2671 nil
887 2613 1052 2688 pertinet=“

77 2696 151 2774 quid
171 2695 308 2769 miraris,
331 2696 357 2754 si
378 2710 436 2770 ego
459 2695 544 2771 paria
564 2695 646 2756 bona
666 2695 735 2756 dico
750 2694 841 2757 unius
863 2697 892 2755 in
910 2698 1051 2757 convivio

76 2780 220 2853 iacentis,
243 2780 368 2841 alterius
382 2780 461 2839 inter
480 2787 628 2842 tormenta
648 2781 813 2840 fortissime
831 2781 960 2842 stantis?
984 2799 1053 2842 oum

78 2866 163 2942 quod
187 2863 397 2925 incredibilius
417 2870 479 2936 est,
502 2864 583 2925 dicat
603 2865 771 2939 Epicurus,
792 2864 882 2925 dulae
903 2882 974 2927 esse
995 2875 1053 2928 tor·

75 2953 142 3011 ren'.
188 2949 227 3008 Et
245 2948 305 3008 hoe
325 2949 519 3023 respondeo,
540 2948 701 3024 plurimum
717 2948 867 3015 interesse
887 2951 965 3012 inter
978 2957 1095 3026 gau-19

76 3034 159 3096 dium
188 3042 218 3093 et
243 3032 394 3104 dolorem,
418 3031 445 3093 si
466 3041 630 3107 quaeratur
654 3033 777 3095 electio:
799 3033 925 3095 alterum
941 3045 1052 3111 petam,

76 3120 205 3180 alterum
220 3115 334 3178 vitabo.
362 3116 437 3177 illud
453 3117 624 3178 secundum
639 3123 776 3178 naturam
791 3126 847 3189 est
864 3117 922 3179 boc
938 3127 1052 3180 contra.

77 3200 231 3276 Quamdiu
243 3201 290 3260 sic
305 3201 516 3275 aestimantur,
540 3218 650 3278 magno
671 3201 750 3261 inter
766 3216 801 3261 se
817 3201 968 3264 dissident
982 3221 1052 3280 spu·

76 3288 132 3347 tio:
145 3302 217 3347 curn
231 3284 273 3346 ad
287 3284 427 3345 virtutem
440 3293 561 3346 ventum
577 3296 633 3359 est,
650 3293 779 3361 utraque
800 3302 856 3361 par
870 3295 918 3348 est
932 3295 963 3348 et
974 3304 1053 3363 quae

77 3387 133 3446 per
145 3372 228 3430 laeta
245 3370 385 3445 procedit
398 3377 428 3430 et
443 3385 523 3444 quae
538 3387 593 3446 per
607 3371 711 3432 tristia.
745 3369 865 3430 Nullum
881 3371 973 3432 habel
989 3379 1096 3432 ino-20

77 3463 212 3516 mentum
238 3455 358 3516 vexatio
382 3461 412 3513 el
433 3453 571 3515 doloret
592 3453 740 3534 quioquid
760 3455 846 3516 aliud
869 3455 1068 3517 incommodi

117 3559 218 3596 seneca
230 3557 298 3594 cmc.
316 3542 360 3596 ΙΙΙ.
872 3551 909 3604 ln
