2422 3862
97 235 100 240 Α
131 240 195 305 408
418 241 451 300 L.
472 238 620 299 ANNAEI
640 238 815 300 SENECAE

129 391 270 465 publicus
287 389 490 464 relinquatur:
519 386 677 463 proprium
697 388 786 449 nobis
804 405 840 449 ac
851 390 1006 464 peculiare
1016 407 1109 452 mane

84 474 209 546 lofibif‘
254 474 305 534 lsti
327 489 401 533 vero
422 470 493 532 mihi
513 472 726 533 detunctorum
741 471 810 533 loco
825 481 904 533 sunt.
927 476 1108 549 quantulum

130 557 210 616 enim
228 573 246 616 a
268 558 374 617 tunore
395 556 505 616 absunt
524 562 554 615 et
569 555 692 629 quidem
705 555 833 629 acerbo,
856 556 908 631 qui
921 558 962 616 ad
976 559 1063 639 iaces
1078 565 1110 617 et

130 656 237 702 cereos
253 641 377 701 vivunt?
405 640 490 700 Hanc
508 638 600 698 vitam
613 654 705 713 agere
719 637 829 699 eodem
844 646 981 715 tempore
995 641 1108 701 multos

128 722 336 792 meminimus,
362 723 440 783 inter
464 738 543 796 quos
564 727 594 781 et
612 723 742 782 Acilium
763 721 886 796 Butam,
912 724 1108 799 praetorium.

129 808 178 868 oui
199 815 270 882 post
290 806 499 881 patrimonium
516 806 624 879 ingens
645 813 857 880 consumptum
874 805 1011 867 Tiberius
1032 824 1108 882 pau·

90 907 121 959 11
133 897 278 965 pertatem
295 887 452 949 confitenti
466 905 565 962 „scro,
586 889 690 963 inquit,
711 900 904 966 experrectus
916 895 976 951 es.“
1019 892 1109 950 Reci-

131 972 213 1033 tabat
226 972 390 1032 Montanus
404 970 498 1033 Iulius
510 987 642 1045 carmen,
657 973 822 1033 tolerabilis
834 979 927 1047 poeta
938 980 968 1033 et
977 974 1110 1035 amicitia

128 1055 239 1115 Tiberii
254 1063 345 1117 notus
360 1065 390 1116 et
408 1055 528 1131 frigore.
556 1061 641 1116 ortus
657 1062 687 1116 et
702 1071 834 1117 occasus
848 1056 1050 1117 libentissime
1064 1058 1108 1116 in-

130 1137 260 1198 serebat.
286 1140 403 1215 (itaque
426 1155 495 1198 cum
515 1137 723 1213 indignaretur
742 1140 864 1214 quidam
879 1141 963 1200 illurn
978 1146 1042 1201 tato
1059 1141 1108 1202 die

129 1221 277 1282 recitasse
303 1231 332 1283 et
356 1229 481 1298 negaret
506 1222 713 1282 accedendum
742 1223 782 1282 ad
809 1221 1003 1284 recitationes
1031 1224 1107 1298 eius,

129 1305 215 1364 Natta
234 1305 371 1366 Pinarius
397 1307 452 1366 ait=
481 1322 659 1380 „nempuom
682 1323 801 1382 possum
825 1308 976 1368 liberalius
1001 1324 1107 1382 opere

91 1395 254 1466 liparetus
267 1406 332 1450 sum
345 1392 428 1450 ilium
441 1390 549 1449 audire
565 1391 603 1449 ab
617 1396 683 1449 ortu
697 1393 741 1450 ed
752 1395 931 1463 occasum.“)
960 1390 1035 1450 Cum
1049 1389 1108 1449 bos

129 1488 239 1533 versus
256 1472 431 1533 recitasset:
727 1487 729 1491 ¹

212 1557 325 1631 Incipit
336 1558 476 1617 ardentes
488 1557 621 1616 Phoebus
628 1556 800 1631 producere
809 1561 956 1631 flammas,

213 1657 357 1715 sporpere
369 1657 401 1700 se
415 1639 583 1700 rubicundo
600 1640 678 1712 dies,
695 1641 756 1698 iam
771 1643 861 1700 tristis
874 1640 1003 1700 hirundo

213 1727 328 1797 arpotis
342 1726 479 1783 redituro
493 1724 571 1783 cibos
584 1725 728 1782 inmittere
742 1725 821 1784 nidis

214 1809 317 1883 incipit
328 1814 359 1867 et
370 1810 451 1867 molti
460 1809 587 1884 partitos
600 1822 652 1868 ore
666 1809 829 1867 minorat:

130 1891 232 1952 Varus
249 1906 346 1965 eques
359 1891 531 1963 Romanus,
551 1890 592 1948 M.
606 1890 717 1949 Vinicii
733 1905 852 1964 comes,
876 1903 1037 1950 coenarum
1053 1886 1107 1946 bo·

132 1990 239 2034 narum
262 1974 450 2048 adsectator,
479 1989 557 2048 quas
578 1973 760 2049 inprobitate
781 1973 902 2048 linguae
927 1971 1107 2042 merebatur,

91 2065 124 2120 to
132 2058 328 2118 exclamante
351 2059 474 2136 „incipit
488 2057 571 2117 Buta
585 2059 744 2119 dormire.“
765 2056 884 2118 Deinde
898 2073 967 2118 curn
979 2054 1109 2118 subinde

130 2141 305 2199 recitassem
433 2187 439 2196 .
474 2159 475 2163 ¹

215 2226 274 2282 iarn
287 2240 344 2282 soa
355 2229 490 2300 pastores
503 2226 625 2285 stabulis
639 2231 774 2284 armento
788 2227 931 2297 locarant,

215 2307 274 2365 icm
287 2307 362 2366 dere
374 2309 476 2384 sopitis
490 2323 551 2367 nox
563 2309 654 2384 pipra
668 2310 784 2368 silentio
799 2310 887 2368 terris

215 2390 333 2466 incipit:
1029 2442 1030 2445 ,

131 2471 211 2532 idem
225 2474 327 2532 Varus
343 2469 454 2547 inquit:
477 2474 577 2546 „Quid
589 2471 685 2534 dices?
705 2476 765 2534 iom
777 2491 839 2534 nox
858 2470 921 2534 est?
939 2474 985 2533 ibo
999 2477 1029 2532 et
1041 2472 1111 2531 Bu-

131 2563 192 2616 tam
211 2557 374 2618 salutabo.“
416 2555 496 2615 Nihil
516 2563 581 2616 erat
601 2557 702 2617 notius
719 2556 777 2617 hac
793 2557 858 2617 eius
872 2557 934 2616 vita
946 2555 976 2615 in
991 2562 1110 2615 contra-

131 2641 208 2699 rium
230 2640 421 2700 circumacta.
455 2656 562 2713 quarn,
589 2647 622 2700 ut
645 2640 723 2716 dixi,
745 2641 828 2700 multi
848 2641 959 2700 eodem
974 2645 1111 2714 tempore

93 2731 267 2797 pregerunt.
313 2723 413 2783 Causa
433 2730 534 2783 antem
555 2730 603 2783 est
615 2725 665 2788 rita
685 2725 809 2783 vivendi
833 2721 1032 2798 quibusdam,
1050 2737 1110 2782 non

133 2805 204 2879 quia
224 2806 339 2881 aliquid
360 2805 534 2867 existiment
555 2813 675 2868 noctem
695 2809 795 2883 ipsam
809 2807 923 2866 habere
936 2804 1110 2877 iucundius,

35 2937 37 2944 .
131 2888 186 2947 sed
206 2887 277 2962 quia
289 2889 361 2947 nihil
377 2890 460 2950 iuvat
471 2891 626 2967 publicum
639 2897 668 2950 et
680 2891 782 2966 gravis
793 2891 892 2950 malae
906 2889 1112 2950 conscientiae

131 2973 183 3030 lux
205 2978 301 3031 estet
321 2972 422 3032 omnia
447 2973 677 3050 concupiscenti
700 2982 752 3035 ant
778 2972 996 3045 contemnenti,
1022 2978 1113 3047 prout

130 3069 241 3127 magno
254 3063 305 3114 aut
315 3070 412 3129 parvo
425 3066 526 3133 empta
537 3066 616 3131 sunt,
632 3057 754 3118 fastidio
769 3065 817 3118 est
827 3059 926 3117 lumen
939 3056 1111 3131 gratuitum,

130 3137 291 3198 Praeterea
312 3138 462 3199 luxuriosi
478 3142 569 3202 vitam
585 3158 671 3202 suam
687 3156 758 3202 esse
774 3142 803 3201 in
820 3139 1024 3212 sermonibus,
1040 3139 1111 3199 dnm

130 3220 244 3293 vivunt,
261 3224 374 3283 volunt.
395 3240 463 3282 nam
479 3224 506 3283 si
520 3232 646 3298 tacetur,
662 3227 792 3300 perdere
806 3242 841 3284 se
858 3230 965 3299 putant
975 3238 1111 3298 operam.

130 3303 232 3378 itaque
248 3308 327 3365 male
341 3305 469 3380 habent,
486 3308 628 3382 quotiens
647 3310 769 3382 iaciunt,
786 3309 869 3384 quod
885 3307 1008 3368 excidat
1022 3307 1111 3365 lama.

129 3386 214 3448 multi
228 3388 311 3448 bona
326 3390 502 3463 comedunt,
518 3392 601 3452 multi
620 3393 734 3453 amicas
749 3391 871 3453 habent.
900 3397 931 3450 nt
944 3391 1021 3450 inter
1034 3388 1113 3448 istos

118 3487 234 3533 nomen
254 3472 414 3551 invenias,
442 3490 525 3552 opus
545 3482 596 3537 est
611 3492 677 3538 non
692 3483 812 3536 tantum
827 3475 1015 3534 luxuriosam
1036 3487 1110 3544 rem,
