2422 3862
123 235 166 298 46
414 236 446 293 L.
467 235 613 294 ΑΝΝΑΕΙ
634 233 808 293 SENECAE
915 258 924 273 ·

122 389 267 448 referam:
291 401 359 445 cum
374 386 539 445 Idomeneo
555 385 703 445 scriberet
718 391 748 444 et
760 384 841 444 illum
855 385 944 445 avita
957 385 1102 461 speciosa

123 472 162 532 ad
184 471 306 531 fidelem
332 469 533 544 stabilemque
558 467 684 544 gloriam
705 477 865 530 revocaret
888 468 1006 544 rigidae
1030 477 1102 531 tunc

122 556 276 632 potentiae
291 555 460 614 ministrum
475 560 829 629 etmagnatractantem
852 552 906 629 „si
926 554 1038 629 gloria,
1057 556 1101 615 in·

123 642 202 716 quit,
224 638 374 714 tangeris,
401 639 550 699 notiorem
566 638 715 714 epistulae
735 653 821 698 meae
836 645 866 698 te
880 639 993 699 facient
1010 656 1101 714 quam

93 723 223 786 lomnia
243 725 317 797 ista,
340 737 420 805 quae
441 723 517 782 colis
536 729 568 782 et
588 729 716 799 propter
733 738 813 797 quae
834 723 976 782 coleris.“
1009 722 1100 784 Num·

122 809 285 886 quidergo
301 808 442 868 mentitus
458 813 527 866 esti
549 808 618 882 quis
633 807 800 867 Idomenea
813 814 935 879 nosset,
956 807 1016 866 nisi
1030 807 1100 883 Epi-

122 909 213 955 curus
229 893 312 952 illum
327 891 391 952 suis
405 890 500 951 literis
512 891 691 951 incidisset?
712 906 819 953 omnes
831 891 900 952 illos
914 892 1100 966 megistanas

122 988 150 1039 et
166 985 306 1053 satrapas
323 983 352 1036 et
365 990 469 1050 regem
486 976 601 1050 ipsum,
627 991 740 1049 exque
757 976 911 1037 Idomenei
926 975 1031 1037 titulus
1046 993 1099 1052 pe·

120 1063 248 1134 tebatur,
272 1060 384 1122 oblivio
401 1059 460 1120 alta
481 1059 663 1135 subpressit.
678 1082 682 1087 ·
700 1061 817 1120 Nomen
832 1059 922 1121 Attici
938 1061 1040 1135 perire
1054 1061 1098 1120 Ci-

122 1147 242 1208 ceronis
264 1145 414 1220 epistulae
435 1160 496 1205 non
519 1144 634 1203 sinunt=
662 1144 734 1204 nihil
756 1145 798 1204 illi
817 1144 986 1220 profuisset
1006 1161 1100 1221 gener

119 1231 260 1307 Agrippa
275 1237 304 1290 et
316 1229 453 1288 Tiberius
466 1243 618 1304 progener
628 1236 659 1289 et
669 1228 788 1290 Drusus
801 1229 913 1292 Caesar
923 1245 1098 1306 pronepos:

120 1315 199 1375 inter
218 1323 280 1375 tam
300 1328 410 1387 magna
431 1314 553 1373 nomina
572 1320 731 1386 taceretur,
752 1313 811 1374 nisi
827 1314 931 1375 Cicero
949 1314 1032 1375 illum
1047 1316 1098 1375 ad·

92 1399 288 1474 aplicuisset.
324 1397 479 1458 Prolunda
500 1413 595 1473 supra
610 1413 667 1458 nos
683 1399 808 1460 altitudo
825 1398 973 1474 temporis
987 1401 1098 1474 veniet,

120 1499 219 1559 pauca
234 1483 354 1558 ingenia
369 1489 461 1556 caput
474 1488 618 1542 exserant
631 1489 662 1542 et
672 1482 702 1540 in
715 1483 794 1542 idem
808 1484 996 1559 quandoque
1008 1485 1098 1545 silen-

120 1569 193 1628 tium
214 1567 331 1628 abitura
351 1566 498 1627 oblivioni
522 1565 667 1626 resistent
690 1581 727 1626 ao
751 1583 787 1628 se
811 1568 865 1628 diu
888 1568 1095 1630 vindicabunt.

121 1652 207 1727 Quod
220 1652 372 1728 Epicurus
389 1652 486 1711 amico
502 1667 558 1711 suo
576 1652 672 1726 potuit
684 1653 872 1726 promittere,
889 1652 949 1712 hoc
963 1652 1018 1714 tibi
1029 1669 1097 1728 pro-

119 1738 219 1813 mitto,
246 1736 353 1799 Lucili.
382 1735 503 1795 habebo
528 1735 610 1811 apud
636 1743 778 1810 posteros
799 1736 941 1811 gratiam,
970 1754 1096 1812 possum

119 1838 238 1883 mecum
255 1822 400 1882 duratura
415 1820 538 1880 nomina
552 1820 694 1880 educere.
733 1820 886 1895 Vergilius
903 1829 1008 1882 noster
1023 1823 1095 1882 duo·

119 1907 176 1967 bas
192 1905 369 1967 memoriam
385 1911 538 1964 aeternam
555 1905 693 1979 promisit
707 1912 736 1964 et
751 1913 901 1980 praestat:

203 1993 364 2051 Fortunati
376 1991 477 2050 ambo:
498 1992 526 2049 si
537 1991 612 2065 qaid
623 2005 688 2049 mea
703 1992 839 2050 earmina
851 1999 984 2066 pussant,

204 2078 288 2135 nulla
304 2076 367 2135 dica
381 2091 519 2150 amquam
533 2077 656 2134 memori
668 2090 717 2134 vos
731 2077 840 2135 eximet
852 2092 931 2149 aceo,

204 2160 273 2218 dam
290 2160 392 2218 domas
406 2159 523 2219 Aeaeae
538 2159 666 2234 Capitoli
677 2159 811 2220 inmobile
825 2176 934 2220 saxam

204 2245 322 2303 adcolct
334 2245 546 2318 imperiumque
557 2249 646 2318 pater
661 2243 813 2304 Romanas
826 2245 949 2305 hahold.

91 2329 337 2403 douoscumque
367 2327 396 2385 in
429 2327 559 2387 medium
592 2327 713 2388 lortuna
737 2329 879 2403 protulit,
913 2325 1096 2404 quicumque

118 2413 254 2474 membra
275 2427 311 2472 ac
332 2418 435 2487 partes
451 2412 567 2470 alienae
583 2413 736 2486 potentiae
751 2413 882 2487 luerent,
905 2413 1015 2474 horum
1029 2427 1095 2487 gra·

118 2499 160 2559 tia
180 2498 291 2573 viguit,
316 2497 426 2556 domus
452 2495 726 2570 frequentatam,
755 2497 826 2557 dum
853 2498 913 2573 ipsi
938 2502 1096 2558 steterunt

120 2592 191 2659 post
211 2584 300 2657 ipsos
324 2580 383 2640 cito
405 2581 552 2641 memoria
573 2581 697 2641 deleuit:
719 2580 910 2656 ingeniorum
927 2582 1039 2642 crescit
1053 2581 1095 2640 di-

119 2668 221 2742 gnatio
243 2679 300 2724 nec
321 2664 397 2739 ipsis
419 2672 533 2725 tantum
554 2664 653 2726 honor
667 2666 803 2738 habetur,
828 2667 884 2728 sed
901 2666 1048 2742 quiequid
1063 2665 1095 2723 il·

119 2751 218 2811 lorum
232 2749 397 2808 memoriae
413 2748 564 2822 adhaesit,
589 2751 747 2825 excipitur.

90 2843 105 2899 t
179 2835 223 2893 Ne
239 2834 331 2908 gratis
346 2833 529 2894 Idomeneus
544 2834 574 2893 in
591 2833 750 2909 epistulam
767 2851 864 2894 meam
881 2835 1013 2909 venerit,
1029 2835 1096 2909 ipse

119 2935 186 2979 eam
202 2918 241 2977 de
256 2932 313 2977 suo
326 2918 459 2978 redimet.
483 2918 521 2978 ad
533 2918 614 2979 hunc
624 2919 775 2994 Epicurus
788 2920 868 2978 illam
882 2920 1015 2980 nobilem
1029 2933 1095 2978 sen·

118 3003 241 3063 tentiam
263 3000 400 3077 scripsit,
426 3019 486 3078 qua
498 3002 650 3075 hortatur,
672 3009 707 3063 ut
725 3003 892 3082 Pythoclea
912 3005 1094 3079 locupletem

29 3111 32 3114 ⁴
119 3104 179 3147 non
209 3086 331 3162 publica
357 3103 415 3148 nec
441 3088 563 3163 ancipiti
590 3089 639 3147 via
660 3088 757 3148 iaciat.
800 3087 859 3161 „Si
885 3088 960 3162 vis,
990 3086 1093 3162 inquit,

118 3170 333 3250 Pythoclea
355 3172 514 3233 divitem
533 3175 679 3246 lacere,
708 3188 780 3232 non
803 3175 994 3248 pecuniae
1015 3170 1093 3231 adi-

120 3256 309 3328 ciendum,
348 3259 418 3318 sed
450 3257 659 3333 cupiditati
692 3258 973 3319 detrahendum
1006 3258 1094 3316 est.“

89 3341 155 3405 8Ει
176 3343 308 3417 apertior
327 3343 386 3402 ista
408 3341 557 3402 sententia
577 3349 625 3403 est
646 3358 736 3418 quam
756 3350 789 3402 ut
804 3340 1032 3417 interpretanda
1047 3339 1093 3411 sit,

119 3433 148 3485 et
168 3425 309 3487 disertior
329 3442 421 3502 quam
441 3432 475 3486 ut
495 3427 683 3487 adiuvanda=
706 3427 764 3487 hoc
778 3443 872 3487 unum
887 3434 917 3486 te
932 3426 1094 3496 admoneo,

97 3524 142 3566 ne
152 3511 243 3571 istud
257 3518 376 3572 tantum
395 3506 557 3574 existimes
574 3513 614 3574 de
629 3512 743 3574 diuitiis
757 3510 881 3572 dietum.
901 3521 1094 3584 quocumque
