2422 3862
178 238 243 304 ³94
470 241 504 300 L.
525 239 673 300 ANNAEI
695 239 871 300 SENECAE

179 394 416 454 intercessorem
438 392 600 466 mutueris,
627 392 699 453 nolo
730 397 918 466 proxenetae
944 408 1057 453 nomen
1077 403 1163 456 tuum

151 479 306 540 stactem:
329 485 467 552 paratum
478 476 531 536 tibi
542 473 724 536 creditorem
735 475 832 549 dabo,
848 474 1048 537 Catonianum
1062 479 1163 539 illum:

179 578 224 637 „a
245 569 282 621 to
301 568 467 622 mutuum
488 575 627 620 sumes.
636 564 655 593 “
677 558 993 634 Quantulumcumque
1007 568 1070 635 est,
1087 562 1163 623 satis

179 645 252 718 erit,
264 645 307 718 si,
321 643 587 719 quioquiddeerit,
600 643 662 703 ida
674 643 764 704 nobis
775 643 960 717 petierimus.
982 643 1057 705 nihil
1071 645 1162 714 enim,

179 729 220 789 nii
230 728 336 804 Lucili,
347 728 480 800 interest,
492 734 592 787 utrum
603 743 666 788 nou
678 726 836 786 desideres
848 742 886 786 an
898 726 1025 788 habeas.
1044 745 1164 790 summa

179 813 224 873 rei
245 813 274 871 in
295 819 427 886 utroque
448 811 557 870 eadem
578 818 641 872 esu
672 825 733 870 non
759 809 961 886 torqueberis.
997 813 1061 872 Nec
1088 813 1163 872 illud

180 894 354 972 praecipio,
374 903 409 954 ut
421 893 539 968 aliquid
558 902 685 954 naturae
704 909 815 968 neges:
837 900 1003 954 contumax
1016 904 1078 968 est,
1101 912 1162 956 non

180 986 282 1056 potest
297 979 392 1051 vinci,
414 993 504 1038 suurn
521 977 630 1053 poscit
655 978 773 1051 sedni,
790 978 938 1053 quicquid
955 985 1094 1041 naturam
1110 976 1162 1040 exss

149 1062 273 1136 acedit,
296 1063 376 1122 scias
399 1062 570 1137 precarium
591 1077 678 1136 esse,
699 1077 761 1121 non
782 1060 1002 1122 necessarium.
1034 1063 1162 1124 Esurio:

179 1146 332 1207 edendum
353 1153 410 1206 est.
443 1155 543 1206 utrum
557 1145 608 1205 hic
622 1146 712 1220 panis
728 1144 769 1206 sit
782 1143 922 1221 plebeius
937 1163 977 1206 an
993 1146 1162 1222 siligineus,

179 1231 220 1291 ad
236 1237 374 1290 naturam
391 1230 463 1289 nihil
478 1229 617 1305 pertinet.
640 1229 692 1288 illa
699 1237 839 1290 vventrem
850 1246 912 1290 non
928 1230 1073 1290 delectari
1088 1233 1160 1299 vult,

180 1314 238 1376 sed
252 1313 371 1389 inpleri.
386 1314 470 1375 sitio=
486 1320 586 1373 utrum
600 1312 678 1373 haec
689 1329 771 1388 aqua
785 1313 839 1387 sit,
855 1328 947 1388 quam
958 1329 998 1372 ex
1009 1315 1079 1375 lacu
1092 1331 1159 1389 pro·

179 1399 262 1458 ximo
283 1413 454 1473 excepero,
475 1413 514 1457 an
535 1411 587 1470 ea,
609 1413 701 1471 quam
723 1397 817 1456 multa
831 1397 902 1456 nive
916 1398 1055 1471 clusero,
1075 1405 1110 1459 ut
1123 1399 1161 1456 ri-

177 1499 254 1558 gore
268 1482 465 1557 refrigeretur
481 1481 599 1552 alieno,
621 1480 661 1539 ad
684 1487 823 1541 naturam
843 1479 917 1540 nihil
938 1481 1078 1556 pertinet.
1112 1482 1164 1540 illa

177 1567 238 1628 hoc
252 1581 345 1627 unum
360 1566 459 1638 iubet,
480 1563 559 1624 sitim
576 1562 727 1638 extingui:
749 1572 849 1625 utrum
865 1564 905 1625 sit
926 1580 1052 1625 aureum
1067 1581 1163 1640 pocu-

179 1652 242 1710 lum
265 1665 303 1710 au
328 1649 539 1728 crystallinum
560 1663 597 1708 an
619 1663 771 1708 murreum
785 1664 824 1708 an
839 1646 1012 1708 Tiburtinus
1028 1650 1109 1708 calix
1123 1665 1164 1708 an

148 1749 288 1801 amanus
309 1749 461 1806 concava,
484 1732 556 1792 nihil
576 1732 678 1792 relert.
705 1731 810 1792 Finem
825 1733 959 1792 omnium
974 1747 1074 1791 rerum
1091 1749 1163 1808 spe·

179 1825 228 1878 ota
242 1824 273 1877 et
287 1832 483 1893 supervacua
496 1814 644 1877 dimittes=
668 1817 765 1876 tames
786 1831 836 1875 me
856 1816 1004 1891 adpellat=
1028 1816 1067 1875 ad
1091 1833 1164 1892 pro·

179 1902 262 1961 xima
278 1917 420 1977 quaeque
436 1900 608 1976 porrigatur
622 1915 731 1961 manus
745 1908 778 1960 et
791 1901 861 1974 ipsa
878 1899 951 1959 mihi
965 1901 1163 1960 commenda-

178 1985 236 2058 bit,
261 1987 480 2060 quodcumque
504 1983 769 2060 conprehendero.
808 1983 882 2042 nihil
905 1981 1071 2044 contemnit
1092 1999 1163 2045 esu-

149 2084 166 2138 5
178 2069 270 2129 riens.
285 2069 362 2143 Quid
375 2070 415 2129 sit
426 2084 509 2143 ergo,
518 2070 602 2144 quod
614 2084 663 2128 me
674 2067 871 2128 delectaverit
884 2065 1031 2143 quaerist
1043 2067 1164 2129 videtur

178 2151 533 2227 mihiegregiedictum=
565 2151 734 2227 Sapiens
758 2151 983 2212 divitiarum
1004 2159 1163 2212 natura-

177 2236 269 2294 lium
289 2243 348 2296 est
370 2236 813 2310 quaesitoracerrimus.
836 2234 946 2309 „lnani
961 2250 1025 2310 me,
1047 2234 1162 2311 inquis,

176 2318 265 2380 lance
279 2335 432 2380 muneras.
457 2319 590 2394 quidest
603 2321 705 2380 istud?
724 2335 782 2394 ego
794 2320 853 2379 iam
865 2334 1044 2394 paraveram
1056 2319 1163 2380 fiscos.

178 2403 478 2480 circumspiciebam,
499 2404 527 2463 in
549 2404 634 2480 quod
649 2418 699 2462 me
712 2419 796 2463 mare
809 2403 1018 2478 negotiaturus
1033 2402 1162 2463 inmitte·

173 2503 257 2564 reru,
279 2488 363 2564 quod
377 2489 531 2564 publicum
545 2488 705 2564 agitarem,
728 2503 805 2562 quas
827 2502 1018 2547 accerserem
1033 2502 1162 2548 merces.

177 2573 321 2648 decipere
336 2579 383 2632 est
397 2571 493 2646 istud,
511 2573 624 2632 dooere
636 2578 861 2646 paupertatem,
877 2586 944 2630 oum
957 2571 1080 2632 divitias
1093 2588 1161 2647 pro·

176 2657 329 2717 miseris.“
350 2658 395 2716 lta
410 2663 442 2718 tu
456 2671 625 2731 pauperem
639 2656 774 2730 iudicas,
790 2656 839 2716 cui
851 2654 924 2714 nihil
937 2655 1045 2716 deest?
1066 2654 1161 2728 „Suo

178 2740 296 2815 inquis,
313 2750 343 2801 et
357 2739 519 2816 patientiae
534 2756 611 2801 suae
625 2738 793 2812 beneficio,
809 2755 872 2799 non
888 2739 1059 2799 fortunae.“
1089 2739 1162 2798 ideo

177 2838 250 2897 ergo
275 2824 358 2883 illum
378 2841 439 2884 non
460 2824 578 2885 iudicas
600 2823 737 2895 divitem,
761 2822 833 2898 quia
853 2820 977 2881 divitiae
998 2821 1066 2882 eius
1083 2821 1161 2881 desi-

148 2911 251 2964 6nere
265 2922 328 2965 non
344 2913 497 2979 possuntt
513 2908 621 2968 Utrum
634 2907 731 2966 mavis
747 2906 861 2966 habere
872 2907 996 2964 multum
1013 2921 1052 2963 an
1068 2906 1164 2965 satist

177 2988 230 3063 qui
246 2990 371 3047 multum
385 2989 492 3063 habet,
508 2991 577 3065 plus
590 2990 681 3064 cupit.
706 2991 788 3064 quod
800 2996 848 3049 εει
859 2996 1074 3063 argumentum
1088 3005 1162 3049 non-

177 3072 249 3130 dum
265 3071 347 3132 illum
366 3073 441 3133 satis
456 3072 586 3133 habere=
614 3073 667 3148 qui
682 3073 757 3133 satis
772 3072 878 3146 habet,
903 3080 1092 3133 consecutus
1108 3079 1162 3141 est,

178 3155 263 3229 quod
276 3172 442 3232 numquam
458 3156 570 3217 divitiis
586 3156 747 3230 contingit,
761 3156 868 3216 finem=
891 3171 929 3215 an
941 3155 998 3215 has
1015 3156 1087 3216 ideo
1104 3171 1163 3215 non

177 3245 267 3313 putas
290 3255 361 3300 esse
380 3240 517 3312 divitias,
541 3240 614 3315 quia
635 3247 762 3314 propter
779 3239 847 3300 illas
862 3255 952 3299 nemo
969 3241 1163 3315 proscriptus

177 3330 244 3382 esti
272 3323 345 3398 quia
367 3330 492 3397 propter
513 3323 579 3383 illas
600 3323 675 3383 nulli
693 3338 844 3383 venenum
865 3323 962 3397 lilius,
989 3324 1064 3386 nulli
1087 3339 1164 3385 uxor

175 3403 314 3480 inpegitt
342 3405 413 3480 qnia
434 3406 462 3464 in
478 3405 558 3466 bello
574 3412 657 3467 tutae
672 3414 763 3467 sunt‘l
791 3408 863 3480 quia
881 3408 911 3465 in
929 3421 1006 3481 pace
1022 3408 1163 3470 otiosae?

90 3483 91 3491 ’
177 3491 249 3561 quia
264 3503 321 3548 nec
332 3488 446 3548 habere
467 3488 534 3548 illas
551 3490 756 3565 periculosum
777 3497 825 3550 est
845 3505 902 3551 nec
917 3505 1088 3567 operosum
1104 3493 1160 3553 dis-
