<?xml version="1.0" encoding="UTF-8"?>
<!DOCTYPE html PUBLIC "-//W3C//DTD XHTML 1.0 Transitional//EN"
    "http://www.w3.org/TR/xhtml1/DTD/xhtml1-transitional.dtd">
<html xmlns="http://www.w3.org/1999/xhtml" xml:lang="en" lang="en">
 <head>
  <title>
</title>
<meta http-equiv="Content-Type" content="text/html;charset=utf-8" />
  <meta name='ocr-system' content='tesseract 3.04.00' />
  <meta name='ocr-capabilities' content='ocr_page ocr_carea ocr_par ocr_line ocrx_word'/>
</head>
<body>
  <div class='ocr_page' id='page_1' title='image "./lannaeisenecaeo06senegoog_0508.png"; bbox 0 0 2422 3862; ppageno 0'>
   <div class='ocr_carea' id='block_1_1' title="bbox 289 236 1066 305">
    <p class='ocr_par' dir='ltr' id='par_1_1' title="bbox 289 236 1066 305">
     <span class='ocr_line' id='line_1_1' title="bbox 289 236 1066 305; baseline 0.018 -14"><span class='ocrx_word' id='word_1_1' title='bbox 289 236 335 292; x_wconf 83' lang='lat' dir='ltr'>DE</span> <span class='ocrx_word' id='word_1_2' title='bbox 351 237 525 296; x_wconf 84' lang='lat' dir='ltr'><strong>FORMULA</strong></span> <span class='ocrx_word' id='word_1_3' title='bbox 540 239 732 298; x_wconf 84' lang='lat' dir='ltr'><strong>HONESTAE</strong></span> <span class='ocrx_word' id='word_1_4' title='bbox 749 243 865 300; x_wconf 81' lang='lat' dir='ltr'><strong>VITAE.</strong></span> <span class='ocrx_word' id='word_1_5' title='bbox 1001 243 1066 305; x_wconf 75' lang='grc'>473</span> 
     </span>
    </p>
   </div>
   <div class='ocr_carea' id='block_1_2' title="bbox 92 389 1122 3590">
    <p class='ocr_par' dir='ltr' id='par_1_2' title="bbox 92 389 1115 2639">
     <span class='ocr_line' id='line_1_2' title="bbox 92 389 1065 468; baseline 0.009 -22"><span class='ocrx_word' id='word_1_6' title='bbox 92 397 229 462; x_wconf 85' lang='lat' dir='ltr'>receptor.</span> <span class='ocrx_word' id='word_1_7' title='bbox 263 389 424 460; x_wconf 86' lang='lat' dir='ltr'>Requirenti</span> <span class='ocrx_word' id='word_1_8' title='bbox 437 391 518 448; x_wconf 81' lang='lat' dir='ltr'>facile</span> <span class='ocrx_word' id='word_1_9' title='bbox 530 394 683 467; x_wconf 83' lang='lat' dir='ltr'>responde,</span> <span class='ocrx_word' id='word_1_10' title='bbox 699 395 876 452; x_wconf 80' lang='lat' dir='ltr'>contendenti</span> <span class='ocrx_word' id='word_1_11' title='bbox 891 397 973 453; x_wconf 81' lang='lat' dir='ltr'>facile</span> <span class='ocrx_word' id='word_1_12' title='bbox 985 398 1065 468; x_wconf 90' lang='lat' dir='ltr'>cede,</span> 
     </span>
     <span class='ocr_line' id='line_1_3' title="bbox 92 471 1065 554; baseline 0.006 -21"><span class='ocrx_word' id='word_1_13' title='bbox 92 493 127 533; x_wconf 94' lang='lat' dir='ltr'>ne</span> <span class='ocrx_word' id='word_1_14' title='bbox 143 476 172 533; x_wconf 90' lang='lat' dir='ltr'>in</span> <span class='ocrx_word' id='word_1_15' title='bbox 188 474 280 545; x_wconf 82' lang='lat' dir='ltr'>iurgia</span> <span class='ocrx_word' id='word_1_16' title='bbox 292 474 542 547; x_wconf 78' lang='lat' dir='ltr'>execrationesque</span> <span class='ocrx_word' id='word_1_17' title='bbox 555 471 616 554; x_wconf 88' lang='lat' dir='ltr'>[al&#39;.</span> <span class='ocrx_word' id='word_1_18' title='bbox 628 495 680 536; x_wconf 92' lang='lat' dir='ltr'>nec</span> <span class='ocrx_word' id='word_1_19' title='bbox 695 480 732 535; x_wconf 87' lang='lat' dir='ltr'>ad</span> <span class='ocrx_word' id='word_1_20' title='bbox 746 481 908 537; x_wconf 90' lang='lat' dir='ltr'>iniuriarum</span> <span class='ocrx_word' id='word_1_21' title='bbox 923 483 1065 539; x_wconf 84' lang='lat' dir='ltr'>excitatio·</span> 
     </span>
     <span class='ocr_line' id='line_1_4' title="bbox 92 555 1114 639; baseline 0.004 -21"><span class='ocrx_word' id='word_1_22' title='bbox 92 555 159 639; x_wconf 91' lang='lat' dir='ltr'>nes]</span> <span class='ocrx_word' id='word_1_23' title='bbox 176 559 342 618; x_wconf 81' lang='lat' dir='ltr'>descendas.</span> <span class='ocrx_word' id='word_1_24' title='bbox 365 558 395 617; x_wconf 92' lang='lat' dir='ltr'>Si</span> <span class='ocrx_word' id='word_1_25' title='bbox 408 559 554 617; x_wconf 90' lang='lat' dir='ltr'>continens</span> <span class='ocrx_word' id='word_1_26' title='bbox 569 579 610 633; x_wconf 88' lang='lat' dir='ltr'>es,</span> <span class='ocrx_word' id='word_1_27' title='bbox 628 569 655 619; x_wconf 92' lang='lat' dir='ltr'>et</span> <span class='ocrx_word' id='word_1_28' title='bbox 669 564 754 622; x_wconf 86' lang='lat' dir='ltr'>animi</span> <span class='ocrx_word' id='word_1_29' title='bbox 768 566 807 621; x_wconf 92' lang='lat' dir='ltr'>tui</span> <span class='ocrx_word' id='word_1_30' title='bbox 822 572 850 620; x_wconf 90' lang='lat' dir='ltr'>et</span> <span class='ocrx_word' id='word_1_31' title='bbox 866 567 992 637; x_wconf 91' lang='lat' dir='ltr'>corporis</span> <span class='ocrx_word' id='word_1_32' title='bbox 1007 584 1065 624; x_wconf 89' lang='lat' dir='ltr'>rno-</span> <span class='ocrx_word' id='word_1_33' title='bbox 1075 572 1114 629; x_wconf 67' lang='lat' dir='ltr'>ll</span> 
     </span>
     <span class='ocr_line' id='line_1_5' title="bbox 92 645 1067 722; baseline 0.003 -19"><span class='ocrx_word' id='word_1_34' title='bbox 92 654 138 703; x_wconf 88' lang='lat' dir='ltr'>tus</span> <span class='ocrx_word' id='word_1_35' title='bbox 154 648 289 714; x_wconf 85' lang='lat' dir='ltr'>observa,</span> <span class='ocrx_word' id='word_1_36' title='bbox 305 664 341 704; x_wconf 91' lang='lat' dir='ltr'>ne</span> <span class='ocrx_word' id='word_1_37' title='bbox 356 645 483 705; x_wconf 81' lang='lat' dir='ltr'>indecori</span> <span class='ocrx_word' id='word_1_38' title='bbox 498 647 563 706; x_wconf 88' lang='lat' dir='ltr'>sint.</span> <span class='ocrx_word' id='word_1_39' title='bbox 586 664 639 707; x_wconf 92' lang='lat' dir='ltr'>nec</span> <span class='ocrx_word' id='word_1_40' title='bbox 653 649 718 706; x_wconf 91' lang='lat' dir='ltr'>ideo</span> <span class='ocrx_word' id='word_1_41' title='bbox 734 649 797 706; x_wconf 91' lang='lat' dir='ltr'>illos</span> <span class='ocrx_word' id='word_1_42' title='bbox 814 654 985 721; x_wconf 86' lang='lat' dir='ltr'>contemnas,</span> <span class='ocrx_word' id='word_1_43' title='bbox 1001 651 1067 722; x_wconf 93' lang='lat' dir='ltr'>quia</span> 
     </span>
     <span class='ocr_line' id='line_1_6' title="bbox 93 732 1066 807; baseline 0.003 -20"><span class='ocrx_word' id='word_1_44' title='bbox 93 733 187 788; x_wconf 87' lang='lat' dir='ltr'>latent.</span> <span class='ocrx_word' id='word_1_45' title='bbox 211 748 275 788; x_wconf 90' lang='lat' dir='ltr'>nam</span> <span class='ocrx_word' id='word_1_46' title='bbox 293 733 361 789; x_wconf 90' lang='lat' dir='ltr'>nihil</span> <span class='ocrx_word' id='word_1_47' title='bbox 380 732 482 804; x_wconf 82' lang='lat' dir='ltr'>differt,</span> <span class='ocrx_word' id='word_1_48' title='bbox 498 735 620 791; x_wconf 90' lang='lat' dir='ltr'>sinemo</span> <span class='ocrx_word' id='word_1_49' title='bbox 639 733 743 802; x_wconf 89' lang='lat' dir='ltr'>videat,</span> <span class='ocrx_word' id='word_1_50' title='bbox 758 749 821 789; x_wconf 89' lang='lat' dir='ltr'>cum</span> <span class='ocrx_word' id='word_1_51' title='bbox 837 740 866 789; x_wconf 91' lang='lat' dir='ltr'>tu</span> <span class='ocrx_word' id='word_1_52' title='bbox 880 735 941 807; x_wconf 90' lang='lat' dir='ltr'>ipse</span> <span class='ocrx_word' id='word_1_53' title='bbox 957 734 1066 791; x_wconf 81' lang='lat' dir='ltr'>videas.</span> 
     </span>
     <span class='ocr_line' id='line_1_7' title="bbox 93 817 1067 891; baseline -0.001 -18"><span class='ocrx_word' id='word_1_54' title='bbox 93 817 203 873; x_wconf 82' lang='lat' dir='ltr'>Mobilis</span> <span class='ocrx_word' id='word_1_55' title='bbox 219 824 289 887; x_wconf 90' lang='lat' dir='ltr'>esto,</span> <span class='ocrx_word' id='word_1_56' title='bbox 309 833 366 874; x_wconf 94' lang='lat' dir='ltr'>non</span> <span class='ocrx_word' id='word_1_57' title='bbox 382 819 468 886; x_wconf 91' lang='lat' dir='ltr'>levis,</span> <span class='ocrx_word' id='word_1_58' title='bbox 484 825 626 888; x_wconf 80' lang='lat' dir='ltr'>constans,</span> <span class='ocrx_word' id='word_1_59' title='bbox 642 836 698 874; x_wconf 91' lang='lat' dir='ltr'>non</span> <span class='ocrx_word' id='word_1_60' title='bbox 713 819 850 891; x_wconf 84' lang='lat' dir='ltr'>pertinax.</span> <span class='ocrx_word' id='word_1_61' title='bbox 882 819 1011 875; x_wconf 83' lang='lat' dir='ltr'>Alicuius</span> <span class='ocrx_word' id='word_1_62' title='bbox 1025 819 1067 872; x_wconf 92' lang='lat' dir='ltr'>rei</span> 
     </span>
     <span class='ocr_line' id='line_1_8' title="bbox 93 902 1115 976; baseline -0.001 -16"><span class='ocrx_word' id='word_1_63' title='bbox 93 904 239 960; x_wconf 87' lang='lat' dir='ltr'>scientiam</span> <span class='ocrx_word' id='word_1_64' title='bbox 257 907 283 958; x_wconf 91' lang='lat' dir='ltr'>te</span> <span class='ocrx_word' id='word_1_65' title='bbox 298 902 402 959; x_wconf 90' lang='lat' dir='ltr'>habere</span> <span class='ocrx_word' id='word_1_66' title='bbox 421 918 473 958; x_wconf 89' lang='lat' dir='ltr'>nec</span> <span class='ocrx_word' id='word_1_67' title='bbox 495 904 531 959; x_wconf 92' lang='lat' dir='ltr'>sit</span> <span class='ocrx_word' id='word_1_68' title='bbox 550 905 675 976; x_wconf 81' lang='lat' dir='ltr'>ignotum</span> <span class='ocrx_word' id='word_1_69' title='bbox 695 920 747 960; x_wconf 90' lang='lat' dir='ltr'>nec</span> <span class='ocrx_word' id='word_1_70' title='bbox 770 905 926 959; x_wconf 90' lang='lat' dir='ltr'>molestum.</span> <span class='ocrx_word' id='word_1_71' title='bbox 963 903 1066 960; x_wconf 88' lang='lat' dir='ltr'>Omnes</span> <span class='ocrx_word' id='word_1_72' title='bbox 1076 907 1115 964; x_wconf 66' lang='lat'>1⁵</span> 
     </span>
     <span class='ocr_line' id='line_1_9' title="bbox 93 987 1067 1060; baseline -0.001 -18"><span class='ocrx_word' id='word_1_73' title='bbox 93 988 141 1043; x_wconf 92' lang='lat' dir='ltr'>tibi</span> <span class='ocrx_word' id='word_1_74' title='bbox 155 1003 239 1059; x_wconf 90' lang='lat' dir='ltr'>pares</span> <span class='ocrx_word' id='word_1_75' title='bbox 256 988 361 1043; x_wconf 86' lang='lat' dir='ltr'>iacias:</span> <span class='ocrx_word' id='word_1_76' title='bbox 384 987 532 1042; x_wconf 83' lang='lat' dir='ltr'>interiores</span> <span class='ocrx_word' id='word_1_77' title='bbox 547 989 736 1060; x_wconf 87' lang='lat' dir='ltr'>superbiendo</span> <span class='ocrx_word' id='word_1_78' title='bbox 752 1003 808 1043; x_wconf 92' lang='lat' dir='ltr'>non</span> <span class='ocrx_word' id='word_1_79' title='bbox 823 994 1002 1057; x_wconf 77' lang='lat' dir='ltr'>contemnas,</span> <span class='ocrx_word' id='word_1_80' title='bbox 1018 1003 1067 1042; x_wconf 92' lang='lat' dir='ltr'>su·</span> 
     </span>
     <span class='ocr_line' id='line_1_10' title="bbox 92 1071 1067 1145; baseline -0.003 -17"><span class='ocrx_word' id='word_1_81' title='bbox 92 1072 219 1145; x_wconf 90' lang='lat' dir='ltr'>periores</span> <span class='ocrx_word' id='word_1_82' title='bbox 231 1076 308 1127; x_wconf 89' lang='lat' dir='ltr'>recte</span> <span class='ocrx_word' id='word_1_83' title='bbox 322 1071 447 1126; x_wconf 89' lang='lat' dir='ltr'>vivendo</span> <span class='ocrx_word' id='word_1_84' title='bbox 463 1087 519 1127; x_wconf 93' lang='lat' dir='ltr'>non</span> <span class='ocrx_word' id='word_1_85' title='bbox 535 1077 652 1128; x_wconf 87' lang='lat' dir='ltr'>metuas.</span> <span class='ocrx_word' id='word_1_86' title='bbox 682 1073 714 1128; x_wconf 91' lang='lat' dir='ltr'>In</span> <span class='ocrx_word' id='word_1_87' title='bbox 727 1071 875 1129; x_wconf 86' lang='lat' dir='ltr'>reddenda</span> <span class='ocrx_word' id='word_1_88' title='bbox 889 1071 1067 1128; x_wconf 85' lang='lat' dir='ltr'>officiositate</span> 
     </span>
     <span class='ocr_line' id='line_1_11' title="bbox 93 1155 1068 1228; baseline -0.002 -17"><span class='ocrx_word' id='word_1_89' title='bbox 93 1173 185 1227; x_wconf 91' lang='lat' dir='ltr'>neque</span> <span class='ocrx_word' id='word_1_90' title='bbox 200 1156 347 1227; x_wconf 81' lang='lat' dir='ltr'>negligens</span> <span class='ocrx_word' id='word_1_91' title='bbox 363 1171 454 1227; x_wconf 90' lang='lat' dir='ltr'>neque</span> <span class='ocrx_word' id='word_1_92' title='bbox 473 1161 588 1212; x_wconf 90' lang='lat' dir='ltr'>exactor</span> <span class='ocrx_word' id='word_1_93' title='bbox 605 1172 754 1228; x_wconf 81' lang='lat' dir='ltr'>appareas.</span> <span class='ocrx_word' id='word_1_94' title='bbox 787 1155 899 1212; x_wconf 86' lang='lat' dir='ltr'>Cunctis</span> <span class='ocrx_word' id='word_1_95' title='bbox 913 1163 973 1212; x_wconf 88' lang='lat' dir='ltr'>esto</span> <span class='ocrx_word' id='word_1_96' title='bbox 990 1155 1068 1210; x_wconf 92' lang='lat' dir='ltr'>beni·</span> 
     </span>
     <span class='ocr_line' id='line_1_12' title="bbox 92 1239 1067 1314; baseline -0.001 -20"><span class='ocrx_word' id='word_1_97' title='bbox 92 1257 183 1314; x_wconf 84' lang='lat' dir='ltr'>gnus,</span> <span class='ocrx_word' id='word_1_98' title='bbox 208 1239 312 1294; x_wconf 89' lang='lat' dir='ltr'>nemini</span> <span class='ocrx_word' id='word_1_99' title='bbox 334 1239 470 1308; x_wconf 88' lang='lat' dir='ltr'>blandus,</span> <span class='ocrx_word' id='word_1_100' title='bbox 491 1239 590 1312; x_wconf 87' lang='lat' dir='ltr'>paucis</span> <span class='ocrx_word' id='word_1_101' title='bbox 613 1241 775 1307; x_wconf 88' lang='lat' dir='ltr'>lamiliaris,</span> <span class='ocrx_word' id='word_1_102' title='bbox 801 1241 928 1295; x_wconf 88' lang='lat' dir='ltr'>omnibus</span> <span class='ocrx_word' id='word_1_103' title='bbox 950 1255 1067 1311; x_wconf 85' lang='lat' dir='ltr'>aequus.</span> 
     </span>
     <span class='ocr_line' id='line_1_13' title="bbox 94 1321 1114 1395; baseline -0.002 -14"><span class='ocrx_word' id='word_1_104' title='bbox 94 1323 229 1381; x_wconf 89' lang='lat' dir='ltr'>Severior</span> <span class='ocrx_word' id='word_1_105' title='bbox 243 1328 302 1378; x_wconf 90' lang='lat' dir='ltr'>esto</span> <span class='ocrx_word' id='word_1_106' title='bbox 320 1322 422 1378; x_wconf 89' lang='lat' dir='ltr'>iudicio</span> <span class='ocrx_word' id='word_1_107' title='bbox 440 1338 523 1395; x_wconf 89' lang='lat' dir='ltr'>quam</span> <span class='ocrx_word' id='word_1_108' title='bbox 537 1339 682 1392; x_wconf 88' lang='lat' dir='ltr'>sermone,</span> <span class='ocrx_word' id='word_1_109' title='bbox 698 1326 756 1380; x_wconf 89' lang='lat' dir='ltr'>vita</span> <span class='ocrx_word' id='word_1_110' title='bbox 772 1340 855 1395; x_wconf 89' lang='lat' dir='ltr'>quam</span> <span class='ocrx_word' id='word_1_111' title='bbox 875 1326 962 1391; x_wconf 86' lang='lat' dir='ltr'>vultu,</span> <span class='ocrx_word' id='word_1_112' title='bbox 979 1323 1067 1379; x_wconf 90' lang='lat' dir='ltr'>cultor</span> <span class='ocrx_word' id='word_1_113' title='bbox 1077 1321 1114 1379; x_wconf 85' lang='lat'>16</span> 
     </span>
     <span class='ocr_line' id='line_1_14' title="bbox 95 1406 1068 1479; baseline -0.006 -13"><span class='ocrx_word' id='word_1_114' title='bbox 95 1409 270 1476; x_wconf 89' lang='lat' dir='ltr'>clementiae,</span> <span class='ocrx_word' id='word_1_115' title='bbox 286 1407 422 1464; x_wconf 86' lang='lat' dir='ltr'>saevitiae</span> <span class='ocrx_word' id='word_1_116' title='bbox 439 1406 602 1478; x_wconf 85' lang='lat' dir='ltr'>detestator,</span> <span class='ocrx_word' id='word_1_117' title='bbox 620 1410 711 1464; x_wconf 84' lang='lat' dir='ltr'>lamae</span> <span class='ocrx_word' id='word_1_118' title='bbox 725 1413 817 1467; x_wconf 91' lang='lat' dir='ltr'>bonae</span> <span class='ocrx_word' id='word_1_119' title='bbox 834 1424 924 1479; x_wconf 88' lang='lat' dir='ltr'>neque</span> <span class='ocrx_word' id='word_1_120' title='bbox 940 1413 1004 1463; x_wconf 86' lang='lat' dir='ltr'>tuae</span> <span class='ocrx_word' id='word_1_121' title='bbox 1021 1423 1068 1461; x_wconf 89' lang='lat' dir='ltr'>se-</span> 
     </span>
     <span class='ocr_line' id='line_1_15' title="bbox 96 1490 1069 1565; baseline -0.003 -18"><span class='ocrx_word' id='word_1_122' title='bbox 96 1494 216 1548; x_wconf 89' lang='lat' dir='ltr'>minator</span> <span class='ocrx_word' id='word_1_123' title='bbox 231 1508 322 1563; x_wconf 91' lang='lat' dir='ltr'>neque</span> <span class='ocrx_word' id='word_1_124' title='bbox 337 1493 446 1548; x_wconf 91' lang='lat' dir='ltr'>alienae</span> <span class='ocrx_word' id='word_1_125' title='bbox 461 1491 583 1549; x_wconf 91' lang='lat' dir='ltr'>invidus.</span> <span class='ocrx_word' id='word_1_126' title='bbox 604 1493 774 1565; x_wconf 89' lang='lat' dir='ltr'>rumoribus,</span> <span class='ocrx_word' id='word_1_127' title='bbox 789 1492 961 1559; x_wconf 81' lang='lat' dir='ltr'>criminibus,</span> <span class='ocrx_word' id='word_1_128' title='bbox 978 1490 1069 1561; x_wconf 89' lang='lat' dir='ltr'>suspi-</span> 
     </span>
     <span class='ocr_line' id='line_1_16' title="bbox 96 1575 1070 1649; baseline -0.003 -18"><span class='ocrx_word' id='word_1_129' title='bbox 96 1578 224 1633; x_wconf 89' lang='lat' dir='ltr'>cionibus</span> <span class='ocrx_word' id='word_1_130' title='bbox 237 1577 351 1631; x_wconf 92' lang='lat' dir='ltr'>minime</span> <span class='ocrx_word' id='word_1_131' title='bbox 367 1576 512 1644; x_wconf 91' lang='lat' dir='ltr'>credulus,</span> <span class='ocrx_word' id='word_1_132' title='bbox 538 1577 590 1632; x_wconf 91' lang='lat' dir='ltr'>sed</span> <span class='ocrx_word' id='word_1_133' title='bbox 605 1576 737 1649; x_wconf 79' lang='lat' dir='ltr'>malignis</span> <span class='ocrx_word' id='word_1_134' title='bbox 752 1576 860 1648; x_wconf 90' lang='lat' dir='ltr'>potius,</span> <span class='ocrx_word' id='word_1_135' title='bbox 877 1575 924 1646; x_wconf 88' lang='lat' dir='ltr'>qui</span> <span class='ocrx_word' id='word_1_136' title='bbox 938 1590 989 1646; x_wconf 95' lang='lat' dir='ltr'>per</span> <span class='ocrx_word' id='word_1_137' title='bbox 1004 1589 1070 1644; x_wconf 91' lang='lat' dir='ltr'>spe-</span> 
     </span>
     <span class='ocr_line' id='line_1_17' title="bbox 96 1660 1071 1732; baseline -0.005 -15"><span class='ocrx_word' id='word_1_138' title='bbox 96 1662 169 1717; x_wconf 91' lang='lat' dir='ltr'>ciem</span> <span class='ocrx_word' id='word_1_139' title='bbox 191 1661 374 1731; x_wconf 85' lang='lat' dir='ltr'>simplicitatis</span> <span class='ocrx_word' id='word_1_140' title='bbox 400 1660 437 1715; x_wconf 92' lang='lat' dir='ltr'>ad</span> <span class='ocrx_word' id='word_1_141' title='bbox 458 1660 616 1717; x_wconf 89' lang='lat' dir='ltr'>nocendum</span> <span class='ocrx_word' id='word_1_142' title='bbox 632 1662 770 1732; x_wconf 86' lang='lat' dir='ltr'>aliquibus</span> <span class='ocrx_word' id='word_1_143' title='bbox 787 1662 956 1731; x_wconf 87' lang='lat' dir='ltr'>subrepunt,</span> <span class='ocrx_word' id='word_1_144' title='bbox 983 1673 1071 1730; x_wconf 93' lang='lat' dir='ltr'>oppo-</span> 
     </span>
     <span class='ocr_line' id='line_1_18' title="bbox 97 1743 1070 1816; baseline -0.005 -15"><span class='ocrx_word' id='word_1_145' title='bbox 97 1746 256 1801; x_wconf 89' lang='lat' dir='ltr'>sitissimus.</span> <span class='ocrx_word' id='word_1_146' title='bbox 288 1744 326 1800; x_wconf 87' lang='lat' dir='ltr'>ad</span> <span class='ocrx_word' id='word_1_147' title='bbox 352 1745 421 1801; x_wconf 87' lang='lat' dir='ltr'>iram</span> <span class='ocrx_word' id='word_1_148' title='bbox 448 1743 558 1811; x_wconf 85' lang='lat' dir='ltr'>tardus,</span> <span class='ocrx_word' id='word_1_149' title='bbox 586 1744 623 1799; x_wconf 89' lang='lat' dir='ltr'>ad</span> <span class='ocrx_word' id='word_1_150' title='bbox 646 1745 870 1801; x_wconf 88' lang='lat' dir='ltr'>misericordiam</span> <span class='ocrx_word' id='word_1_151' title='bbox 890 1758 1013 1816; x_wconf 89' lang='lat' dir='ltr'>pronus,</span> <span class='ocrx_word' id='word_1_152' title='bbox 1041 1743 1070 1797; x_wconf 91' lang='lat' dir='ltr'>in</span> 
     </span>
     <span class='ocr_line' id='line_1_19' title="bbox 97 1827 1072 1900; baseline -0.005 -15"><span class='ocrx_word' id='word_1_153' title='bbox 97 1830 228 1885; x_wconf 86' lang='lat' dir='ltr'>adversis</span> <span class='ocrx_word' id='word_1_154' title='bbox 244 1827 356 1897; x_wconf 86' lang='lat' dir='ltr'>firmus,</span> <span class='ocrx_word' id='word_1_155' title='bbox 383 1828 412 1882; x_wconf 93' lang='lat' dir='ltr'>in</span> <span class='ocrx_word' id='word_1_156' title='bbox 431 1828 577 1900; x_wconf 87' lang='lat' dir='ltr'>prosperis</span> <span class='ocrx_word' id='word_1_157' title='bbox 598 1834 696 1885; x_wconf 88' lang='lat' dir='ltr'>cautus</span> <span class='ocrx_word' id='word_1_158' title='bbox 718 1835 745 1884; x_wconf 91' lang='lat' dir='ltr'>et</span> <span class='ocrx_word' id='word_1_159' title='bbox 764 1827 895 1898; x_wconf 91' lang='lat' dir='ltr'>humilis,</span> <span class='ocrx_word' id='word_1_160' title='bbox 917 1827 1072 1883; x_wconf 86' lang='lat' dir='ltr'>occultator</span> 
     </span>
     <span class='ocr_line' id='line_1_20' title="bbox 96 1911 1071 1986; baseline 0.004 -20"><span class='ocrx_word' id='word_1_161' title='bbox 96 1915 230 1969; x_wconf 82' lang='lat' dir='ltr'>virtutum</span> <span class='ocrx_word' id='word_1_162' title='bbox 246 1911 317 1967; x_wconf 88' lang='lat' dir='ltr'>sicut</span> <span class='ocrx_word' id='word_1_163' title='bbox 332 1912 379 1966; x_wconf 88' lang='lat' dir='ltr'>alii</span> <span class='ocrx_word' id='word_1_164' title='bbox 398 1911 537 1980; x_wconf 89' lang='lat' dir='ltr'>vitiorum,</span> <span class='ocrx_word' id='word_1_165' title='bbox 560 1929 652 1968; x_wconf 87' lang='lat' dir='ltr'>vanae</span> <span class='ocrx_word' id='word_1_166' title='bbox 668 1914 775 1986; x_wconf 82' lang='lat' dir='ltr'>gloriae</span> <span class='ocrx_word' id='word_1_167' title='bbox 792 1916 965 1984; x_wconf 91' lang='lat' dir='ltr'>contemptor</span> <span class='ocrx_word' id='word_1_168' title='bbox 981 1916 1009 1966; x_wconf 89' lang='lat' dir='ltr'>et</span> <span class='ocrx_word' id='word_1_169' title='bbox 1022 1915 1071 1970; x_wconf 86' lang='lat' dir='ltr'>bo·</span> 
     </span>
     <span class='ocr_line' id='line_1_21' title="bbox 98 1994 1112 2068; baseline 0.002 -16"><span class='ocrx_word' id='word_1_170' title='bbox 98 2014 213 2065; x_wconf 92' lang='lat' dir='ltr'>norum,</span> <span class='ocrx_word' id='word_1_171' title='bbox 234 1996 335 2068; x_wconf 89' lang='lat' dir='ltr'>quibus</span> <span class='ocrx_word' id='word_1_172' title='bbox 349 1995 494 2066; x_wconf 91' lang='lat' dir='ltr'>praeditus</span> <span class='ocrx_word' id='word_1_173' title='bbox 511 2012 558 2064; x_wconf 90' lang='lat' dir='ltr'>es,</span> <span class='ocrx_word' id='word_1_174' title='bbox 578 2013 635 2051; x_wconf 92' lang='lat' dir='ltr'>non</span> <span class='ocrx_word' id='word_1_175' title='bbox 656 1999 776 2053; x_wconf 83' lang='lat' dir='ltr'>acerbus</span> <span class='ocrx_word' id='word_1_176' title='bbox 798 2001 922 2053; x_wconf 82' lang='lat' dir='ltr'>exactor.</span> <span class='ocrx_word' id='word_1_177' title='bbox 960 1994 1069 2051; x_wconf 91' lang='lat' dir='ltr'>Nullius</span> <span class='ocrx_word' id='word_1_178' title='bbox 1080 1995 1112 2054; x_wconf 84' lang='grc'>17</span> 
     </span>
     <span class='ocr_line' id='line_1_22' title="bbox 99 2078 1071 2154; baseline -0.003 -17"><span class='ocrx_word' id='word_1_179' title='bbox 99 2080 315 2154; x_wconf 88' lang='lat' dir='ltr'>imprudentiam</span> <span class='ocrx_word' id='word_1_180' title='bbox 332 2078 484 2151; x_wconf 90' lang='lat' dir='ltr'>despicias.</span> <span class='ocrx_word' id='word_1_181' title='bbox 510 2081 576 2136; x_wconf 82' lang='lat' dir='ltr'>Rari</span> <span class='ocrx_word' id='word_1_182' title='bbox 593 2083 732 2138; x_wconf 88' lang='lat' dir='ltr'>sermonis</span> <span class='ocrx_word' id='word_1_183' title='bbox 746 2081 817 2152; x_wconf 91' lang='lat' dir='ltr'>ipse,</span> <span class='ocrx_word' id='word_1_184' title='bbox 834 2080 886 2138; x_wconf 92' lang='lat' dir='ltr'>sed</span> <span class='ocrx_word' id='word_1_185' title='bbox 900 2080 1071 2151; x_wconf 90' lang='lat' dir='ltr'>loquentium</span> 
     </span>
     <span class='ocr_line' id='line_1_23' title="bbox 97 2163 1071 2238; baseline -0.001 -18"><span class='ocrx_word' id='word_1_186' title='bbox 97 2167 223 2238; x_wconf 92' lang='lat' dir='ltr'>patiens,</span> <span class='ocrx_word' id='word_1_187' title='bbox 243 2180 362 2220; x_wconf 89' lang='lat' dir='ltr'>severus</span> <span class='ocrx_word' id='word_1_188' title='bbox 383 2180 416 2221; x_wconf 92' lang='lat' dir='ltr'>ac</span> <span class='ocrx_word' id='word_1_189' title='bbox 432 2165 537 2233; x_wconf 79' lang='lat' dir='ltr'>serius,</span> <span class='ocrx_word' id='word_1_190' title='bbox 562 2164 615 2220; x_wconf 89' lang='lat' dir='ltr'>sed</span> <span class='ocrx_word' id='word_1_191' title='bbox 634 2163 738 2222; x_wconf 87' lang='lat' dir='ltr'>hilares</span> <span class='ocrx_word' id='word_1_192' title='bbox 755 2182 812 2221; x_wconf 91' lang='lat' dir='ltr'>non</span> <span class='ocrx_word' id='word_1_193' title='bbox 832 2180 1003 2237; x_wconf 90' lang='lat' dir='ltr'>aspernans,</span> <span class='ocrx_word' id='word_1_194' title='bbox 1023 2179 1071 2220; x_wconf 87' lang='lat' dir='ltr'>sa·</span> 
     </span>
     <span class='ocr_line' id='line_1_24' title="bbox 98 2247 1071 2322; baseline 0 -19"><span class='ocrx_word' id='word_1_195' title='bbox 98 2250 219 2321; x_wconf 88' lang='lat' dir='ltr'>pientiae</span> <span class='ocrx_word' id='word_1_196' title='bbox 234 2247 353 2320; x_wconf 87' lang='lat' dir='ltr'>cupidus</span> <span class='ocrx_word' id='word_1_197' title='bbox 372 2264 404 2303; x_wconf 91' lang='lat' dir='ltr'>ac</span> <span class='ocrx_word' id='word_1_198' title='bbox 420 2248 529 2304; x_wconf 90' lang='lat' dir='ltr'>docilis.</span> <span class='ocrx_word' id='word_1_199' title='bbox 551 2265 623 2320; x_wconf 91' lang='lat' dir='ltr'>quae</span> <span class='ocrx_word' id='word_1_200' title='bbox 634 2251 716 2319; x_wconf 79' lang='lat' dir='ltr'>nosti,</span> <span class='ocrx_word' id='word_1_201' title='bbox 729 2251 789 2306; x_wconf 90' lang='lat' dir='ltr'>sine</span> <span class='ocrx_word' id='word_1_202' title='bbox 800 2249 960 2322; x_wconf 80' lang='lat' dir='ltr'>arrogantia</span> <span class='ocrx_word' id='word_1_203' title='bbox 973 2254 1071 2319; x_wconf 90' lang='lat' dir='ltr'>postu·</span> 
     </span>
     <span class='ocr_line' id='line_1_25' title="bbox 99 2332 1071 2407; baseline -0.001 -20"><span class='ocrx_word' id='word_1_204' title='bbox 99 2334 166 2388; x_wconf 86' lang='lat' dir='ltr'>lauti</span> <span class='ocrx_word' id='word_1_205' title='bbox 182 2333 333 2403; x_wconf 87' lang='lat' dir='ltr'>imparties.</span> <span class='ocrx_word' id='word_1_206' title='bbox 357 2348 429 2402; x_wconf 88' lang='lat' dir='ltr'>quae</span> <span class='ocrx_word' id='word_1_207' title='bbox 441 2333 544 2400; x_wconf 86' lang='lat' dir='ltr'>nescis,</span> <span class='ocrx_word' id='word_1_208' title='bbox 561 2334 621 2388; x_wconf 91' lang='lat' dir='ltr'>sine</span> <span class='ocrx_word' id='word_1_209' title='bbox 637 2335 821 2390; x_wconf 82' lang='lat' dir='ltr'>occultatione</span> <span class='ocrx_word' id='word_1_210' title='bbox 834 2333 1011 2407; x_wconf 83' lang='lat' dir='ltr'>ignorantiae</span> <span class='ocrx_word' id='word_1_211' title='bbox 1023 2332 1071 2387; x_wconf 87' lang='lat' dir='ltr'>tibi</span> 
     </span>
     <span class='ocr_line' id='line_1_26' title="bbox 99 2409 1071 2490; baseline 0 -20"><span class='ocrx_word' id='word_1_212' title='bbox 99 2416 210 2489; x_wconf 86' lang='lat' dir='ltr'>postula</span> <span class='ocrx_word' id='word_1_213' title='bbox 227 2414 371 2486; x_wconf 89' lang='lat' dir='ltr'>impartiri.</span> <span class='ocrx_word' id='word_1_214' title='bbox 404 2409 480 2490; x_wconf 90' lang='lat' dir='ltr'>[Non</span> <span class='ocrx_word' id='word_1_215' title='bbox 501 2418 675 2472; x_wconf 88' lang='lat' dir='ltr'>conturbabit</span> <span class='ocrx_word' id='word_1_216' title='bbox 694 2419 808 2489; x_wconf 88' lang='lat' dir='ltr'>sapiens</span> <span class='ocrx_word' id='word_1_217' title='bbox 828 2432 921 2473; x_wconf 91' lang='lat' dir='ltr'>mores</span> <span class='ocrx_word' id='word_1_218' title='bbox 942 2416 1071 2487; x_wconf 90' lang='lat' dir='ltr'>publicos</span> 
     </span>
     <span class='ocr_line' id='line_1_27' title="bbox 100 2494 815 2583; baseline 0.001 -29"><span class='ocrx_word' id='word_1_219' title='bbox 100 2514 152 2554; x_wconf 91' lang='lat' dir='ltr'>nec</span> <span class='ocrx_word' id='word_1_220' title='bbox 168 2500 302 2570; x_wconf 91' lang='lat' dir='ltr'>populum</span> <span class='ocrx_word' id='word_1_221' title='bbox 321 2498 350 2551; x_wconf 90' lang='lat' dir='ltr'>in</span> <span class='ocrx_word' id='word_1_222' title='bbox 367 2514 398 2552; x_wconf 92' lang='lat' dir='ltr'>se</span> <span class='ocrx_word' id='word_1_223' title='bbox 417 2497 492 2553; x_wconf 85' lang='lat' dir='ltr'>vitae</span> <span class='ocrx_word' id='word_1_224' title='bbox 509 2499 631 2555; x_wconf 87' lang='lat' dir='ltr'>novitate</span> <span class='ocrx_word' id='word_1_225' title='bbox 646 2494 815 2583; x_wconf 68' lang='lat' dir='ltr'>convertet]</span> 
     </span>
     <span class='ocr_line' id='line_1_28' title="bbox 129 2580 412 2639; baseline 0.014 -4"><span class='ocrx_word' id='word_1_226' title='bbox 129 2607 131 2610; x_wconf 43' lang='lat'><em>⁴</em></span> <span class='ocrx_word' id='word_1_227' title='bbox 185 2581 221 2637; x_wconf 90' lang='lat' dir='ltr'>V.</span> <span class='ocrx_word' id='word_1_228' title='bbox 243 2581 283 2636; x_wconf 89' lang='lat' dir='ltr'>De</span> <span class='ocrx_word' id='word_1_229' title='bbox 301 2580 412 2639; x_wconf 86' lang='lat' dir='ltr'>iustitia.</span> 
     </span>
    </p>

    <p class='ocr_par' dir='ltr' id='par_1_3' title="bbox 100 2663 1122 3590">
     <span class='ocr_line' id='line_1_29' title="bbox 162 2663 1095 2735; baseline -0.001 -14"><span class='ocrx_word' id='word_1_230' title='bbox 162 2665 269 2721; x_wconf 89' lang='lat' dir='ltr'>lustitia</span> <span class='ocrx_word' id='word_1_231' title='bbox 282 2669 347 2735; x_wconf 84' lang='lat' dir='ltr'>post</span> <span class='ocrx_word' id='word_1_232' title='bbox 362 2663 433 2719; x_wconf 87' lang='lat' dir='ltr'>haec</span> <span class='ocrx_word' id='word_1_233' title='bbox 450 2664 538 2719; x_wconf 91' lang='lat' dir='ltr'>virtus</span> <span class='ocrx_word' id='word_1_234' title='bbox 555 2672 606 2720; x_wconf 88' lang='lat' dir='ltr'>est.</span> <span class='ocrx_word' id='word_1_235' title='bbox 640 2664 713 2734; x_wconf 79' lang='lat' dir='ltr'>Quid</span> <span class='ocrx_word' id='word_1_236' title='bbox 728 2672 771 2720; x_wconf 90' lang='lat' dir='ltr'>est</span> <span class='ocrx_word' id='word_1_237' title='bbox 785 2671 878 2721; x_wconf 87' lang='lat' dir='ltr'>autem</span> <span class='ocrx_word' id='word_1_238' title='bbox 893 2665 1003 2731; x_wconf 89' lang='lat' dir='ltr'>iustitia,</span> <span class='ocrx_word' id='word_1_239' title='bbox 1018 2665 1095 2722; x_wconf 86' lang='lat' dir='ltr'>nisi]</span> 
     </span>
     <span class='ocr_line' id='line_1_30' title="bbox 100 2746 1070 2810; baseline 0.003 -4"><span class='ocrx_word' id='word_1_240' title='bbox 100 2756 217 2806; x_wconf 89' lang='lat' dir='ltr'>naturae</span> <span class='ocrx_word' id='word_1_241' title='bbox 242 2749 325 2804; x_wconf 87' lang='lat' dir='ltr'>tacita</span> <span class='ocrx_word' id='word_1_242' title='bbox 351 2746 501 2804; x_wconf 88' lang='lat' dir='ltr'>conventio</span> <span class='ocrx_word' id='word_1_243' title='bbox 530 2749 558 2802; x_wconf 93' lang='lat' dir='ltr'>in</span> <span class='ocrx_word' id='word_1_244' title='bbox 582 2749 751 2805; x_wconf 90' lang='lat' dir='ltr'>adiutorium</span> <span class='ocrx_word' id='word_1_245' title='bbox 776 2753 924 2806; x_wconf 90' lang='lat' dir='ltr'>multorum</span> <span class='ocrx_word' id='word_1_246' title='bbox 946 2751 1070 2810; x_wconf 80' lang='lat' dir='ltr'>inventa.</span> 
     </span>
     <span class='ocr_line' id='line_1_31' title="bbox 102 2829 1073 2912; baseline 0.007 -24"><span class='ocrx_word' id='word_1_247' title='bbox 102 2829 224 2912; x_wconf 89' lang='lat' dir='ltr'>[lustitia</span> <span class='ocrx_word' id='word_1_248' title='bbox 243 2838 287 2889; x_wconf 88' lang='lat' dir='ltr'>est</span> <span class='ocrx_word' id='word_1_249' title='bbox 307 2832 390 2889; x_wconf 87' lang='lat' dir='ltr'>etiam</span> <span class='ocrx_word' id='word_1_250' title='bbox 416 2831 526 2888; x_wconf 88' lang='lat' dir='ltr'>habitus</span> <span class='ocrx_word' id='word_1_251' title='bbox 549 2833 633 2889; x_wconf 88' lang='lat' dir='ltr'>animi</span> <span class='ocrx_word' id='word_1_252' title='bbox 660 2836 799 2890; x_wconf 88' lang='lat' dir='ltr'>communi</span> <span class='ocrx_word' id='word_1_253' title='bbox 822 2834 938 2891; x_wconf 82' lang='lat' dir='ltr'>utilitate</span> <span class='ocrx_word' id='word_1_254' title='bbox 959 2842 1073 2895; x_wconf 86' lang='lat' dir='ltr'>servata</span> 
     </span>
     <span class='ocr_line' id='line_1_32' title="bbox 102 2912 1073 2996; baseline 0.002 -22"><span class='ocrx_word' id='word_1_255' title='bbox 102 2935 181 2974; x_wconf 91' lang='lat' dir='ltr'>suam</span> <span class='ocrx_word' id='word_1_256' title='bbox 203 2918 304 2988; x_wconf 91' lang='lat' dir='ltr'>cuique</span> <span class='ocrx_word' id='word_1_257' title='bbox 326 2917 448 2973; x_wconf 90' lang='lat' dir='ltr'>tribuens</span> <span class='ocrx_word' id='word_1_258' title='bbox 470 2912 658 2996; x_wconf 82' lang='lat' dir='ltr'>dignitatem]</span> <span class='ocrx_word' id='word_1_259' title='bbox 686 2919 721 2973; x_wconf 90' lang='lat' dir='ltr'>Et</span> <span class='ocrx_word' id='word_1_260' title='bbox 742 2919 809 2990; x_wconf 90' lang='lat' dir='ltr'>quid</span> <span class='ocrx_word' id='word_1_261' title='bbox 830 2927 875 2977; x_wconf 88' lang='lat' dir='ltr'>est</span> <span class='ocrx_word' id='word_1_262' title='bbox 895 2920 998 2978; x_wconf 89' lang='lat' dir='ltr'>lustitia</span> <span class='ocrx_word' id='word_1_263' title='bbox 1015 2918 1073 2978; x_wconf 78' lang='lat' dir='ltr'>&#39;nisi</span> 
     </span>
     <span class='ocr_line' id='line_1_33' title="bbox 101 3000 1073 3080; baseline 0.005 -23"><span class='ocrx_word' id='word_1_264' title='bbox 101 3008 197 3059; x_wconf 89' lang='lat' dir='ltr'>nostra</span> <span class='ocrx_word' id='word_1_265' title='bbox 213 3003 371 3058; x_wconf 88' lang='lat' dir='ltr'>constitutio</span> <span class='ocrx_word' id='word_1_266' title='bbox 391 3017 442 3057; x_wconf 91' lang='lat' dir='ltr'>seu</span> <span class='ocrx_word' id='word_1_267' title='bbox 458 3000 554 3058; x_wconf 90' lang='lat' dir='ltr'>divina</span> <span class='ocrx_word' id='word_1_268' title='bbox 570 3004 617 3059; x_wconf 87' lang='lat' dir='ltr'>lex</span> <span class='ocrx_word' id='word_1_269' title='bbox 631 3009 679 3059; x_wconf 87' lang='lat' dir='ltr'>aut</span> <span class='ocrx_word' id='word_1_270' title='bbox 697 3004 841 3080; x_wconf 78' lang='lat' dir='ltr'>uinculum</span> <span class='ocrx_word' id='word_1_271' title='bbox 862 3005 1004 3062; x_wconf 86' lang='lat' dir='ltr'>societatis</span> <span class='ocrx_word' id='word_1_272' title='bbox 1018 3006 1073 3061; x_wconf 90' lang='lat' dir='ltr'>hu·</span> 
     </span>
     <span class='ocr_line' id='line_1_34' title="bbox 101 3086 1071 3163; baseline 0.006 -21"><span class='ocrx_word' id='word_1_273' title='bbox 101 3103 211 3143; x_wconf 85' lang='lat' dir='ltr'>manae.</span> <span class='ocrx_word' id='word_1_274' title='bbox 253 3086 284 3140; x_wconf 92' lang='lat' dir='ltr'>ln</span> <span class='ocrx_word' id='word_1_275' title='bbox 304 3086 358 3142; x_wconf 89' lang='lat' dir='ltr'>hac</span> <span class='ocrx_word' id='word_1_276' title='bbox 379 3101 435 3140; x_wconf 91' lang='lat' dir='ltr'>non</span> <span class='ocrx_word' id='word_1_277' title='bbox 458 3092 501 3142; x_wconf 89' lang='lat' dir='ltr'>est</span> <span class='ocrx_word' id='word_1_278' title='bbox 522 3088 597 3159; x_wconf 87' lang='lat' dir='ltr'>quod</span> <span class='ocrx_word' id='word_1_279' title='bbox 618 3087 811 3156; x_wconf 82' lang='lat' dir='ltr'>aestimemus,</span> <span class='ocrx_word' id='word_1_280' title='bbox 839 3088 907 3161; x_wconf 89' lang='lat' dir='ltr'>quid</span> <span class='ocrx_word' id='word_1_281' title='bbox 929 3089 1071 3163; x_wconf 86' lang='lat' dir='ltr'>expediat.</span> 
     </span>
     <span class='ocr_line' id='line_1_35' title="bbox 102 3169 1098 3246; baseline 0.005 -21"><span class='ocrx_word' id='word_1_282' title='bbox 102 3170 235 3242; x_wconf 84' lang='lat' dir='ltr'>expediet</span> <span class='ocrx_word' id='word_1_283' title='bbox 258 3170 332 3225; x_wconf 89' lang='lat' dir='ltr'>enim</span> <span class='ocrx_word' id='word_1_284' title='bbox 346 3169 479 3240; x_wconf 90' lang='lat' dir='ltr'>quicquid</span> <span class='ocrx_word' id='word_1_285' title='bbox 492 3169 538 3225; x_wconf 91' lang='lat' dir='ltr'>illa</span> <span class='ocrx_word' id='word_1_286' title='bbox 558 3171 713 3228; x_wconf 88' lang='lat' dir='ltr'>dictaverit.</span> <span class='ocrx_word' id='word_1_287' title='bbox 754 3171 886 3244; x_wconf 79' lang='lat' dir='ltr'>Quisquis</span> <span class='ocrx_word' id='word_1_288' title='bbox 905 3189 974 3246; x_wconf 83' lang='lat' dir='ltr'>ergo</span> <span class='ocrx_word' id='word_1_289' title='bbox 996 3174 1098 3230; x_wconf 73' lang='lat' dir='ltr'>hanel</span> 
     </span>
     <span class='ocr_line' id='line_1_36' title="bbox 103 3253 1071 3324; baseline 0.003 -16"><span class='ocrx_word' id='word_1_290' title='bbox 103 3255 204 3309; x_wconf 87' lang='lat' dir='ltr'>sectari</span> <span class='ocrx_word' id='word_1_291' title='bbox 219 3253 376 3322; x_wconf 90' lang='lat' dir='ltr'>desideras,</span> <span class='ocrx_word' id='word_1_292' title='bbox 399 3253 464 3309; x_wconf 89' lang='lat' dir='ltr'>time</span> <span class='ocrx_word' id='word_1_293' title='bbox 481 3255 558 3324; x_wconf 91' lang='lat' dir='ltr'>prius</span> <span class='ocrx_word' id='word_1_294' title='bbox 574 3260 603 3310; x_wconf 94' lang='lat' dir='ltr'>et</span> <span class='ocrx_word' id='word_1_295' title='bbox 616 3272 680 3312; x_wconf 92' lang='lat' dir='ltr'>ama</span> <span class='ocrx_word' id='word_1_296' title='bbox 694 3256 794 3324; x_wconf 93' lang='lat' dir='ltr'>deum,</span> <span class='ocrx_word' id='word_1_297' title='bbox 812 3263 843 3312; x_wconf 93' lang='lat' dir='ltr'>ut</span> <span class='ocrx_word' id='word_1_298' title='bbox 857 3259 959 3313; x_wconf 89' lang='lat' dir='ltr'>ameris</span> <span class='ocrx_word' id='word_1_299' title='bbox 974 3260 1009 3312; x_wconf 86' lang='lat' dir='ltr'>ab</span> <span class='ocrx_word' id='word_1_300' title='bbox 1025 3273 1071 3311; x_wconf 92' lang='lat' dir='ltr'>eo.</span> 
     </span>
     <span class='ocr_line' id='line_1_37' title="bbox 104 3338 1068 3409; baseline 0.001 -17"><span class='ocrx_word' id='word_1_301' title='bbox 104 3339 211 3393; x_wconf 89' lang='lat' dir='ltr'>amabis</span> <span class='ocrx_word' id='word_1_302' title='bbox 227 3339 301 3393; x_wconf 84' lang='lat' dir='ltr'>eninr</span> <span class='ocrx_word' id='word_1_303' title='bbox 318 3338 410 3406; x_wconf 91' lang='lat' dir='ltr'>deum,</span> <span class='ocrx_word' id='word_1_304' title='bbox 427 3338 452 3392; x_wconf 94' lang='lat' dir='ltr'>si</span> <span class='ocrx_word' id='word_1_305' title='bbox 467 3338 586 3395; x_wconf 89' lang='lat' dir='ltr'>illumin</span> <span class='ocrx_word' id='word_1_306' title='bbox 600 3340 655 3396; x_wconf 92' lang='lat' dir='ltr'>hoc</span> <span class='ocrx_word' id='word_1_307' title='bbox 670 3341 832 3409; x_wconf 90' lang='lat' dir='ltr'>imitaberis,</span> <span class='ocrx_word' id='word_1_308' title='bbox 849 3346 879 3397; x_wconf 92' lang='lat' dir='ltr'>ut</span> <span class='ocrx_word' id='word_1_309' title='bbox 895 3342 967 3398; x_wconf 91' lang='lat' dir='ltr'>velis</span> <span class='ocrx_word' id='word_1_310' title='bbox 981 3339 1068 3396; x_wconf 93' lang='lat' dir='ltr'>omni·</span> 
     </span>
     <span class='ocr_line' id='line_1_38' title="bbox 101 3421 1092 3493; baseline -0.01 -16"><span class='ocrx_word' id='word_1_311' title='bbox 101 3421 322 3493; x_wconf 89' lang='lat' dir='ltr'>busprodesse,</span> <span class='ocrx_word' id='word_1_312' title='bbox 341 3422 409 3477; x_wconf 92' lang='lat' dir='ltr'>nulli</span> <span class='ocrx_word' id='word_1_313' title='bbox 423 3437 525 3478; x_wconf 90' lang='lat' dir='ltr'>nocere</span> <span class='ocrx_word' id='word_1_314' title='bbox 547 3429 575 3479; x_wconf 88' lang='lat' dir='ltr'>et</span> <span class='ocrx_word' id='word_1_315' title='bbox 588 3430 653 3480; x_wconf 92' lang='lat' dir='ltr'>tunc</span> <span class='ocrx_word' id='word_1_316' title='bbox 670 3431 697 3480; x_wconf 92' lang='lat' dir='ltr'>te</span> <span class='ocrx_word' id='word_1_317' title='bbox 712 3426 810 3484; x_wconf 83' lang='lat' dir='ltr'>uirum</span> <span class='ocrx_word' id='word_1_318' title='bbox 824 3425 938 3480; x_wconf 75' lang='lat' dir='ltr'>iustum</span> <span class='ocrx_word' id='word_1_319' title='bbox 950 3421 1092 3490; x_wconf 50' lang='lat' dir='ltr'>asseue-</span> 
     </span>
     <span class='ocr_line' id='line_1_39' title="bbox 101 3495 1122 3590; baseline -0.022 -28"><span class='ocrx_word' id='word_1_320' title='bbox 101 3506 170 3562; x_wconf 89' lang='lat' dir='ltr'>bunt</span> <span class='ocrx_word' id='word_1_321' title='bbox 183 3521 288 3576; x_wconf 89' lang='lat' dir='ltr'>omnes,</span> <span class='ocrx_word' id='word_1_322' title='bbox 305 3511 457 3579; x_wconf 86' lang='lat' dir='ltr'>sequentur</span> <span class='ocrx_word' id='word_1_323' title='bbox 476 3502 545 3590; x_wconf 89' lang='lat' dir='ltr'>[te],</span> <span class='ocrx_word' id='word_1_324' title='bbox 561 3512 782 3568; x_wconf 82' lang='lat' dir='ltr'>venerabuntur</span> <span class='ocrx_word' id='word_1_325' title='bbox 804 3505 988 3572; x_wconf 54' lang='lat' dir='ltr'>etdxt&#39;xaent.</span> <span class='ocrx_word' id='word_1_326' title='bbox 1003 3495 1122 3546; x_wconf 55' lang='lat' dir='ltr'>tusum</span> 
     </span>
    </p>
   </div>
   <div class='ocr_carea' id='block_1_3' title="bbox 0 0 1231 3862">
    <p class='ocr_par' dir='ltr' id='par_1_4' title="bbox 0 0 1231 3862">
     <span class='ocr_line' id='line_1_40' title="bbox 0 0 1231 3862; baseline 0 0"><span class='ocrx_word' id='word_1_327' title='bbox 0 0 1231 3862; x_wconf 95' lang='lat' dir='ltr'> </span> 
     </span>
    </p>
   </div>
  </div>
 </body>
</html>
