<?xml version="1.0" encoding="UTF-8"?>
<!DOCTYPE html PUBLIC "-//W3C//DTD XHTML 1.0 Transitional//EN"
    "http://www.w3.org/TR/xhtml1/DTD/xhtml1-transitional.dtd">
<html xmlns="http://www.w3.org/1999/xhtml" xml:lang="en" lang="en">
 <head>
  <title>
</title>
<meta http-equiv="Content-Type" content="text/html;charset=utf-8" />
  <meta name='ocr-system' content='tesseract 3.04.00' />
  <meta name='ocr-capabilities' content='ocr_page ocr_carea ocr_par ocr_line ocrx_word'/>
</head>
<body>
  <div class='ocr_page' id='page_1' title='image "./lannaeisenecaeo06senegoog_0410.png"; bbox 0 0 2422 3862; ppageno 0'>
   <div class='ocr_carea' id='block_1_1' title="bbox 243 239 1079 319">
    <p class='ocr_par' dir='ltr' id='par_1_1' title="bbox 243 239 1079 319">
     <span class='ocr_line' id='line_1_1' title="bbox 243 239 1079 319; baseline 0.008 -19"><span class='ocrx_word' id='word_1_1' title='bbox 243 240 411 301; x_wconf 85' lang='lat' dir='ltr'>EPISTUL.</span> <span class='ocrx_word' id='word_1_2' title='bbox 427 239 520 302; x_wconf 84' lang='lat' dir='ltr'><strong>MOR.</strong></span> <span class='ocrx_word' id='word_1_3' title='bbox 542 241 615 302; x_wconf 89' lang='lat' dir='ltr'>LIB.</span> <span class='ocrx_word' id='word_1_4' title='bbox 627 241 704 301; x_wconf 86' lang='lat' dir='ltr'><strong>xlx.</strong></span> <span class='ocrx_word' id='word_1_5' title='bbox 725 242 783 301; x_wconf 86' lang='grc' dir='ltr'><strong>ΕΡ.</strong></span> <span class='ocrx_word' id='word_1_6' title='bbox 794 251 821 304; x_wconf 80' lang='lat'><strong>5.</strong></span> <span class='ocrx_word' id='word_1_7' title='bbox 843 248 932 319; x_wconf 77' lang='lat' dir='ltr'><strong>(lli.)</strong></span> <span class='ocrx_word' id='word_1_8' title='bbox 1016 240 1079 307; x_wconf 74' lang='lat'><strong>375</strong></span> 
     </span>
    </p>
   </div>
   <div class='ocr_carea' id='block_1_2' title="bbox 94 391 1120 972">
    <p class='ocr_par' dir='ltr' id='par_1_2' title="bbox 94 391 1120 972">
     <span class='ocr_line' id='line_1_2' title="bbox 95 391 1078 470; baseline -0.001 -13"><span class='ocrx_word' id='word_1_9' title='bbox 95 397 151 470; x_wconf 84' lang='lat' dir='ltr'><strong>uis,</strong></span> <span class='ocrx_word' id='word_1_10' title='bbox 168 395 269 469; x_wconf 86' lang='lat' dir='ltr'><strong>magni</strong></span> <span class='ocrx_word' id='word_1_11' title='bbox 285 394 415 453; x_wconf 90' lang='lat' dir='ltr'><strong>nominis</strong></span> <span class='ocrx_word' id='word_1_12' title='bbox 431 391 544 453; x_wconf 80' lang='lat' dir='ltr'><strong>virum:</strong></span> <span class='ocrx_word' id='word_1_13' title='bbox 567 394 675 466; x_wconf 90' lang='lat' dir='ltr'><strong>dicam,</strong></span> <span class='ocrx_word' id='word_1_14' title='bbox 692 393 765 469; x_wconf 91' lang='lat' dir='ltr'><strong>quid</strong></span> <span class='ocrx_word' id='word_1_15' title='bbox 777 393 818 452; x_wconf 94' lang='lat' dir='ltr'><strong>illi</strong></span> <span class='ocrx_word' id='word_1_16' title='bbox 829 401 914 454; x_wconf 89' lang='lat' dir='ltr'><strong>aetas</strong></span> <span class='ocrx_word' id='word_1_17' title='bbox 925 411 982 456; x_wconf 89' lang='lat' dir='ltr'><strong>sua</strong></span> <span class='ocrx_word' id='word_1_18' title='bbox 993 396 1078 470; x_wconf 87' lang='lat' dir='ltr'><strong>igno·</strong></span> 
     </span>
     <span class='ocr_line' id='line_1_3' title="bbox 96 476 1077 553; baseline 0.002 -14"><span class='ocrx_word' id='word_1_19' title='bbox 96 479 181 553; x_wconf 86' lang='lat' dir='ltr'><strong>verit,</strong></span> <span class='ocrx_word' id='word_1_20' title='bbox 199 479 272 553; x_wconf 90' lang='lat' dir='ltr'><strong>quid</strong></span> <span class='ocrx_word' id='word_1_21' title='bbox 288 479 317 537; x_wconf 88' lang='lat' dir='ltr'><strong>in</strong></span> <span class='ocrx_word' id='word_1_22' title='bbox 333 477 384 537; x_wconf 92' lang='lat' dir='ltr'><strong>illo</strong></span> <span class='ocrx_word' id='word_1_23' title='bbox 402 478 504 536; x_wconf 90' lang='lat' dir='ltr'><strong>solens</strong></span> <span class='ocrx_word' id='word_1_24' title='bbox 520 476 767 536; x_wconf 78' lang='lat' dir='ltr'><strong>dissimulaverit.</strong></span> <span class='ocrx_word' id='word_1_25' title='bbox 791 478 903 538; x_wconf 91' lang='lat' dir='ltr'><strong>multos</strong></span> <span class='ocrx_word' id='word_1_26' title='bbox 919 479 972 538; x_wconf 92' lang='lat' dir='ltr'><strong>tibi</strong></span> <span class='ocrx_word' id='word_1_27' title='bbox 986 479 1077 553; x_wconf 90' lang='lat' dir='ltr'><strong>dabo,</strong></span> 
     </span>
     <span class='ocr_line' id='line_1_4' title="bbox 96 560 1077 639; baseline 0 -16"><span class='ocrx_word' id='word_1_28' title='bbox 96 563 209 639; x_wconf 91' lang='lat' dir='ltr'><strong>quibus</strong></span> <span class='ocrx_word' id='word_1_29' title='bbox 224 562 295 621; x_wconf 89' lang='lat' dir='ltr'><strong>vitia</strong></span> <span class='ocrx_word' id='word_1_30' title='bbox 309 577 371 621; x_wconf 92' lang='lat' dir='ltr'><strong>non</strong></span> <span class='ocrx_word' id='word_1_31' title='bbox 387 560 561 634; x_wconf 83' lang='lat' dir='ltr'><strong>nocuerint,</strong></span> <span class='ocrx_word' id='word_1_32' title='bbox 584 560 752 635; x_wconf 88' lang='lat' dir='ltr'><strong>quosdam,</strong></span> <span class='ocrx_word' id='word_1_33' title='bbox 770 562 881 636; x_wconf 91' lang='lat' dir='ltr'><strong>quibus</strong></span> <span class='ocrx_word' id='word_1_34' title='bbox 897 561 1077 636; x_wconf 87' lang='lat' dir='ltr'><strong>proluerint.</strong></span> 
     </span>
     <span class='ocr_line' id='line_1_5' title="bbox 94 644 1078 721; baseline 0.001 -15"><span class='ocrx_word' id='word_1_35' title='bbox 94 647 186 720; x_wconf 90' lang='lat' dir='ltr'><strong>dabo,</strong></span> <span class='ocrx_word' id='word_1_36' title='bbox 202 645 334 720; x_wconf 92' lang='lat' dir='ltr'><strong>inquam,</strong></span> <span class='ocrx_word' id='word_1_37' title='bbox 351 645 502 703; x_wconf 89' lang='lat' dir='ltr'><strong>maximae</strong></span> <span class='ocrx_word' id='word_1_38' title='bbox 518 645 617 703; x_wconf 86' lang='lat' dir='ltr'><strong>lamae</strong></span> <span class='ocrx_word' id='word_1_39' title='bbox 632 651 661 703; x_wconf 89' lang='lat' dir='ltr'><strong>et</strong></span> <span class='ocrx_word' id='word_1_40' title='bbox 675 644 753 704; x_wconf 89' lang='lat' dir='ltr'><strong>inter</strong></span> <span class='ocrx_word' id='word_1_41' title='bbox 768 644 947 705; x_wconf 89' lang='lat' dir='ltr'><strong>admiranda</strong></span> <span class='ocrx_word' id='word_1_42' title='bbox 964 662 1078 721; x_wconf 84' lang='lat' dir='ltr'><strong>propo·</strong></span> 
     </span>
     <span class='ocr_line' id='line_1_6' title="bbox 95 727 1077 804; baseline 0 -14"><span class='ocrx_word' id='word_1_43' title='bbox 95 732 180 802; x_wconf 77' lang='lat' dir='ltr'><strong>sitoS,</strong></span> <span class='ocrx_word' id='word_1_44' title='bbox 196 745 284 804; x_wconf 90' lang='lat' dir='ltr'><strong>quos,</strong></span> <span class='ocrx_word' id='word_1_45' title='bbox 301 729 327 789; x_wconf 91' lang='lat' dir='ltr'><strong>si</strong></span> <span class='ocrx_word' id='word_1_46' title='bbox 341 728 411 803; x_wconf 91' lang='lat' dir='ltr'><strong>quis</strong></span> <span class='ocrx_word' id='word_1_47' title='bbox 424 727 556 802; x_wconf 80' lang='lat' dir='ltr'><strong>corrigit,</strong></span> <span class='ocrx_word' id='word_1_48' title='bbox 569 727 665 787; x_wconf 87' lang='lat' dir='ltr'><strong>delct=</strong></span> <span class='ocrx_word' id='word_1_49' title='bbox 680 728 726 787; x_wconf 90' lang='lat' dir='ltr'><strong>sic</strong></span> <span class='ocrx_word' id='word_1_50' title='bbox 739 728 818 787; x_wconf 79' lang='lat' dir='ltr'><strong>enim</strong></span> <span class='ocrx_word' id='word_1_51' title='bbox 830 729 901 788; x_wconf 91' lang='lat' dir='ltr'><strong>vitia</strong></span> <span class='ocrx_word' id='word_1_52' title='bbox 918 730 1077 791; x_wconf 89' lang='lat' dir='ltr'><strong>virtutibus</strong></span> 
     </span>
     <span class='ocr_line' id='line_1_7' title="bbox 94 811 1120 889; baseline -0.001 -16"><span class='ocrx_word' id='word_1_53' title='bbox 94 814 219 873; x_wconf 85' lang='lat' dir='ltr'><strong>inmixta</strong></span> <span class='ocrx_word' id='word_1_54' title='bbox 240 820 325 886; x_wconf 91' lang='lat' dir='ltr'><strong>sunt,</strong></span> <span class='ocrx_word' id='word_1_55' title='bbox 345 819 379 871; x_wconf 89' lang='lat' dir='ltr'><strong>ut</strong></span> <span class='ocrx_word' id='word_1_56' title='bbox 398 811 465 871; x_wconf 92' lang='lat' dir='ltr'><strong>illas</strong></span> <span class='ocrx_word' id='word_1_57' title='bbox 487 826 593 871; x_wconf 91' lang='lat' dir='ltr'><strong>secum</strong></span> <span class='ocrx_word' id='word_1_58' title='bbox 613 818 745 871; x_wconf 89' lang='lat' dir='ltr'><strong>tractura</strong></span> <span class='ocrx_word' id='word_1_59' title='bbox 761 812 830 871; x_wconf 87' lang='lat' dir='ltr'><strong>sint.</strong></span> <span class='ocrx_word' id='word_1_60' title='bbox 874 811 972 872; x_wconf 88' lang='lat' dir='ltr'><strong>Adice</strong></span> <span class='ocrx_word' id='word_1_61' title='bbox 987 831 1076 889; x_wconf 91' lang='lat' dir='ltr'><strong>nunc,</strong></span> <span class='ocrx_word' id='word_1_62' title='bbox 1089 817 1120 872; x_wconf 75' lang='lat' dir='ltr'><strong>ta</strong></span> 
     </span>
     <span class='ocr_line' id='line_1_8' title="bbox 95 893 1077 972; baseline 0.003 -16"><span class='ocrx_word' id='word_1_63' title='bbox 95 897 179 972; x_wconf 89' lang='lat' dir='ltr'><strong>quod</strong></span> <span class='ocrx_word' id='word_1_64' title='bbox 197 897 293 956; x_wconf 89' lang='lat' dir='ltr'><strong>oratio</strong></span> <span class='ocrx_word' id='word_1_65' title='bbox 310 903 423 955; x_wconf 88' lang='lat' dir='ltr'><strong>certam</strong></span> <span class='ocrx_word' id='word_1_66' title='bbox 436 897 571 969; x_wconf 88' lang='lat' dir='ltr'><strong>regulam</strong></span> <span class='ocrx_word' id='word_1_67' title='bbox 586 910 646 954; x_wconf 90' lang='lat' dir='ltr'><strong>non</strong></span> <span class='ocrx_word' id='word_1_68' title='bbox 662 893 769 955; x_wconf 87' lang='lat' dir='ltr'><strong>habet:</strong></span> <span class='ocrx_word' id='word_1_69' title='bbox 792 897 983 957; x_wconf 87' lang='lat' dir='ltr'><strong>consuetudo</strong></span> <span class='ocrx_word' id='word_1_70' title='bbox 995 898 1077 958; x_wconf 90' lang='lat' dir='ltr'><strong>illam</strong></span> 
     </span>
    </p>
   </div>
   <div class='ocr_carea' id='block_1_3' title="bbox 91 979 1176 3575">
    <p class='ocr_par' dir='ltr' id='par_1_3' title="bbox 91 979 1176 3575">
     <span class='ocr_line' id='line_1_9' title="bbox 94 979 1076 1054; baseline 0.002 -14"><span class='ocrx_word' id='word_1_71' title='bbox 94 981 233 1054; x_wconf 89' lang='lat' dir='ltr'><strong>civitatis,</strong></span> <span class='ocrx_word' id='word_1_72' title='bbox 253 996 332 1054; x_wconf 88' lang='lat' dir='ltr'><strong>quae</strong></span> <span class='ocrx_word' id='word_1_73' title='bbox 347 995 514 1053; x_wconf 82' lang='lat' dir='ltr'>numquam</span> <span class='ocrx_word' id='word_1_74' title='bbox 529 979 558 1037; x_wconf 90' lang='lat' dir='ltr'><strong>in</strong></span> <span class='ocrx_word' id='word_1_75' title='bbox 573 979 682 1039; x_wconf 85' lang='lat' dir='ltr'><strong>eodem</strong></span> <span class='ocrx_word' id='word_1_76' title='bbox 694 979 746 1039; x_wconf 91' lang='lat' dir='ltr'><strong>diu</strong></span> <span class='ocrx_word' id='word_1_77' title='bbox 758 980 847 1053; x_wconf 89' lang='lat' dir='ltr'><strong>stetit,</strong></span> <span class='ocrx_word' id='word_1_78' title='bbox 860 988 978 1041; x_wconf 71' lang='lat' dir='ltr'><strong>versate</strong></span> <span class='ocrx_word' id='word_1_79' title='bbox 993 983 1076 1043; x_wconf 93' lang='lat' dir='ltr'><strong>multi</strong></span> 
     </span>
     <span class='ocr_line' id='line_1_10' title="bbox 94 1062 1075 1140; baseline 0.001 -16"><span class='ocrx_word' id='word_1_80' title='bbox 94 1080 133 1124; x_wconf 87' lang='lat' dir='ltr'><strong>ex</strong></span> <span class='ocrx_word' id='word_1_81' title='bbox 149 1065 248 1124; x_wconf 88' lang='lat' dir='ltr'><strong>alieno</strong></span> <span class='ocrx_word' id='word_1_82' title='bbox 265 1066 370 1124; x_wconf 88' lang='lat' dir='ltr'><strong>seculo</strong></span> <span class='ocrx_word' id='word_1_83' title='bbox 387 1070 492 1138; x_wconf 90' lang='lat' dir='ltr'><strong>petunt</strong></span> <span class='ocrx_word' id='word_1_84' title='bbox 507 1063 614 1121; x_wconf 78' lang='lat' dir='ltr'><strong>verba:</strong></span> <span class='ocrx_word' id='word_1_85' title='bbox 636 1062 799 1122; x_wconf 79' lang='lat' dir='ltr'><strong>duodecim</strong></span> <span class='ocrx_word' id='word_1_86' title='bbox 814 1064 934 1124; x_wconf 88' lang='lat' dir='ltr'><strong>tabulas</strong></span> <span class='ocrx_word' id='word_1_87' title='bbox 946 1066 1075 1140; x_wconf 92' lang='lat' dir='ltr'><strong>loquun-</strong></span> 
     </span>
     <span class='ocr_line' id='line_1_11' title="bbox 94 1145 1076 1210; baseline 0.001 -1"><span class='ocrx_word' id='word_1_88' title='bbox 94 1157 151 1209; x_wconf 91' lang='lat' dir='ltr'><strong>tur.</strong></span> <span class='ocrx_word' id='word_1_89' title='bbox 196 1148 352 1208; x_wconf 81' lang='lat' dir='ltr'><strong>Gracchus</strong></span> <span class='ocrx_word' id='word_1_90' title='bbox 370 1147 428 1206; x_wconf 91' lang='lat' dir='ltr'><strong>illis</strong></span> <span class='ocrx_word' id='word_1_91' title='bbox 450 1153 479 1205; x_wconf 91' lang='lat' dir='ltr'><strong>et</strong></span> <span class='ocrx_word' id='word_1_92' title='bbox 496 1145 627 1207; x_wconf 80' lang='lat' dir='ltr'><strong>Crassus</strong></span> <span class='ocrx_word' id='word_1_93' title='bbox 640 1154 670 1206; x_wconf 89' lang='lat' dir='ltr'><strong>at</strong></span> <span class='ocrx_word' id='word_1_94' title='bbox 685 1145 774 1206; x_wconf 82' lang='lat' dir='ltr'><strong>Curio</strong></span> <span class='ocrx_word' id='word_1_95' title='bbox 790 1145 879 1207; x_wconf 89' lang='lat' dir='ltr'><strong>nimis</strong></span> <span class='ocrx_word' id='word_1_96' title='bbox 897 1148 968 1209; x_wconf 90' lang='lat' dir='ltr'><strong>culti</strong></span> <span class='ocrx_word' id='word_1_97' title='bbox 983 1157 1013 1209; x_wconf 88' lang='lat' dir='ltr'><strong>et</strong></span> <span class='ocrx_word' id='word_1_98' title='bbox 1029 1167 1076 1210; x_wconf 90' lang='lat' dir='ltr'><strong>re-</strong></span> 
     </span>
     <span class='ocr_line' id='line_1_12' title="bbox 94 1229 1075 1304; baseline -0.003 -12"><span class='ocrx_word' id='word_1_99' title='bbox 94 1238 199 1292; x_wconf 85' lang='lat' dir='ltr'><strong>centes</strong></span> <span class='ocrx_word' id='word_1_100' title='bbox 212 1239 290 1304; x_wconf 91' lang='lat' dir='ltr'><strong>sunt,</strong></span> <span class='ocrx_word' id='word_1_101' title='bbox 299 1231 339 1289; x_wconf 87' lang='lat' dir='ltr'><strong>ad</strong></span> <span class='ocrx_word' id='word_1_102' title='bbox 351 1231 486 1304; x_wconf 85' lang='lat' dir='ltr'><strong>Appium</strong></span> <span class='ocrx_word' id='word_1_103' title='bbox 497 1245 599 1304; x_wconf 89' lang='lat' dir='ltr'><strong>usque</strong></span> <span class='ocrx_word' id='word_1_104' title='bbox 611 1238 640 1290; x_wconf 91' lang='lat' dir='ltr'><strong>et</strong></span> <span class='ocrx_word' id='word_1_105' title='bbox 651 1229 691 1288; x_wconf 90' lang='lat' dir='ltr'><strong>ad</strong></span> <span class='ocrx_word' id='word_1_106' title='bbox 699 1229 921 1291; x_wconf 83' lang='lat' dir='ltr'><strong>Coruncanium</strong></span> <span class='ocrx_word' id='word_1_107' title='bbox 933 1233 1075 1294; x_wconf 79' lang='lat' dir='ltr'><strong>redeunt:</strong></span> 
     </span>
     <span class='ocr_line' id='line_1_13' title="bbox 94 1312 1103 1391; baseline 0.002 -17"><span class='ocrx_word' id='word_1_108' title='bbox 94 1316 219 1391; x_wconf 93' lang='lat' dir='ltr'><strong>quidam</strong></span> <span class='ocrx_word' id='word_1_109' title='bbox 240 1321 361 1386; x_wconf 83' lang='lat' dir='ltr'><strong>contra,</strong></span> <span class='ocrx_word' id='word_1_110' title='bbox 385 1315 457 1374; x_wconf 91' lang='lat' dir='ltr'><strong>dum</strong></span> <span class='ocrx_word' id='word_1_111' title='bbox 478 1312 553 1373; x_wconf 91' lang='lat' dir='ltr'><strong>nihil</strong></span> <span class='ocrx_word' id='word_1_112' title='bbox 568 1314 627 1373; x_wconf 91' lang='lat' dir='ltr'><strong>nisi</strong></span> <span class='ocrx_word' id='word_1_113' title='bbox 643 1313 743 1374; x_wconf 89' lang='lat' dir='ltr'><strong>tritum</strong></span> <span class='ocrx_word' id='word_1_114' title='bbox 758 1321 788 1373; x_wconf 89' lang='lat' dir='ltr'><strong>et</strong></span> <span class='ocrx_word' id='word_1_115' title='bbox 802 1316 943 1375; x_wconf 86' lang='lat' dir='ltr'><strong>usitatum</strong></span> <span class='ocrx_word' id='word_1_116' title='bbox 958 1318 1074 1390; x_wconf 89' lang='lat' dir='ltr'><strong>volunt,</strong></span> <span class='ocrx_word' id='word_1_117' title='bbox 1095 1356 1103 1367; x_wconf 71' lang='lat'><strong>,</strong></span> 
     </span>
     <span class='ocr_line' id='line_1_14' title="bbox 94 1396 1119 1475; baseline -0.003 -17"><span class='ocrx_word' id='word_1_118' title='bbox 94 1401 123 1458; x_wconf 93' lang='lat' dir='ltr'><strong>in</strong></span> <span class='ocrx_word' id='word_1_119' title='bbox 139 1399 250 1459; x_wconf 87' lang='lat' dir='ltr'><strong>sordes</strong></span> <span class='ocrx_word' id='word_1_120' title='bbox 266 1399 411 1459; x_wconf 91' lang='lat' dir='ltr'><strong>incidunt.</strong></span> <span class='ocrx_word' id='word_1_121' title='bbox 447 1398 617 1472; x_wconf 90' lang='lat' dir='ltr'><strong>Utrumque</strong></span> <span class='ocrx_word' id='word_1_122' title='bbox 631 1396 755 1457; x_wconf 90' lang='lat' dir='ltr'><strong>diverso</strong></span> <span class='ocrx_word' id='word_1_123' title='bbox 770 1413 884 1471; x_wconf 87' lang='lat' dir='ltr'><strong>genere</strong></span> <span class='ocrx_word' id='word_1_124' title='bbox 900 1408 1076 1475; x_wconf 92' lang='lat' dir='ltr'><strong>corruptum</strong></span> <span class='ocrx_word' id='word_1_125' title='bbox 1086 1403 1119 1456; x_wconf 80' lang='lat' dir='ltr'><strong>tl</strong></span> 
     </span>
     <span class='ocr_line' id='line_1_15' title="bbox 93 1479 1176 1557; baseline 0.003 -15"><span class='ocrx_word' id='word_1_126' title='bbox 93 1491 149 1556; x_wconf 89' lang='lat' dir='ltr'><strong>est,</strong></span> <span class='ocrx_word' id='word_1_127' title='bbox 167 1491 225 1542; x_wconf 91' lang='lat' dir='ltr'><strong>tam</strong></span> <span class='ocrx_word' id='word_1_128' title='bbox 243 1484 434 1543; x_wconf 81' lang='lat' dir='ltr'><strong>mehercules</strong></span> <span class='ocrx_word' id='word_1_129' title='bbox 451 1497 541 1557; x_wconf 89' lang='lat' dir='ltr'><strong>quarn</strong></span> <span class='ocrx_word' id='word_1_130' title='bbox 558 1482 639 1541; x_wconf 91' lang='lat' dir='ltr'><strong>nolle</strong></span> <span class='ocrx_word' id='word_1_131' title='bbox 655 1479 714 1541; x_wconf 88' lang='lat' dir='ltr'><strong>nisi</strong></span> <span class='ocrx_word' id='word_1_132' title='bbox 729 1481 901 1555; x_wconf 84' lang='lat' dir='ltr'><strong>splendidis</strong></span> <span class='ocrx_word' id='word_1_133' title='bbox 916 1482 959 1541; x_wconf 92' lang='lat' dir='ltr'><strong>uti</strong></span> <span class='ocrx_word' id='word_1_134' title='bbox 975 1499 1010 1542; x_wconf 89' lang='lat' dir='ltr'><strong>ac</strong></span> <span class='ocrx_word' id='word_1_135' title='bbox 1026 1501 1076 1545; x_wconf 90' lang='lat' dir='ltr'><strong>so·</strong></span> <span class='ocrx_word' id='word_1_136' title='bbox 1173 1504 1176 1510; x_wconf 89' lang='lat'>·</span> 
     </span>
     <span class='ocr_line' id='line_1_16' title="bbox 93 1563 1075 1641; baseline 0.001 -16"><span class='ocrx_word' id='word_1_137' title='bbox 93 1567 235 1628; x_wconf 77' lang='lat' dir='ltr'><strong>nantibus</strong></span> <span class='ocrx_word' id='word_1_138' title='bbox 251 1574 280 1626; x_wconf 91' lang='lat' dir='ltr'><strong>et</strong></span> <span class='ocrx_word' id='word_1_139' title='bbox 296 1563 624 1641; x_wconf 86' lang='lat' dir='ltr'><strong>poeticis‚&#39;necessaria</strong></span> <span class='ocrx_word' id='word_1_140' title='bbox 635 1571 728 1639; x_wconf 88' lang='lat' dir='ltr'><strong>atque</strong></span> <span class='ocrx_word' id='word_1_141' title='bbox 744 1565 773 1623; x_wconf 90' lang='lat' dir='ltr'><strong>in</strong></span> <span class='ocrx_word' id='word_1_142' title='bbox 786 1580 845 1623; x_wconf 92' lang='lat' dir='ltr'><strong>usu</strong></span> <span class='ocrx_word' id='word_1_143' title='bbox 857 1566 958 1638; x_wconf 92' lang='lat' dir='ltr'><strong>posita</strong></span> <span class='ocrx_word' id='word_1_144' title='bbox 970 1567 1075 1626; x_wconf 88' lang='lat' dir='ltr'><strong>vitare.</strong></span> 
     </span>
     <span class='ocr_line' id='line_1_17' title="bbox 93 1648 1075 1724; baseline 0 -14"><span class='ocrx_word' id='word_1_145' title='bbox 93 1658 153 1710; x_wconf 88' lang='lat' dir='ltr'><strong>tam</strong></span> <span class='ocrx_word' id='word_1_146' title='bbox 169 1650 250 1710; x_wconf 87' lang='lat' dir='ltr'><strong>hunc</strong></span> <span class='ocrx_word' id='word_1_147' title='bbox 266 1650 366 1710; x_wconf 90' lang='lat' dir='ltr'><strong>dicam</strong></span> <span class='ocrx_word' id='word_1_148' title='bbox 382 1664 512 1724; x_wconf 86' lang='lat' dir='ltr'><strong>paccare</strong></span> <span class='ocrx_word' id='word_1_149' title='bbox 533 1664 623 1724; x_wconf 90' lang='lat' dir='ltr'><strong>quam</strong></span> <span class='ocrx_word' id='word_1_150' title='bbox 646 1649 744 1707; x_wconf 79' lang='lat' dir='ltr'><strong>illurn:</strong></span> <span class='ocrx_word' id='word_1_151' title='bbox 760 1648 844 1707; x_wconf 55' lang='lat' dir='ltr'><strong>‘alter</strong></span> <span class='ocrx_word' id='word_1_152' title='bbox 859 1664 894 1707; x_wconf 92' lang='lat' dir='ltr'><strong>se</strong></span> <span class='ocrx_word' id='word_1_153' title='bbox 909 1650 979 1723; x_wconf 91' lang='lat' dir='ltr'><strong>plus</strong></span> <span class='ocrx_word' id='word_1_154' title='bbox 995 1650 1075 1710; x_wconf 92' lang='lat' dir='ltr'><strong>iusto</strong></span> 
     </span>
     <span class='ocr_line' id='line_1_18' title="bbox 94 1731 1075 1809; baseline 0.003 -17"><span class='ocrx_word' id='word_1_155' title='bbox 94 1736 179 1807; x_wconf 89' lang='lat' dir='ltr'><strong>colit,</strong></span> <span class='ocrx_word' id='word_1_156' title='bbox 202 1736 278 1795; x_wconf 90' lang='lat' dir='ltr'><strong>alter</strong></span> <span class='ocrx_word' id='word_1_157' title='bbox 301 1735 369 1809; x_wconf 93' lang='lat' dir='ltr'><strong>plus</strong></span> <span class='ocrx_word' id='word_1_158' title='bbox 390 1735 471 1794; x_wconf 90' lang='lat' dir='ltr'><strong>iusto</strong></span> <span class='ocrx_word' id='word_1_159' title='bbox 486 1733 628 1806; x_wconf 83' lang='lat' dir='ltr'><strong>neglegit.</strong></span> <span class='ocrx_word' id='word_1_160' title='bbox 657 1732 707 1791; x_wconf 88' lang='lat' dir='ltr'><strong>ille</strong></span> <span class='ocrx_word' id='word_1_161' title='bbox 724 1739 753 1790; x_wconf 91' lang='lat' dir='ltr'><strong>et</strong></span> <span class='ocrx_word' id='word_1_162' title='bbox 768 1747 871 1804; x_wconf 89' lang='lat' dir='ltr'><strong>crura,</strong></span> <span class='ocrx_word' id='word_1_163' title='bbox 894 1731 942 1792; x_wconf 91' lang='lat' dir='ltr'><strong>hic</strong></span> <span class='ocrx_word' id='word_1_164' title='bbox 957 1749 996 1792; x_wconf 90' lang='lat' dir='ltr'><strong>ne</strong></span> <span class='ocrx_word' id='word_1_165' title='bbox 1010 1736 1075 1795; x_wconf 91' lang='lat' dir='ltr'><strong>alas</strong></span> 
     </span>
     <span class='ocr_line' id='line_1_19' title="bbox 94 1816 1117 1892; baseline -0.008 -14"><span class='ocrx_word' id='word_1_166' title='bbox 94 1818 216 1891; x_wconf 91' lang='lat' dir='ltr'><strong>quidem</strong></span> <span class='ocrx_word' id='word_1_167' title='bbox 234 1818 326 1878; x_wconf 89' lang='lat' dir='ltr'><strong>vellit.</strong></span> <span class='ocrx_word' id='word_1_168' title='bbox 370 1818 420 1877; x_wconf 84' lang='lat' dir='ltr'><strong>Ad</strong></span> <span class='ocrx_word' id='word_1_169' title='bbox 442 1816 686 1892; x_wconf 83' lang='lat' dir='ltr'><strong>conpositionem</strong></span> <span class='ocrx_word' id='word_1_170' title='bbox 701 1822 908 1875; x_wconf 87' lang='lat' dir='ltr'><strong>transeamus:</strong></span> <span class='ocrx_word' id='word_1_171' title='bbox 931 1825 1007 1891; x_wconf 91' lang='lat' dir='ltr'><strong>quot</strong></span> <span class='ocrx_word' id='word_1_172' title='bbox 1023 1819 1117 1892; x_wconf 73' lang='lat' dir='ltr'><strong>gala</strong></span> 
     </span>
     <span class='ocr_line' id='line_1_20' title="bbox 93 1897 1075 1976; baseline 0.002 -17"><span class='ocrx_word' id='word_1_173' title='bbox 93 1917 167 1960; x_wconf 87' lang='lat' dir='ltr'><strong>nera</strong></span> <span class='ocrx_word' id='word_1_174' title='bbox 183 1901 233 1961; x_wconf 90' lang='lat' dir='ltr'><strong>tibi</strong></span> <span class='ocrx_word' id='word_1_175' title='bbox 250 1903 279 1960; x_wconf 89' lang='lat' dir='ltr'><strong>in</strong></span> <span class='ocrx_word' id='word_1_176' title='bbox 297 1902 355 1962; x_wconf 89' lang='lat' dir='ltr'><strong>hac</strong></span> <span class='ocrx_word' id='word_1_177' title='bbox 370 1901 463 1974; x_wconf 89' lang='lat' dir='ltr'><strong>dabo,</strong></span> <span class='ocrx_word' id='word_1_178' title='bbox 486 1901 597 1976; x_wconf 90' lang='lat' dir='ltr'><strong>quibus</strong></span> <span class='ocrx_word' id='word_1_179' title='bbox 615 1906 778 1974; x_wconf 78' lang='lat' dir='ltr'><strong>peccatura</strong></span> <span class='ocrx_word' id='word_1_180' title='bbox 801 1897 925 1973; x_wconf 90' lang='lat' dir='ltr'><strong>quidam</strong></span> <span class='ocrx_word' id='word_1_181' title='bbox 941 1903 1075 1974; x_wconf 85' lang='lat' dir='ltr'><strong>praetra-</strong></span> 
     </span>
     <span class='ocr_line' id='line_1_21' title="bbox 93 1983 1075 2060; baseline 0 -16"><span class='ocrx_word' id='word_1_182' title='bbox 93 1991 171 2044; x_wconf 90' lang='lat' dir='ltr'><strong>ctam</strong></span> <span class='ocrx_word' id='word_1_183' title='bbox 187 1993 217 2045; x_wconf 90' lang='lat' dir='ltr'><strong>at</strong></span> <span class='ocrx_word' id='word_1_184' title='bbox 231 2001 372 2060; x_wconf 83' lang='lat' dir='ltr'><strong>asperam</strong></span> <span class='ocrx_word' id='word_1_185' title='bbox 389 1986 528 2060; x_wconf 87' lang='lat' dir='ltr'><strong>probant.</strong></span> <span class='ocrx_word' id='word_1_186' title='bbox 550 1984 720 2045; x_wconf 88' lang='lat' dir='ltr'><strong>disturbant</strong></span> <span class='ocrx_word' id='word_1_187' title='bbox 734 1985 773 2043; x_wconf 90' lang='lat' dir='ltr'><strong>de</strong></span> <span class='ocrx_word' id='word_1_188' title='bbox 789 1983 945 2058; x_wconf 88' lang='lat' dir='ltr'><strong>industria,</strong></span> <span class='ocrx_word' id='word_1_189' title='bbox 962 1983 989 2045; x_wconf 91' lang='lat' dir='ltr'><strong>si</strong></span> <span class='ocrx_word' id='word_1_190' title='bbox 1002 1985 1075 2059; x_wconf 89' lang='lat' dir='ltr'><strong>quid</strong></span> 
     </span>
     <span class='ocr_line' id='line_1_22' title="bbox 92 2068 1074 2144; baseline -0.001 -17"><span class='ocrx_word' id='word_1_191' title='bbox 92 2069 245 2144; x_wconf 86' lang='lat' dir='ltr'><strong>placidius</strong></span> <span class='ocrx_word' id='word_1_192' title='bbox 272 2069 400 2130; x_wconf 89' lang='lat' dir='ltr'><strong>eliluxit.</strong></span> <span class='ocrx_word' id='word_1_193' title='bbox 433 2072 539 2130; x_wconf 89' lang='lat' dir='ltr'><strong>nolunt</strong></span> <span class='ocrx_word' id='word_1_194' title='bbox 566 2068 633 2129; x_wconf 89' lang='lat' dir='ltr'><strong>sine</strong></span> <span class='ocrx_word' id='word_1_195' title='bbox 656 2069 775 2128; x_wconf 90' lang='lat' dir='ltr'><strong>salebra</strong></span> <span class='ocrx_word' id='word_1_196' title='bbox 797 2083 868 2127; x_wconf 87' lang='lat' dir='ltr'><strong>esse</strong></span> <span class='ocrx_word' id='word_1_197' title='bbox 894 2069 1074 2128; x_wconf 90' lang='lat' dir='ltr'><strong>iuncturam.</strong></span> 
     </span>
     <span class='ocr_line' id='line_1_23' title="bbox 91 2151 1074 2229; baseline 0.001 -19"><span class='ocrx_word' id='word_1_198' title='bbox 91 2153 208 2212; x_wconf 89' lang='lat' dir='ltr'><strong>virilem</strong></span> <span class='ocrx_word' id='word_1_199' title='bbox 231 2162 337 2229; x_wconf 92' lang='lat' dir='ltr'><strong>putant</strong></span> <span class='ocrx_word' id='word_1_200' title='bbox 357 2163 387 2215; x_wconf 92' lang='lat' dir='ltr'><strong>et</strong></span> <span class='ocrx_word' id='word_1_201' title='bbox 408 2155 530 2228; x_wconf 80' lang='lat' dir='ltr'><strong>sortem,</strong></span> <span class='ocrx_word' id='word_1_202' title='bbox 556 2168 636 2228; x_wconf 90' lang='lat' dir='ltr'><strong>quae</strong></span> <span class='ocrx_word' id='word_1_203' title='bbox 651 2169 756 2213; x_wconf 85' lang='lat' dir='ltr'><strong>aurem</strong></span> <span class='ocrx_word' id='word_1_204' title='bbox 773 2151 988 2227; x_wconf 88' lang='lat' dir='ltr'><strong>inaequalitate</strong></span> <span class='ocrx_word' id='word_1_205' title='bbox 1006 2168 1074 2227; x_wconf 92' lang='lat' dir='ltr'><strong>per-</strong></span> 
     </span>
     <span class='ocr_line' id='line_1_24' title="bbox 93 2237 1074 2313; baseline 0.002 -17"><span class='ocrx_word' id='word_1_206' title='bbox 93 2238 194 2297; x_wconf 87' lang='lat' dir='ltr'><strong>cutiat.</strong></span> <span class='ocrx_word' id='word_1_207' title='bbox 224 2239 426 2313; x_wconf 88' lang='lat' dir='ltr'><strong>quorumdam</strong></span> <span class='ocrx_word' id='word_1_208' title='bbox 448 2256 509 2299; x_wconf 90' lang='lat' dir='ltr'><strong>non</strong></span> <span class='ocrx_word' id='word_1_209' title='bbox 532 2245 580 2299; x_wconf 91' lang='lat' dir='ltr'><strong>est</strong></span> <span class='ocrx_word' id='word_1_210' title='bbox 605 2237 793 2312; x_wconf 89' lang='lat' dir='ltr'><strong>conpositio,</strong></span> <span class='ocrx_word' id='word_1_211' title='bbox 817 2237 984 2298; x_wconf 92' lang='lat' dir='ltr'><strong>modulatio</strong></span> <span class='ocrx_word' id='word_1_212' title='bbox 1011 2245 1074 2298; x_wconf 80' lang='lat' dir='ltr'><strong>est:</strong></span> 
     </span>
     <span class='ocr_line' id='line_1_25' title="bbox 92 2316 1119 2395; baseline 0.001 -17"><span class='ocrx_word' id='word_1_213' title='bbox 92 2321 171 2379; x_wconf 85' lang='lat' dir='ltr'><strong>adeo</strong></span> <span class='ocrx_word' id='word_1_214' title='bbox 195 2321 349 2381; x_wconf 90' lang='lat' dir='ltr'><strong>blanditur</strong></span> <span class='ocrx_word' id='word_1_215' title='bbox 371 2330 401 2381; x_wconf 87' lang='lat' dir='ltr'><strong>et</strong></span> <span class='ocrx_word' id='word_1_216' title='bbox 421 2323 551 2382; x_wconf 88' lang='lat' dir='ltr'><strong>molliter</strong></span> <span class='ocrx_word' id='word_1_217' title='bbox 571 2322 689 2382; x_wconf 89' lang='lat' dir='ltr'><strong>labitur.</strong></span> <span class='ocrx_word' id='word_1_218' title='bbox 735 2321 811 2395; x_wconf 81' lang='lat' dir='ltr'><strong>Quid</strong></span> <span class='ocrx_word' id='word_1_219' title='bbox 836 2321 875 2380; x_wconf 89' lang='lat' dir='ltr'><strong>de</strong></span> <span class='ocrx_word' id='word_1_220' title='bbox 890 2321 940 2380; x_wconf 90' lang='lat' dir='ltr'><strong>illa</strong></span> <span class='ocrx_word' id='word_1_221' title='bbox 955 2322 1075 2395; x_wconf 89' lang='lat' dir='ltr'><strong>loquar,</strong></span> <span class='ocrx_word' id='word_1_222' title='bbox 1084 2316 1119 2373; x_wconf 80' lang='lat'><strong>16</strong></span> 
     </span>
     <span class='ocr_line' id='line_1_26' title="bbox 94 2404 1074 2480; baseline 0.004 -20"><span class='ocrx_word' id='word_1_223' title='bbox 94 2404 122 2460; x_wconf 90' lang='lat' dir='ltr'><strong>in</strong></span> <span class='ocrx_word' id='word_1_224' title='bbox 142 2420 203 2476; x_wconf 84' lang='lat' dir='ltr'><strong>qua</strong></span> <span class='ocrx_word' id='word_1_225' title='bbox 221 2405 316 2464; x_wconf 87' lang='lat' dir='ltr'><strong>verba</strong></span> <span class='ocrx_word' id='word_1_226' title='bbox 329 2404 510 2465; x_wconf 81' lang='lat' dir='ltr'><strong>differuntur</strong></span> <span class='ocrx_word' id='word_1_227' title='bbox 525 2413 554 2465; x_wconf 89' lang='lat' dir='ltr'><strong>et</strong></span> <span class='ocrx_word' id='word_1_228' title='bbox 570 2405 619 2464; x_wconf 92' lang='lat' dir='ltr'><strong>diu</strong></span> <span class='ocrx_word' id='word_1_229' title='bbox 636 2411 814 2480; x_wconf 88' lang='lat' dir='ltr'><strong>exspectata</strong></span> <span class='ocrx_word' id='word_1_230' title='bbox 829 2405 880 2464; x_wconf 88' lang='lat' dir='ltr'><strong>vix</strong></span> <span class='ocrx_word' id='word_1_231' title='bbox 900 2405 939 2463; x_wconf 87' lang='lat' dir='ltr'><strong>ad</strong></span> <span class='ocrx_word' id='word_1_232' title='bbox 953 2406 1074 2464; x_wconf 88' lang='lat' dir='ltr'><strong>clausu-</strong></span> 
     </span>
     <span class='ocr_line' id='line_1_27' title="bbox 93 2485 1074 2561; baseline 0.005 -20"><span class='ocrx_word' id='word_1_233' title='bbox 93 2485 138 2544; x_wconf 88' lang='lat' dir='ltr'><strong>las</strong></span> <span class='ocrx_word' id='word_1_234' title='bbox 155 2486 305 2546; x_wconf 77' lang='lat' dir='ltr'><strong>redeunt?</strong></span> <span class='ocrx_word' id='word_1_235' title='bbox 328 2487 400 2560; x_wconf 89' lang='lat' dir='ltr'><strong>quid</strong></span> <span class='ocrx_word' id='word_1_236' title='bbox 417 2488 468 2547; x_wconf 91' lang='lat' dir='ltr'><strong>illa</strong></span> <span class='ocrx_word' id='word_1_237' title='bbox 482 2489 511 2547; x_wconf 92' lang='lat' dir='ltr'><strong>in</strong></span> <span class='ocrx_word' id='word_1_238' title='bbox 527 2486 611 2548; x_wconf 89' lang='lat' dir='ltr'><strong>exitu</strong></span> <span class='ocrx_word' id='word_1_239' title='bbox 625 2489 715 2561; x_wconf 89' lang='lat' dir='ltr'><strong>lenta,</strong></span> <span class='ocrx_word' id='word_1_240' title='bbox 732 2489 831 2561; x_wconf 92' lang='lat' dir='ltr'><strong>qualis</strong></span> <span class='ocrx_word' id='word_1_241' title='bbox 846 2487 1001 2547; x_wconf 85' lang='lat' dir='ltr'><strong>Ciceronis</strong></span> <span class='ocrx_word' id='word_1_242' title='bbox 1017 2495 1074 2560; x_wconf 91' lang='lat' dir='ltr'><strong>est,</strong></span> 
     </span>
     <span class='ocr_line' id='line_1_28' title="bbox 93 2569 1099 2645; baseline 0.001 -17"><span class='ocrx_word' id='word_1_243' title='bbox 93 2569 213 2628; x_wconf 89' lang='lat' dir='ltr'><strong>devexa</strong></span> <span class='ocrx_word' id='word_1_244' title='bbox 231 2577 261 2629; x_wconf 89' lang='lat' dir='ltr'><strong>et</strong></span> <span class='ocrx_word' id='word_1_245' title='bbox 275 2570 404 2629; x_wconf 91' lang='lat' dir='ltr'><strong>molliter</strong></span> <span class='ocrx_word' id='word_1_246' title='bbox 419 2570 559 2631; x_wconf 87' lang='lat' dir='ltr'><strong>detinens</strong></span> <span class='ocrx_word' id='word_1_247' title='bbox 574 2586 631 2630; x_wconf 88' lang='lat' dir='ltr'><strong>nec</strong></span> <span class='ocrx_word' id='word_1_248' title='bbox 645 2572 733 2630; x_wconf 89' lang='lat' dir='ltr'><strong>aliter</strong></span> <span class='ocrx_word' id='word_1_249' title='bbox 747 2586 837 2645; x_wconf 92' lang='lat' dir='ltr'><strong>quam</strong></span> <span class='ocrx_word' id='word_1_250' title='bbox 853 2573 939 2641; x_wconf 87' lang='lat' dir='ltr'><strong>solet,</strong></span> <span class='ocrx_word' id='word_1_251' title='bbox 955 2569 995 2627; x_wconf 92' lang='lat' dir='ltr'><strong>ad</strong></span> <span class='ocrx_word' id='word_1_252' title='bbox 1010 2585 1074 2629; x_wconf 92' lang='lat' dir='ltr'><strong>mo·</strong></span> <span class='ocrx_word' id='word_1_253' title='bbox 1091 2602 1099 2636; x_wconf 65' lang='lat'>1</span> 
     </span>
     <span class='ocr_line' id='line_1_29' title="bbox 92 2653 1074 2728; baseline 0 -16"><span class='ocrx_word' id='word_1_254' title='bbox 92 2669 156 2713; x_wconf 90' lang='lat' dir='ltr'><strong>rem</strong></span> <span class='ocrx_word' id='word_1_255' title='bbox 172 2669 260 2713; x_wconf 91' lang='lat' dir='ltr'><strong>suum</strong></span> <span class='ocrx_word' id='word_1_256' title='bbox 280 2653 452 2728; x_wconf 89' lang='lat' dir='ltr'><strong>pedemque</strong></span> <span class='ocrx_word' id='word_1_257' title='bbox 468 2654 684 2728; x_wconf 75' lang='lat' dir='ltr'><strong>respondens?</strong></span> <span class='ocrx_word' id='word_1_258' title='bbox 704 2653 771 2712; x_wconf 89' lang='lat' dir='ltr'><strong>Non</strong></span> <span class='ocrx_word' id='word_1_259' title='bbox 786 2660 901 2713; x_wconf 88' lang='lat' dir='ltr'><strong>tantum</strong></span> <span class='ocrx_word' id='word_1_260' title='bbox 917 2653 1074 2726; x_wconf 82' lang='lat' dir='ltr'><strong>ingerere</strong></span> 
     </span>
     <span class='ocr_line' id='line_1_30' title="bbox 92 2736 1073 2813; baseline 0 -16"><span class='ocrx_word' id='word_1_261' title='bbox 92 2736 312 2798; x_wconf 86' lang='lat' dir='ltr'><strong>sententiarum</strong></span> <span class='ocrx_word' id='word_1_262' title='bbox 328 2737 431 2797; x_wconf 90' lang='lat' dir='ltr'><strong>vitium</strong></span> <span class='ocrx_word' id='word_1_263' title='bbox 454 2745 514 2811; x_wconf 90' lang='lat' dir='ltr'><strong>est,</strong></span> <span class='ocrx_word' id='word_1_264' title='bbox 535 2738 562 2797; x_wconf 91' lang='lat' dir='ltr'><strong>si</strong></span> <span class='ocrx_word' id='word_1_265' title='bbox 583 2744 635 2798; x_wconf 91' lang='lat' dir='ltr'><strong>aut</strong></span> <span class='ocrx_word' id='word_1_266' title='bbox 655 2737 786 2813; x_wconf 87' lang='lat' dir='ltr'><strong>pusillae</strong></span> <span class='ocrx_word' id='word_1_267' title='bbox 803 2742 875 2797; x_wconf 92' lang='lat' dir='ltr'><strong>sunt</strong></span> <span class='ocrx_word' id='word_1_268' title='bbox 892 2744 922 2796; x_wconf 90' lang='lat' dir='ltr'><strong>et</strong></span> <span class='ocrx_word' id='word_1_269' title='bbox 939 2736 1073 2811; x_wconf 87' lang='lat' dir='ltr'><strong>pueriles</strong></span> 
     </span>
     <span class='ocr_line' id='line_1_31' title="bbox 92 2819 1075 2897; baseline 0.001 -17"><span class='ocrx_word' id='word_1_270' title='bbox 92 2830 144 2882; x_wconf 93' lang='lat' dir='ltr'><strong>aut</strong></span> <span class='ocrx_word' id='word_1_271' title='bbox 158 2822 308 2897; x_wconf 85' lang='lat' dir='ltr'><strong>inprobae</strong></span> <span class='ocrx_word' id='word_1_272' title='bbox 323 2830 353 2882; x_wconf 88' lang='lat' dir='ltr'><strong>et</strong></span> <span class='ocrx_word' id='word_1_273' title='bbox 370 2823 440 2896; x_wconf 91' lang='lat' dir='ltr'><strong>plus</strong></span> <span class='ocrx_word' id='word_1_274' title='bbox 456 2837 551 2882; x_wconf 90' lang='lat' dir='ltr'><strong>ansae</strong></span> <span class='ocrx_word' id='word_1_275' title='bbox 568 2837 659 2895; x_wconf 91' lang='lat' dir='ltr'><strong>quam</strong></span> <span class='ocrx_word' id='word_1_276' title='bbox 673 2822 793 2896; x_wconf 91' lang='lat' dir='ltr'><strong>pudore</strong></span> <span class='ocrx_word' id='word_1_277' title='bbox 807 2823 893 2881; x_wconf 91' lang='lat' dir='ltr'><strong>salvo</strong></span> <span class='ocrx_word' id='word_1_278' title='bbox 911 2819 994 2881; x_wconf 81' lang='lat' dir='ltr'><strong>licet=</strong></span> <span class='ocrx_word' id='word_1_279' title='bbox 1017 2821 1075 2881; x_wconf 90' lang='lat' dir='ltr'><strong>sed</strong></span> 
     </span>
     <span class='ocr_line' id='line_1_32' title="bbox 93 2905 1075 2979; baseline 0 -14"><span class='ocrx_word' id='word_1_280' title='bbox 93 2905 119 2965; x_wconf 91' lang='lat' dir='ltr'><strong>si</strong></span> <span class='ocrx_word' id='word_1_281' title='bbox 135 2905 264 2966; x_wconf 88' lang='lat' dir='ltr'><strong>floridae</strong></span> <span class='ocrx_word' id='word_1_282' title='bbox 282 2913 397 2967; x_wconf 88' lang='lat' dir='ltr'><strong>suntet</strong></span> <span class='ocrx_word' id='word_1_283' title='bbox 418 2906 507 2966; x_wconf 88' lang='lat' dir='ltr'><strong>nimis</strong></span> <span class='ocrx_word' id='word_1_284' title='bbox 528 2907 648 2979; x_wconf 88' lang='lat' dir='ltr'><strong>dulces,</strong></span> <span class='ocrx_word' id='word_1_285' title='bbox 676 2905 702 2965; x_wconf 92' lang='lat' dir='ltr'><strong>si</strong></span> <span class='ocrx_word' id='word_1_286' title='bbox 729 2905 758 2964; x_wconf 94' lang='lat' dir='ltr'><strong>in</strong></span> <span class='ocrx_word' id='word_1_287' title='bbox 780 2921 889 2965; x_wconf 87' lang='lat' dir='ltr'><strong>vanum</strong></span> <span class='ocrx_word' id='word_1_288' title='bbox 912 2911 1026 2965; x_wconf 90' lang='lat' dir='ltr'><strong>exeunt</strong></span> <span class='ocrx_word' id='word_1_289' title='bbox 1044 2911 1075 2965; x_wconf 90' lang='lat' dir='ltr'><strong>et</strong></span> 
     </span>
     <span class='ocr_line' id='line_1_33' title="bbox 94 2988 1118 3066; baseline -0.002 -17"><span class='ocrx_word' id='word_1_290' title='bbox 94 2992 159 3049; x_wconf 90' lang='lat' dir='ltr'><strong>sine</strong></span> <span class='ocrx_word' id='word_1_291' title='bbox 175 2990 286 3051; x_wconf 85' lang='lat' dir='ltr'><strong>ellectu</strong></span> <span class='ocrx_word' id='word_1_292' title='bbox 302 2988 375 3050; x_wconf 92' lang='lat' dir='ltr'><strong>nihil</strong></span> <span class='ocrx_word' id='word_1_293' title='bbox 389 2991 520 3065; x_wconf 90' lang='lat' dir='ltr'><strong>amplius</strong></span> <span class='ocrx_word' id='word_1_294' title='bbox 537 3006 628 3066; x_wconf 88' lang='lat' dir='ltr'><strong>quam</strong></span> <span class='ocrx_word' id='word_1_295' title='bbox 642 2997 762 3051; x_wconf 89' lang='lat' dir='ltr'><strong>sonant.</strong></span> <span class='ocrx_word' id='word_1_296' title='bbox 806 2989 890 3050; x_wconf 89' lang='lat' dir='ltr'><strong>Haec</strong></span> <span class='ocrx_word' id='word_1_297' title='bbox 906 2989 977 3050; x_wconf 88' lang='lat' dir='ltr'><strong>vitia</strong></span> <span class='ocrx_word' id='word_1_298' title='bbox 994 3006 1074 3050; x_wconf 92' lang='lat' dir='ltr'><strong>unus</strong></span> <span class='ocrx_word' id='word_1_299' title='bbox 1084 2989 1118 3047; x_wconf 83' lang='lat' dir='ltr'><strong>l&#39;l</strong></span> 
     </span>
     <span class='ocr_line' id='line_1_34' title="bbox 93 3072 1074 3150; baseline 0 -17"><span class='ocrx_word' id='word_1_300' title='bbox 93 3074 203 3149; x_wconf 89' lang='lat' dir='ltr'><strong>aliquis</strong></span> <span class='ocrx_word' id='word_1_301' title='bbox 220 3074 349 3146; x_wconf 90' lang='lat' dir='ltr'><strong>inducit,</strong></span> <span class='ocrx_word' id='word_1_302' title='bbox 374 3075 432 3135; x_wconf 90' lang='lat' dir='ltr'><strong>sub</strong></span> <span class='ocrx_word' id='word_1_303' title='bbox 453 3091 514 3150; x_wconf 91' lang='lat' dir='ltr'><strong>quo</strong></span> <span class='ocrx_word' id='word_1_304' title='bbox 535 3082 606 3135; x_wconf 90' lang='lat' dir='ltr'><strong>tunc</strong></span> <span class='ocrx_word' id='word_1_305' title='bbox 627 3075 802 3150; x_wconf 89' lang='lat' dir='ltr'><strong>eloquentia</strong></span> <span class='ocrx_word' id='word_1_306' title='bbox 816 3083 878 3134; x_wconf 84' lang='lat' dir='ltr'><strong>est:</strong></span> <span class='ocrx_word' id='word_1_307' title='bbox 903 3072 995 3134; x_wconf 87' lang='lat' dir='ltr'><strong>ceteri</strong></span> <span class='ocrx_word' id='word_1_308' title='bbox 1010 3073 1074 3133; x_wconf 92' lang='lat' dir='ltr'><strong>imi-</strong></span> 
     </span>
     <span class='ocr_line' id='line_1_35' title="bbox 91 3157 1073 3233; baseline 0 -15"><span class='ocrx_word' id='word_1_309' title='bbox 91 3167 193 3218; x_wconf 90' lang='lat' dir='ltr'><strong>tantur</strong></span> <span class='ocrx_word' id='word_1_310' title='bbox 214 3165 243 3217; x_wconf 89' lang='lat' dir='ltr'><strong>et</strong></span> <span class='ocrx_word' id='word_1_311' title='bbox 262 3159 338 3218; x_wconf 89' lang='lat' dir='ltr'><strong>alter</strong></span> <span class='ocrx_word' id='word_1_312' title='bbox 359 3158 444 3219; x_wconf 89' lang='lat' dir='ltr'><strong>alteri</strong></span> <span class='ocrx_word' id='word_1_313' title='bbox 460 3160 596 3220; x_wconf 87' lang='lat' dir='ltr'><strong>tradunt:</strong></span> <span class='ocrx_word' id='word_1_314' title='bbox 620 3159 664 3218; x_wconf 91' lang='lat' dir='ltr'><strong>sic</strong></span> <span class='ocrx_word' id='word_1_315' title='bbox 680 3159 824 3219; x_wconf 88' lang='lat' dir='ltr'><strong>Sallustio</strong></span> <span class='ocrx_word' id='word_1_316' title='bbox 840 3157 962 3233; x_wconf 87' lang='lat' dir='ltr'><strong>vigente</strong></span> <span class='ocrx_word' id='word_1_317' title='bbox 977 3173 1073 3233; x_wconf 90' lang='lat' dir='ltr'><strong>anpu-</strong></span> 
     </span>
     <span class='ocr_line' id='line_1_36' title="bbox 92 3241 1077 3318; baseline 0 -17"><span class='ocrx_word' id='word_1_318' title='bbox 92 3249 171 3302; x_wconf 89' lang='lat' dir='ltr'><strong>tatae</strong></span> <span class='ocrx_word' id='word_1_319' title='bbox 193 3241 362 3304; x_wconf 90' lang='lat' dir='ltr'><strong>sententiae</strong></span> <span class='ocrx_word' id='word_1_320' title='bbox 382 3251 413 3304; x_wconf 90' lang='lat' dir='ltr'><strong>et</strong></span> <span class='ocrx_word' id='word_1_321' title='bbox 437 3243 531 3302; x_wconf 88' lang='lat' dir='ltr'><strong>verba</strong></span> <span class='ocrx_word' id='word_1_322' title='bbox 550 3250 621 3303; x_wconf 91' lang='lat' dir='ltr'><strong>ante</strong></span> <span class='ocrx_word' id='word_1_323' title='bbox 642 3250 852 3318; x_wconf 82' lang='lat' dir='ltr'><strong>exspectatum</strong></span> <span class='ocrx_word' id='word_1_324' title='bbox 879 3242 1019 3302; x_wconf 84' lang='lat' dir='ltr'><strong>cadentia</strong></span> <span class='ocrx_word' id='word_1_325' title='bbox 1046 3248 1077 3301; x_wconf 88' lang='lat' dir='ltr'><strong>et</strong></span> 
     </span>
     <span class='ocr_line' id='line_1_37' title="bbox 93 3324 1074 3401; baseline -0.001 -16"><span class='ocrx_word' id='word_1_326' title='bbox 93 3324 226 3385; x_wconf 88' lang='lat' dir='ltr'><strong>obscura</strong></span> <span class='ocrx_word' id='word_1_327' title='bbox 240 3326 374 3387; x_wconf 88' lang='lat' dir='ltr'><strong>brevitas</strong></span> <span class='ocrx_word' id='word_1_328' title='bbox 391 3326 476 3387; x_wconf 86' lang='lat' dir='ltr'><strong>luere</strong></span> <span class='ocrx_word' id='word_1_329' title='bbox 492 3343 547 3401; x_wconf 93' lang='lat' dir='ltr'><strong>pro</strong></span> <span class='ocrx_word' id='word_1_330' title='bbox 565 3329 654 3388; x_wconf 88' lang='lat' dir='ltr'><strong>cultu.</strong></span> <span class='ocrx_word' id='word_1_331' title='bbox 678 3328 711 3386; x_wconf 92' lang='lat' dir='ltr'><strong>L.</strong></span> <span class='ocrx_word' id='word_1_332' title='bbox 726 3326 950 3400; x_wconf 81' lang='lat' dir='ltr'><strong>Arruntius,</strong></span> <span class='ocrx_word' id='word_1_333' title='bbox 967 3325 1013 3384; x_wconf 90' lang='lat' dir='ltr'><strong>vir</strong></span> <span class='ocrx_word' id='word_1_334' title='bbox 1027 3341 1074 3384; x_wconf 86' lang='lat' dir='ltr'><strong>ra-</strong></span> 
     </span>
     <span class='ocr_line' id='line_1_38' title="bbox 92 3407 1087 3486; baseline -0.008 -17"><span class='ocrx_word' id='word_1_335' title='bbox 92 3422 145 3469; x_wconf 90' lang='lat' dir='ltr'><strong>rae</strong></span> <span class='ocrx_word' id='word_1_336' title='bbox 161 3409 353 3483; x_wconf 75' lang='lat' dir='ltr'><strong>frugalitatis,</strong></span> <span class='ocrx_word' id='word_1_337' title='bbox 371 3410 421 3486; x_wconf 92' lang='lat' dir='ltr'><strong>qui</strong></span> <span class='ocrx_word' id='word_1_338' title='bbox 438 3410 631 3472; x_wconf 88' lang='lat' dir='ltr'><strong>historias</strong></span> <span class='ocrx_word' id='word_1_339' title='bbox 646 3411 738 3471; x_wconf 88' lang='lat' dir='ltr'><strong>belli</strong></span> <span class='ocrx_word' id='word_1_340' title='bbox 753 3410 888 3471; x_wconf 87' lang='lat' dir='ltr'><strong>Punici</strong></span> <span class='ocrx_word' id='word_1_341' title='bbox 903 3407 1087 3478; x_wconf 69' lang='lat' dir='ltr'><strong>scriqstt,</strong></span> 
     </span>
     <span class='ocr_line' id='line_1_39' title="bbox 95 3481 1116 3575; baseline 0.002 -25"><span class='ocrx_word' id='word_1_342' title='bbox 95 3493 133 3552; x_wconf 89' lang='lat' dir='ltr'><strong>lu</strong></span> <span class='ocrx_word' id='word_1_343' title='bbox 143 3488 171 3551; x_wconf 91' lang='lat' dir='ltr'><strong>it</strong></span> <span class='ocrx_word' id='word_1_344' title='bbox 186 3490 454 3557; x_wconf 85' lang='lat' dir='ltr'><strong>Sallustianus</strong></span> <span class='ocrx_word' id='word_1_345' title='bbox 476 3502 506 3558; x_wconf 87' lang='lat' dir='ltr'><strong>et</strong></span> <span class='ocrx_word' id='word_1_346' title='bbox 520 3496 552 3557; x_wconf 93' lang='lat' dir='ltr'><strong>in</strong></span> <span class='ocrx_word' id='word_1_347' title='bbox 566 3495 644 3558; x_wconf 88' lang='lat' dir='ltr'><strong>illud</strong></span> <span class='ocrx_word' id='word_1_348' title='bbox 657 3511 762 3575; x_wconf 81' lang='lat' dir='ltr'><strong>genus</strong></span> <span class='ocrx_word' id='word_1_349' title='bbox 773 3495 897 3555; x_wconf 77' lang='lat' dir='ltr'><strong>nitens.</strong></span> <span class='ocrx_word' id='word_1_350' title='bbox 932 3489 1006 3543; x_wconf 49' lang='lat' dir='ltr'><strong>hist</strong></span> <span class='ocrx_word' id='word_1_351' title='bbox 1016 3481 1116 3551; x_wconf 40' lang='lat' dir='ltr'><strong>ab&amp;</strong></span> 
     </span>
    </p>
   </div>
   <div class='ocr_carea' id='block_1_4' title="bbox 0 0 1216 3862">
    <p class='ocr_par' dir='ltr' id='par_1_4' title="bbox 0 0 1216 3862">
     <span class='ocr_line' id='line_1_40' title="bbox 0 0 1216 3862; baseline 0 0"><span class='ocrx_word' id='word_1_352' title='bbox 0 0 1216 3862; x_wconf 95' lang='lat' dir='ltr'><strong> </strong></span> 
     </span>
    </p>
   </div>
  </div>
 </body>
</html>
