2422 3862
216 221 390 284 marni„
403 221 499 282 noa.
519 221 653 283 cmix.
675 222 733 282 nn.
745 233 810 285 aa.
831 231 888 298 (u.
900 229 958 297 re.)
1015 225 1077 290 ton

95 390 159 435 non
175 373 346 448 cupiditas,
368 391 430 436 non
446 376 536 435 timor
551 391 609 435 nos
624 376 725 449 pellet
748 375 884 450 inagitnti
898 375 1076 452 terroribus,
1085 388 1120 448 η

94 458 267 532 incorrupti
279 458 489 534 voluptatibus
503 473 560 519 nec
574 467 702 518 mortem
714 459 905 519 horrebimus
917 474 974 518 nec
983 459 1075 522 deos=

94 542 232 602 sciemus
247 550 375 604 mortem
390 544 501 603 malum
517 560 578 603 non
593 558 680 616 esse,
702 542 780 604 deos
798 544 897 602 malos
911 559 972 602 non
988 559 1076 604 essee

93 633 157 686 tam
170 626 348 696 inbecillum
364 627 449 705 [cst],
470 627 555 702 quod
574 635 666 686 nocet
686 642 778 702 quam
792 626 842 688 cui
855 634 998 688 nocetum
1019 644 1075 703 op-

93 708 169 770 tima
192 711 224 769 vi
252 712 346 770 noxia
368 719 481 770 carent
524 710 714 786 Exspectant
731 727 804 783 nos,
833 712 860 770 si
881 725 921 770 ex
936 710 999 771 ‚hac
1022 713 1120 782 ali-10

95 794 223 868 quando
249 795 336 854 laece
361 794 391 854 in
417 794 492 855 illud
516 795 677 855 evadimus
702 793 831 855 sublime
855 803 888 855 et
910 797 1075 870 excelsum,

93 877 300 952 tranquillitas
315 878 406 938 animi
421 886 452 937 ει
465 879 604 952 expulsis
621 878 777 938 erroribus
789 878 931 939 absoluta
942 877 1075 940 libertas.

94 960 226 1034 Quaeris
247 978 334 1037 quae
350 962 391 1022 sit
408 962 489 1021 ἱειει
516 977 577 1022 non
598 961 738 1022 homines
759 961 880 1035 timere,
902 978 965 1023 non
987 964 1074 1025 deos

94 1060 153 1104 nec
170 1046 273 1120 turpia
288 1047 366 1106 velle
380 1060 437 1105 nec
451 1047 552 1106 nimia.
575 1047 606 1104 in
621 1062 656 1106 se
671 1046 771 1121 ipsum
786 1045 901 1105 habere
912 1048 1074 1108 maximam

94 1136 297 1204 potestatem:
317 1130 539 1190 inaestimabile
552 1130 668 1189 honum
682 1139 730 1190 εει
743 1146 833 1190 suum
848 1129 924 1190 fieri.
945 1133 1033 1192 Vale.

399 1313 615 1372 EPISTULA
634 1316 669 1371 V.
696 1318 767 1387 (76.)

352 1429 461 1481 Snnnca
479 1431 589 1480 Lucnro
608 1441 661 1481 suo
680 1442 819 1481 suornm.

157 1551 335 1610 iuimicitias
350 1550 423 1608 mihi
444 1550 622 1622 denuntias,
644 1549 672 1610 si
688 1551 852 1625 quicquam
866 1566 905 1610 ex
921 1550 973 1624 iis,
995 1565 1101 1625 quaer

95 1633 209 1696 cotidie
227 1635 322 1705 facio,
344 1633 551 1707 ignoraveris:
574 1633 658 1706 vide,
680 1650 771 1709 quam
786 1633 962 1707 simpliciter
975 1641 1075 1694 tecum

93 1719 213 1779 vivam=
232 1718 293 1778 hoc
308 1733 435 1792 quoque
448 1718 501 1778 tibi
514 1718 707 1780 committam.
750 1716 969 1792 Philosophum
981 1716 1074 1777 audio

94 1811 125 1862 et
146 1800 271 1876 quidem
291 1802 429 1877 quintum
449 1803 510 1862 iam
528 1802 608 1862 diem
623 1801 739 1873 habeo,
760 1815 799 1860 ex
814 1817 876 1876 quo
891 1800 922 1861 in
937 1801 1074 1861 scholam

93 1902 132 1947 eo
145 1895 178 1946 ει
187 1886 227 1945 ab
240 1892 350 1945 octava
361 1886 569 1961 disputantem
578 1884 681 1945 audio.
698 1884 809 1957 „bona
820 1884 932 1960 inquis,
944 1889 1074 1945 aetate.“

95 1970 203 2045 quidni
218 1970 322 2030 houal
341 1971 415 2046 quid
429 1978 530 2030 autem
544 1970 666 2029 stultius
679 1976 729 2029 est
743 1985 845 2044 quam,
861 1969 934 2043 quia
948 1969 1001 2034 diu
1011 1984 1074 2028 non

95 2054 256 2128 didiceris,
276 2069 338 2114 non
355 2054 497 2114 disceret
540 2052 616 2128 Quid
631 2061 727 2128 ergo?
748 2053 829 2113 idem
845 2053 971 2126 facium,
987 2053 1101 2129 quodi

93 2139 221 2198 trossuli
234 2145 265 2198 ει
277 2137 428 2198 iuvenes?
448 2139 527 2198 hene
543 2152 661 2198 mecum
673 2139 782 2212 agitur,
800 2138 828 2198 si
842 2137 902 2199 hoc
916 2154 1009 2198 unum
1024 2153 1073 2198 εε

94 2229 248 2282 nectutem
272 2237 370 2281 meam
396 2223 533 2283 dedecet
565 2223 665 2284 omnis
697 2222 804 2282 aetatis
831 2221 970 2282 homines
997 2223 1075 2284 haec

95 2306 205 2366 schola
217 2306 356 2366 admittit
375 2305 408 2366 in
419 2306 480 2366 hoc
494 2322 704 2378 senescamus,
715 2315 749 2366 ut
759 2306 887 2368 iuvenes
899 2321 1074 2382 sequamur.

95 2391 128 2450 ln
143 2390 295 2450 theatrum
310 2405 407 2450 senex
420 2390 472 2450 ibo
487 2399 518 2450 ει
532 2392 563 2450 in
578 2390 691 2450 circum
705 2391 827 2450 deierar
841 2398 872 2451 et
886 2391 998 2451 nullum
1018 2406 1076 2465 par

95 2476 162 2535 sine
188 2489 237 2534 me
262 2474 464 2550 depugnabit:
495 2473 535 2533 ad
561 2473 778 2549 philosophum
803 2475 847 2534 ire
872 2474 1076 2534 erubescamt

94 2558 221 2618 Tamdiu
239 2559 422 2619 discendnm
441 2565 504 2629 εει,
528 2559 673 2634 quamdiu
693 2559 831 2618 nescias:
859 2558 887 2617 si
907 2557 1104 2632 proverbioa

95 2643 267 2715 credimus,
286 2640 455 2717 „quamdiu
474 2641 585 2702 vivis.“
610 2645 668 2702 nec
689 2642 742 2702 ulli
757 2641 816 2702 hoc
830 2641 875 2700 rei
888 2640 987 2714 magis
1002 2655 1074 2700 con·

94 2726 179 2787 venit
193 2742 287 2802 qnam
301 2725 387 2786 huic=
410 2725 525 2787 tamdiu
539 2725 719 2786 discendum
735 2732 797 2798 est,
816 2724 1075 2800 quemadmodum

93 2811 198 2884 vivas,
215 2810 363 2885 quamdiu
376 2809 465 2870 vivis.
508 2810 575 2885 ugo
595 2817 694 2870 umen
709 2809 770 2868 illic
789 2807 905 2885 aliquid
917 2816 948 2869 et
964 2809 1074 2871 doceo.

96 2896 231 2969 quaeris,
244 2893 318 2969 quid
330 2895 481 2955 doceam?
499 2895 590 2954 etiam
602 2894 669 2954 seni
680 2908 753 2953 esse
764 2893 954 2955 discendum.
977 2892 1105 2959 Pudetl

95 2988 196 3038 autem
222 2992 272 3036 me
300 2978 422 3051 generis
447 2977 586 3050 humaui,
618 2979 760 3053 quotiens
790 2977 928 3039 scholam
953 2977 1072 3038 intravi.

96 3070 218 3136 praeter
234 3062 335 3137 ipsum
350 3061 499 3122 theatrum
517 3061 800 3137 Neapolitanorum,
816 3069 849 3122 ul
863 3062 940 3135 scis,
955 3067 1072 3122 hanse-

95 3145 212 3206 undum
233 3151 282 3204 εει
295 3145 493 3206 Metronactis
508 3146 680 3221 petentibus
696 3145 834 3206 domums
857 3146 932 3206 illud
948 3143 1074 3220 quidem

96 3231 207 3290 lartum
228 3237 278 3288 εει
298 3236 328 3288 ει
348 3230 462 3303 ingenti
482 3229 600 3302 studio,
626 3231 695 3305 quis
719 3228 759 3289 sit
779 3229 942 3304 pythaules
961 3229 1072 3303 bonus,

95 3313 263 3374 iudicatur:
286 3311 378 3374 habel
392 3312 514 3373 tubicen
530 3329 656 3389 quoque
674 3313 810 3373 Graecus
826 3320 856 3372 et
870 3328 985 3388 praeco
1001 3328 1073 3372 con·

97 3411 236 3468 cursum:
266 3403 297 3457 al
317 3397 348 3456 in
369 3398 420 3457 illo
440 3397 525 3469 loco,
545 3398 577 3455 in
599 3412 661 3472 quo
676 3396 836 3456 virbonus
853 3395 1022 3470 quaeritur,
1043 3395 1074 3454 in

98 3495 160 3555 uuo
175 3481 222 3540 vir
237 3481 338 3541 bonus
352 3481 486 3555 discitur,
506 3479 688 3558 paucissimi
701 3479 826 3556 sedent,
837 3479 917 3540 ethii
927 3478 1094 3553 pteixsuue
