2422 3862
119 229 183 294 386
405 227 439 286 L.
462 227 609 287 nunaut
631 225 805 287 SENECAE

121 383 194 459 quid
209 387 278 442 este
298 396 360 440 non
375 395 504 455 possum
519 380 623 439 dicere
633 394 720 440 mens
731 379 874 455 periecta,
888 379 945 438 sed
957 377 999 452 id,
1016 381 1100 454 quod

121 465 267 540 contingit
281 465 448 540 perfectam
459 470 590 524 mentem
603 461 740 523 habentia
762 463 804 523 ita
814 463 941 523 alterum
953 470 1001 523 est
1012 479 1101 524 mens

78 551 215 622 lebona,
237 550 364 609 aiterum
381 547 469 622 quasi
484 546 598 607 habere
613 552 744 606 mentem
757 545 879 606 bonam.
924 544 1037 621 „Suut,
1055 547 1100 606 in·

120 634 199 709 quit,
228 639 354 692 naturae
383 646 561 706 corporum,
592 636 746 705 tamquam
771 628 821 689 hic
845 629 936 690 homo
963 637 1025 704 est,
1051 629 1100 690 bic

119 733 236 793 equusz
258 716 315 775 has
339 715 451 774 deinde
473 720 647 789 sequuntur
661 722 763 774 motus
781 713 949 774 animorum
963 715 1100 775 enuntia-

118 802 170 861 tivi
186 814 359 875 corporum.
383 798 412 856 hi
427 797 541 858 habent
550 797 709 872 proprium
723 797 868 872 quiddam
883 805 913 858 et
928 812 947 856 a
962 798 1101 873 corpori·

118 886 177 944 bus
193 883 366 944 seductum:
390 887 542 955 tamquam
558 878 673 942 video
697 880 878 941 catonem
899 881 1100 942 ambulan-

118 976 199 1027 tem.
227 966 287 1027 hoc
304 980 415 1024 seusus
432 965 581 1038 ostendit,
604 965 722 1025 animus
744 964 882 1025 credidit.
912 980 1028 1038 corpus
1044 974 1100 1039 est,

118 1049 204 1125 quod
218 1049 318 1122 video,
332 1047 382 1108 cui
393 1055 423 1108 et
434 1049 542 1109 ocutos
553 1048 668 1107 intendi
680 1057 711 1108 et
721 1047 862 1108 animum.
885 1049 955 1108 dico
971 1047 1100 1108 deinde=

120 1135 209 1194 Cato
225 1131 403 1193 ambulat.
425 1148 486 1192 non
503 1147 626 1208 corpus,
649 1131 762 1206 inquit,
786 1138 842 1205 est,
861 1132 943 1207 quod
959 1147 1041 1191 nunc
1055 1133 1099 1192 lo·

119 1233 211 1294 quor,
238 1217 294 1276 sed
312 1215 529 1276 enuntiativum
551 1216 696 1290 quiddam
717 1216 756 1275 de
772 1231 917 1290 corpore,
947 1217 1031 1289 quod
1049 1215 1099 1274 alii

119 1301 278 1367 effetum
298 1306 417 1370 vocant,
433 1299 483 1358 alii
497 1299 754 1372 enuntiatum,
769 1300 819 1358 alii
835 1299 1011 1358 edictum.
1047 1297 1099 1358 Sic

120 1400 188 1445 cum
203 1382 333 1443 dicimus
346 1381 536 1457 sapientiam,
548 1384 710 1457 corporale
723 1383 868 1457 quiddam
880 1383 1098 1457 intellegimus:

119 1484 186 1529 cum
202 1465 331 1526 dicimus
347 1467 465 1541 sapit,
486 1467 526 1526 de
540 1481 670 1541 corpore
684 1466 845 1541 loquimur.
868 1466 1030 1540 plurimum
1046 1483 1099 1525 au-

79 1559 178 1615 14tem
194 1551 335 1622 interest,
359 1557 459 1610 utrum
479 1550 576 1609 illud
593 1549 678 1609 dicas
693 1565 732 1609 an
748 1550 793 1608 de
808 1548 909 1609 illo.“
952 1549 1098 1610 Putemus

118 1636 147 1694 in
163 1634 337 1709 praesentia
351 1633 409 1694 ista
424 1635 486 1694 duo
502 1649 583 1694 esse.
612 1634 748 1694 nondum
764 1633 859 1707 enim,
879 1631 952 1708 quid
966 1631 1038 1692 mihi
1054 1633 1097 1691 vi-

119 1718 234 1788 deatur,
252 1718 430 1792 pronuntio=
448 1717 522 1792 quid
533 1716 682 1792 prohibet,
695 1717 867 1792 quominus
880 1717 961 1777 aliud
974 1716 1099 1790 quidem

120 1802 173 1873 sit,
197 1800 255 1860 sed
271 1800 365 1861 nihilo
386 1802 485 1861 minus
501 1801 636 1862 bonum?
677 1799 810 1861 Dicebas
824 1802 917 1875 paulo
932 1806 1000 1859 ante
1015 1799 1099 1858 aliud

118 1901 189 1945 csse
210 1900 331 1958 agrum,
354 1885 436 1944 aliud
457 1885 571 1945 habere
591 1899 705 1958 agrum.
736 1884 861 1959 quidni?
887 1885 917 1943 in
938 1883 996 1943 aiio
1017 1881 1099 1941 enim

118 1977 224 2029 natura
239 1976 295 2041 est,
311 1968 364 2043 qui
378 1968 479 2041 habet,
493 1968 521 2027 in
538 1968 604 2040 alia,
622 1968 705 2043 quod
719 1967 861 2029 hebetum
881 1968 933 2028 itia
946 1974 1027 2028 terra
1041 1973 1097 2038 est,

117 2052 166 2110 hio
181 2052 273 2111 homo
292 2059 348 2110 est.
378 2058 408 2111 at
422 2052 451 2110 in
467 2053 540 2124 hoc,
557 2052 597 2111 de
613 2069 675 2126 quo
692 2050 801 2126 agitur,
817 2052 956 2111 eiusdem
970 2057 1098 2110 naturae

119 2142 190 2194 sunt
204 2141 345 2210 utraque,
368 2142 398 2194 et
414 2136 465 2209 qui
479 2135 573 2195 habet
587 2134 784 2211 sapientiam,
805 2143 834 2195 et
850 2136 918 2210 ipsa
935 2141 1028 2209 [quae
1043 2133 1097 2193 ha-

78 2218 226 2288 rsoetun.
269 2218 430 2277 Praeterea
445 2219 505 2277 illic
519 2218 602 2279 aliud
617 2226 672 2293 est,
688 2219 773 2294 quod
787 2219 924 2291 habetur,
942 2218 1029 2291 aiiuS,
1046 2216 1098 2293 qui

117 2301 223 2360 habet:
249 2298 299 2360 hic
319 2302 349 2359 in
370 2302 479 2360 eodem
499 2309 547 2362 est
566 2309 596 2362 et
617 2303 700 2378 quod
720 2301 849 2363 habetur
870 2309 900 2362 ει
921 2301 972 2376 qui
995 2301 1097 2361 habet.

117 2400 190 2459 ager
204 2383 269 2444 iure
285 2382 470 2460 possidetur,
486 2386 637 2461 sapientia
650 2393 765 2447 natura.
789 2387 839 2445 iiie
852 2384 1018 2445 abalienari
1031 2392 1097 2460 pot·

116 2475 164 2528 est
183 2476 213 2528 et
235 2469 320 2528 alteri
335 2469 427 2543 tradi,
448 2468 525 2529 haec
545 2487 605 2531 non
624 2471 755 2531 discedit
768 2487 787 2530 a
801 2468 936 2530 domino.
971 2485 1033 2528 non
1052 2474 1100 2528 cst

116 2555 228 2628 itaque,
245 2554 328 2628 quod
345 2568 497 2627 conpares
513 2553 640 2615 intense
655 2552 824 2614 dissimilia.
870 2553 1038 2628 Coeperam
1054 2553 1098 2611 di-

116 2653 186 2696 cere
201 2653 298 2711 posse
314 2638 372 2697 ista
386 2638 447 2697 duo
460 2652 531 2696 esse
544 2646 574 2699 ει
585 2644 684 2698 tamen
694 2645 824 2712 utraque
835 2638 925 2712 bona,
941 2643 1098 2711 tamquam

116 2720 266 2795 sapientia
286 2729 317 2781 et
338 2721 463 2796 sapiens
485 2721 547 2781 duo
569 2729 640 2782 sunt
660 2728 689 2781 et
708 2730 870 2796 utrumque
890 2721 1005 2781 bonum
1026 2735 1099 2780 esse

116 2803 271 2863 concedis.
302 2805 457 2878 quomodo
474 2804 546 2863 nihil
562 2806 678 2879 obstat,
703 2821 764 2879 quo
780 2805 880 2865 minus
897 2811 927 2864 et
946 2804 1099 2879 sapientia

115 2886 229 2945 bonum
245 2887 284 2944 sit
299 2893 328 2945 ει
342 2886 460 2948 habens
476 2888 670 2963 sapientiam,
689 2890 734 2948 sio
751 2889 823 2949 nihil
839 2889 948 2961 obstat,
967 2905 1029 2963 quo
1045 2887 1098 2947 mi-

115 2986 174 3028 nus
197 2976 227 3028 et
247 2967 399 3043 sapientia
418 2972 532 3032 bonum
555 2975 594 3034 sit
613 2979 644 3032 et
656 2973 770 3033 habere
785 2972 980 3047 sapientiam,
1004 2972 1101 3033 idest

77 3066 236 3126 resapere.
280 3051 346 3128 Ego
368 3054 397 3113 in
413 3054 473 3115 hoc
488 3057 558 3116 voto
574 3056 700 3131 sapiens
715 3072 803 3130 esse,
823 3064 856 3116 ut
870 3055 999 3131 sapiam.
1025 3056 1100 3131 quid

117 3143 212 3210 ergo?
231 3152 291 3195 non
309 3146 356 3198 est
370 3138 401 3198 id
416 3137 545 3213 bonum,
567 3141 635 3200 sine
655 3157 715 3215 quo
731 3156 788 3200 neo
808 3139 883 3200 iilud
900 3140 1016 3199 bonum
1031 3146 1100 3199 est‘t

116 3235 174 3278 vos
190 3226 270 3280 certe
289 3221 388 3282 dicitis
404 3223 599 3297 sapientiam,
622 3223 648 3284 si
663 3226 729 3284 sine
744 3240 802 3284 usu
818 3223 920 3294 detur,
945 3224 1099 3299 aecipien-

116 3304 186 3363 dam
208 3321 268 3367 non
290 3321 377 3366 esse:
407 3305 482 3381 quid
504 3314 553 3367 est
572 3323 648 3368 usus
669 3309 859 3384 sapientiae?
886 3322 1016 3380 sapere:
1039 3308 1100 3367 hoc

116 3390 211 3450 estin
236 3389 286 3449 iila
307 3389 578 3464 pretiosissimum,
605 3408 666 3467 quo
690 3393 826 3453 detracto
847 3406 1041 3467 supervacua
1057 3392 1100 3452 fit

116 3471 149 3532 Si
163 3479 314 3538 tormenta
328 3475 407 3534 maia
422 3481 501 3549 sunt,
518 3475 654 3550 torqueri
669 3476 780 3536 malum
794 3482 850 3550 est,
867 3476 945 3535 adeo
962 3475 1098 3550 quidem,
