2422 3862
259 235 430 297 nrrsrun.
444 234 538 296 mon.
559 236 632 296 1111.
644 237 696 294 vr.
719 236 813 299 una
836 236 908 312 (aa.)
1007 235 1066 300 113

97 387 302 450 niterdicitur.
338 388 480 448 omnibus
503 385 584 447 enim
604 402 714 447 versus
737 386 916 447 facientibus
938 386 997 448 hoc
1014 405 1067 449 no-

96 488 162 531 men
177 478 241 546 εει,
262 472 320 532 sed
340 472 399 532 iam
420 472 504 547 apud
526 472 660 532 Graecos
684 471 825 531 inanius
841 479 943 532 notam
959 473 1067 531 cessit:

95 556 258 616 Homerum
281 556 453 629 intellegas,
483 571 551 615 cum
570 555 704 615 audieris
727 563 857 629 poetam.
897 555 969 627 quid
993 572 1066 631 ergo

95 639 152 700 hoc
177 645 248 699 esti
293 639 387 700 deus
417 640 548 710 scilicet,
581 640 678 699 maior
702 654 739 698 ac
764 639 917 715 potentior
940 639 1066 700 cunctis.

93 723 261 783 Tertium
287 739 410 798 genus
436 730 484 784 εει
506 739 626 793 eorum,
656 739 753 798 quae
778 722 940 798 proprie
965 731 1110 786 summo

93 807 325 868 innumerabilia
338 808 415 867 baec
438 816 523 881 sunt,
546 807 602 867 sed
617 815 704 867 extra
721 816 858 868 nostrum
880 808 981 882 posita
996 822 1067 867 con·

94 899 243 967 spectum.
279 907 380 966 „quae
393 896 508 951 ·‘sunti“
523 892 703 965 interrogas.
731 892 858 966 propria
871 892 1005 952 Platonis
1017 908 1067 951 su·

93 978 194 1052 pellex
215 982 278 1034 est:
300 973 413 1035 ideas
435 983 538 1049 vocat,
561 992 600 1035 ex
624 975 734 1050 quibus
757 977 873 1050 omnia,
903 992 1066 1052 quaecum-

94 1076 153 1136 que
173 1060 330 1132 vidcmus,
357 1059 432 1120 fiunt
454 1066 484 1120 et
502 1060 543 1119 ad
564 1075 641 1133 quas
662 1068 771 1121 cuncta
798 1061 974 1121 formantur.
1010 1061 1067 1120 hae
1121 1076 1125 1085 ¹

92 1145 287 1216 inmortales,
309 1144 517 1217 inmutabileS,
533 1144 725 1204 inviolabiles
740 1151 819 1204 sunt.
844 1143 921 1217 Quid
936 1145 977 1204 sit
990 1145 1068 1216 idea,
1078 1151 1111 1205 19

93 1228 124 1288 id
149 1235 214 1302 est,
238 1227 313 1304 quid
342 1228 459 1288 Platoni
485 1243 557 1288 εεεε
581 1225 735 1301 videatur,
762 1229 849 1288 audi:
877 1229 987 1302 „idea
1011 1237 1070 1289 est

94 1329 241 1383 eorum,
271 1327 368 1386 quae
392 1321 532 1372 natura
562 1312 677 1383 liunt,
713 1313 912 1387 exemplar
939 1321 1067 1374 aeter·

95 1400 211 1456 num.“
252 1396 392 1456 Adiciam
417 1395 585 1456 definitioni
609 1397 903 1471 interpretationem,
933 1413 994 1470 quo
1017 1397 1068 1456 tibi

93 1497 144 1541 res
164 1481 303 1556 apertior
324 1480 392 1540 fiatz
415 1483 485 1540 volo
507 1479 667 1555 imaginem
683 1489 765 1540 tuam
780 1482 891 1540 lacere.
913 1481 1069 1555 exemplar

94 1566 233 1641 picturae
252 1571 281 1624 te
305 1563 420 1637 habeo,
444 1581 483 1624 ex
504 1581 565 1640 quo
586 1564 668 1639 capit
687 1556 818 1640 aliquem
834 1563 967 1624 habiturn
982 1579 1068 1623 mens

95 1657 216 1723 nostra,
239 1664 329 1722 quem
347 1650 434 1724 opori
448 1664 505 1709 suo
521 1650 663 1725 inponat:
684 1649 726 1708 ita
742 1650 808 1723 illa,
825 1663 903 1724 quae
917 1663 966 1707 me
980 1649 1071 1708 docet

96 1742 127 1794 ει
147 1733 271 1796 instruit
290 1733 401 1807 iacies,
416 1750 509 1809 aqua
522 1735 634 1809 petitur
648 1733 790 1804 inritatio,
809 1734 880 1793 idea
895 1741 951 1792 εει.
986 1733 1070 1792 Talia

95 1835 170 1895 orgo
187 1819 376 1895 exemplaria
394 1818 510 1883 infinita
531 1819 622 1878 habet
642 1835 743 1878 rernm
758 1826 879 1891 natura,
905 1817 1068 1888 hominum,

96 1905 244 1981 piscium,
259 1905 417 1978 arborum,
428 1905 469 1963 ad
486 1919 566 1979 quae
581 1903 798 1978 quodcumque
813 1902 879 1962 fleri
895 1901 933 1960 ab
950 1902 1001 1960 illa
1016 1901 1067 1960 de-

96 1989 165 2063 bet,
189 1988 379 2063 exprimitur.
415 1988 594 2063 Quartum
619 1989 742 2047 locum
769 1985 926 2047 habebit
951 1978 1112 2056 aldomin

96 2073 173 2148 quid
197 2073 237 2133 sit
257 2073 316 2134 lroc
331 2065 432 2152 εἶδος,
452 2073 600 2133 adtendas
623 2079 743 2147 oportet
763 2081 792 2132 et
805 2069 921 2131 Platoni
938 2073 1067 2145 inputes,

97 2175 159 2217 non
174 2157 263 2228 mihi,
278 2157 357 2216 hanc
368 2173 470 2218 rerum
485 2157 702 2217 difficultatem.
730 2157 813 2216 nulla
827 2163 874 2216 εει
887 2163 987 2216 autem
1003 2156 1069 2214 sine

96 2242 275 2302 diiiicultate
290 2242 460 2302 subtilitas:
479 2244 570 2316 paulo
585 2248 654 2302 ante
671 2241 795 2316 pictoris
810 2241 939 2316 imagine
953 2239 1069 2300 utebar.

96 2326 146 2384 ille
167 2341 237 2384 cum
256 2326 387 2386 reddere
407 2325 572 2400 Vergilium
594 2326 748 2386 coloribus
775 2326 879 2397 vellet,
905 2324 1006 2400 ipsum
1025 2323 1069 2381 in-

96 2410 248 2469 tuebatur.
281 2411 352 2470 idea
369 2416 434 2469 erat
454 2410 581 2484 Vergilii
605 2411 716 2480 iacies,
736 2409 826 2471 iuturi
847 2410 950 2484 operis
969 2423 1070 2467 exem·

98 2493 174 2568 piar.
210 2509 249 2552 ex
274 2494 332 2554 hac
358 2494 442 2568 quod
466 2494 574 2554 artilex
594 2494 686 2554 trahit
705 2501 735 2554 et
755 2494 841 2568 operi
854 2509 911 2553 suo
927 2491 1071 2565 inposuit,

97 2568 185 2649 εἶδος
211 2584 267 2637 εει.
310 2577 388 2652 Quid
411 2579 542 2652 intersit,
577 2579 722 2653 quaeris?
758 2578 885 2638 alterum
916 2576 1110 2649 exemplari}

97 2668 159 2733 εει,
182 2663 309 2723 alterum
328 2663 427 2721 forma
448 2663 486 2721 ab
504 2663 672 2737 exemplari
694 2669 814 2736 sumpta
829 2668 858 2720 ει
876 2660 962 2734 ορε11
984 2661 1069 2734 inpo-

97 2745 166 2805 sita.
203 2747 328 2806 alteram
343 2746 452 2806 artilex
473 2745 619 2820 imitatur,
641 2748 764 2806 alteram
785 2745 866 2805 lacit.
899 2744 999 2803 Habet
1019 2745 1072 2802 ali-

98 2845 190 2904 quam
211 2830 321 2890 faciem
342 2837 451 2890 statua.
478 2829 555 2889 haec
574 2839 622 2890 est
643 2821 742 2901 eidos:
770 2829 862 2889 habet
881 2829 1013 2903 aliquam
1029 2829 1070 2886 l-

97 2915 176 2973 ciem
191 2915 349 2989 exemplar
360 2916 475 2989 ipsum,
497 2915 580 2989 quod
595 2913 716 2974 intuens
732 2914 835 2988 opiiex
851 2920 980 2974 statuam
996 2913 1071 2987 figu-

96 2999 184 3057 ravit.
217 2998 295 3059 baee
313 2999 383 3058 idea
398 3005 454 3058 εει.
485 2999 677 3072 Etiamnunc,
700 2997 728 3057 si
748 2998 837 3057 aliam
853 2997 1013 3057 desideras
1028 2996 1071 3055 di·

96 3082 307 3155 stinctionem,
330 3074 415 3154 eidos
436 3083 466 3141 in
487 3098 581 3158 opere
609 3090 670 3154 est,
693 3081 764 3141 idea
787 3088 873 3141 extra
893 3098 988 3156 opus,
1016 3095 1073 3138 nec

95 3172 215 3226 tantum
231 3173 319 3226 extra
340 3181 418 3242 opus
440 3174 501 3238 est,
527 3168 667 3226 sedante
683 3183 772 3241 opus.
809 3164 988 3238 Quintum
1009 3163 1113 3238 gell

95 3257 365 3324 nusesteorum,
389 3266 487 3326 quae
504 3251 872 3311 communitersunt.
910 3247 1072 3309 haecinci-

94 3334 185 3410 piunt
199 3335 241 3394 ad
256 3350 314 3393 nos
330 3336 490 3408 pertinere.
508 3335 558 3395 hic
572 3343 644 3395 sunt
658 3335 767 3408 omnia,
783 3333 932 3406 homines
951 3347 1072 3407 pecora,

94 3434 157 3478 res.
195 3417 353 3479 Sextum
373 3435 496 3493 genus
511 3435 617 3479 eorum
640 3434 737 3496 quae
756 3418 1080 3495 qnasisunntam-

96 3519 188 3576 quam
215 3503 315 3575 inane,
340 3511 492 3579 amquam
519 3511 653 3584 tempus.
699 3505 934 3586 Quaecumque
952 3499 1107 3560 uidemus
