2422 3862
290 229 570 292 aristaenete.
590 230 662 291 LIB.
679 231 701 291 l.
724 229 780 290 ΕΡ.
797 240 839 294 10.
853 241 895 294 ll.
1038 233 1079 297 21

101 386 185 446 etiam
201 382 380 459 proiectus,
403 396 504 442 sermo
520 379 636 456 primus
650 381 792 442 ostendit.
819 381 904 443 dedit
920 383 1010 444 nobis
1024 402 1078 461 gu-

101 477 192 541 stum,
209 467 253 527 ad
269 480 363 540 quem
375 464 585 539 respondebit.
609 479 669 525 non
687 464 768 526 enim
783 481 822 525 ex
837 476 1018 542 praeparato
1035 471 1077 529 lo·

102 560 187 613 cutus
203 556 270 624 est,
287 549 345 611 sed
360 548 461 609 subito
476 548 700 623 deprehensus.
723 550 775 610 ubi
790 566 825 610 se
840 551 1010 626 colligebat,
1027 569 1079 613 ve·

100 635 293 707 recundiam,
308 633 422 693 bonum
439 633 468 692 in
483 633 680 694 adulescente
693 633 828 707 signum,
844 635 895 693 vix
911 637 1010 710 potuit
1026 653 1078 696 ex·

102 728 218 780 autore:
247 717 328 777 adeo
350 717 392 776 illi
414 732 453 775 ex
474 718 534 776 alto
557 714 704 777 subtusus
726 725 772 777 est
786 718 890 779 rubor.
922 718 971 779 hic
985 721 1078 796 illum,

101 811 248 880 quantum
268 799 428 876 suspicor,
449 800 537 860 etiam
560 815 628 860 cnm
646 816 682 860 se
697 802 923 863 confirmaverit
938 812 969 864 et
983 805 1078 865 omni·

100 887 155 949 bus
180 886 263 947 vitiis
288 886 421 958 exuerit,
445 885 614 958 sapientem
641 901 765 961 quoque
789 895 945 962 sequetur.
974 889 1079 950 nulla

101 973 178 1032 enim
209 968 411 1044 sapientia
438 968 633 1029 naturalia
661 970 842 1044 corporis
870 981 936 1032 aut
963 973 1076 1033 animi

100 1056 194 1116 vitia
216 1060 429 1131 ponuntum
450 1052 606 1128 ·quicqnid
634 1053 759 1113 infixum
784 1061 814 1114 et
833 1055 997 1129 ingenitum
1020 1065 1076 1131 est,

98 1140 211 1202 lenitur
223 1146 305 1213 arte,
319 1153 381 1198 non
395 1136 532 1197 vincitur.
556 1136 741 1210 Quibusdam
759 1138 847 1198 etiam
865 1141 1109 1217 constantissi-2

99 1228 156 1286 mie
170 1223 203 1285 in
219 1230 390 1297 conspectu
404 1222 510 1296 populi
526 1220 622 1281 sudor
636 1222 781 1297 erumpit,
801 1238 861 1284 nnn
882 1224 969 1285 aliter
983 1241 1076 1300 quam

99 1307 233 1384 latigatis
247 1313 278 1367 et
291 1306 501 1366 aestuantibus
516 1307 603 1365 solet.
632 1306 816 1380 quibusdam
831 1315 963 1369 tremunt
976 1325 1077 1384 genua

98 1391 237 1454 dicturis.
269 1389 470 1465 quorumdam
491 1389 598 1449 dentes
616 1390 821 1466 conliduntur,
841 1391 946 1467 lingua
960 1394 1075 1468 titubat,

97 1477 185 1538 labra
200 1481 401 1536 concurrunt:
430 1473 505 1534 baec
520 1488 576 1533 nec
591 1472 753 1548 disciplina
769 1491 826 1537 nec
841 1493 917 1538 usus
932 1493 1076 1552 umquam

99 1560 227 1634 excutit,
253 1558 310 1619 sed
339 1564 446 1618 natura
470 1557 531 1617 vim
560 1573 647 1618 snam
672 1566 796 1619 exercet
815 1568 845 1620 et
864 1559 915 1620 illo
935 1561 1007 1621 vitio
1028 1561 1076 1623 sui

98 1645 187 1706 etiam
202 1641 436 1704 robustissimos
452 1642 604 1702 admoneb
631 1642 738 1702 lnter
752 1642 847 1703 baec
860 1659 952 1704 esse
967 1652 1002 1704 et
1015 1661 1107 1725 ιιι-3

98 1729 228 1790 borem
252 1726 349 1799 scio,
373 1726 424 1802 qui
444 1725 633 1800 gravissimis
656 1742 781 1801 quoque
796 1725 868 1786 viris
884 1727 1003 1789 subitus
1021 1726 1074 1787 ad·

98 1813 245 1874 funditur.
281 1810 379 1885 magis
395 1810 516 1885 quidem
532 1811 562 1870 in
577 1808 738 1870 iuvenibus
754 1811 897 1885 adparet,
919 1811 1031 1886 quibus
1046 1819 1076 1872 et

99 1900 168 1974 plus
191 1896 304 1957 caloris
325 1901 374 1954 est
393 1903 423 1955 et
441 1903 546 1954 tenera
566 1893 661 1953 frons.
694 1892 889 1954 nihilominus
910 1902 940 1955 et
959 1903 1074 1954 vetera-

97 1999 154 2044 nos
170 1989 202 2041 et
216 1994 310 2041 senes
326 1978 429 2053 tangit.
452 1978 580 2052 Quidam
595 1993 760 2052 numquam
775 1979 887 2053 magis,
900 1995 991 2054 quam
1007 1995 1074 2039 cnm

96 2062 290 2137 erubuerint,
303 2062 427 2123 timendi
439 2069 524 2133 sunt,
538 2059 627 2137 quasi
639 2076 759 2122 omnem
771 2063 985 2124 verecundiam
997 2063 1073 2124 elfu-

96 2149 204 2211 derint.
236 2146 322 2208 Sulla
341 2154 412 2208 tunc
433 2155 498 2206 erat
518 2145 770 2218 videntissimus,
794 2162 862 2207 cum
881 2146 990 2209 laciem
1005 2147 1105 2221 eluso

96 2233 223 2310 sanguis
244 2233 408 2292 invaserat
439 2230 511 2290 nihil
532 2238 598 2290 erat
611 2229 732 2291 mollius
748 2246 801 2290 ore
814 2231 958 2308 Pompeii.
988 2249 1073 2292 num-

96 2334 188 2394 quam
204 2331 268 2377 nou
282 2331 386 2377 eoram
395 2315 545 2412 'pluribus
559 2315 675 2387 rubuit,
696 2315 801 2391 utique
820 2315 850 2375 in
863 2317 1073 2377 concionibus.

94 2401 279 2475 Fabianum,
305 2415 373 2459 cum
392 2399 423 2459 in
445 2406 582 2459 senatum
602 2400 689 2459 testis
709 2407 795 2461 esset
819 2400 979 2491 inductus,
1005 2416 1073 2460 eru·

94 2485 201 2546 buisse
213 2483 350 2556 memini,
366 2490 396 2542 et
409 2481 459 2542 hic
474 2483 556 2542 illurn
570 2482 644 2542 mire
661 2485 760 2558 pudor
774 2485 884 2544 decuit.
898 2470 977 2543 ιΝοιι
993 2484 1071 2543 acci·
1088 2505 1105 2556 5

95 2569 138 2631 dit
151 2569 213 2630 hoc
225 2568 263 2629 ab
279 2567 451 2627 infirmitate
463 2567 587 2639 mentis,
604 2568 693 2627 seda
711 2567 844 2628 novitate
858 2568 902 2626 rei
910 2583 1013 2643 ,quae
1028 2567 1071 2626 in

95 2654 295 2726 exercitatos,
313 2651 431 2710 etiamsi
452 2667 512 2712 non
529 2651 677 2725 concutit,
699 2660 802 2713 movet
824 2651 974 2711 naturali
968 2668 997 2710 in
1014 2651 1073 2711 hoc

95 2737 237 2799 facilitate
252 2733 393 2810 corporis
409 2751 535 2810 pronos.
560 2752 629 2796 nam
645 2744 679 2796 ιιι
692 2735 815 2810 quidam
832 2734 846 2770 *
863 2736 935 2796 boni
950 2736 1072 2812 sangui·

94 2821 140 2883 nis
156 2827 243 2897 sunt,
265 2821 307 2880 ita
327 2818 452 2894 qaudam
472 2817 586 2880 incitati
605 2828 636 2880 et
648 2816 769 2880 mobilis
785 2827 816 2879 et
830 2819 889 2882 cito
905 2821 934 2880 in
950 2837 987 2882 os
1003 2837 1072 2896 pro-

95 2903 245 2967 deuntis.»
259 2903 358 2976 llaec,
378 2911 411 2963 ut
431 2903 510 2974 dixi,
534 2904 617 2963 nulla
636 2903 786 2980 sapientia
803 2902 910 2978 abigit:
937 2905 1103 2980 alioquinn

94 2988 220 3049 haberet
237 3002 340 3048 rerum
362 2994 499 3047 naturam
520 2987 578 3047 sub
598 2986 743 3062 imperio,
764 2987 791 3047 si
813 2988 914 3048 omnia
933 2989 1074 3050 eraderet

95 3072 173 3134 vitia.
190 3071 411 3148 Quaecumque
423 3071 565 3132 adtribuit
577 3071 717 3132 condicio
730 3071 876 3132 nascendi
888 3080 919 3133 et
932 3072 1072 3149 corporis

94 3165 311 3234 temperatura,
335 3170 403 3216 cum
423 3156 548 3216 multum
569 3171 605 3215 se
626 3155 741 3231 diuque
755 3157 875 3216 animus
890 3172 1072 3254 composue-

94 3242 141 3315 rit,
168 3241 350 3303 haerebunt.
383 3238 461 3301 Nihil
486 3239 593 3301 borum
620 3241 716 3299 velari
745 3247 861 3317 potest,
888 3257 949 3302 non
974 3240 1072 3315 magis

95 3340 210 3414 quam
202 3323 333 3386 accersi.
367 3323 511 3385 Artifices
527 3323 656 3395 scenici,
680 3325 731 3400 qni
753 3324 906 3387 imitantur
921 3325 1070 3398 adlectus,
1085 3327 1102 3386 7

95 3409 144 3485 qui
157 3395 280 3472 melum
287 3415 318 3469 et
333 3406 565 3482 trepidationem
582 3403 770 3483 exprimunt,
791 3409 843 3487 qui
858 3409 1013 3471 tristitiam
1023 3423 1072 3468 re-

92 3500 303 3568 praesentant
320 3491 506 3553 boclndicio
520 3492 677 3556 imitantur
692 3496 936 3559 verecundiam
952 3491 1100 3554 beloium
