2422 3862
99 185 102 191 ,
129 112 173 176 44
419 112 452 170 n.
471 109 619 187 nunaut
640 108 815 169 senecta

130 264 307 341 pientiat
328 279 480 338 semper
500 263 597 322 idem
620 264 724 322 velle
744 269 858 336 atque
879 261 977 322 idern
993 262 1109 321 ualle.

130 351 201 409 licet
221 349 302 407 illam
325 347 589 423 exceptiunculam
613 362 674 405 non
698 344 829 417 adicias,
862 353 895 405 ut
918 353 1034 407 rectum
1063 345 1110 421 sit,

132 434 217 509 quod
236 432 328 492 velis:
356 448 416 492 nou
439 426 541 507 potest
560 429 640 490 enim
656 430 799 512 cuiquam
813 429 893 487 idem
908 445 1031 504 semper
1048 431 1111 505 pla·

101 528 200 582 dcere
221 516 280 576 nisi
301 524 426 576 rectum.
467 511 614 575 Nesciunt
634 530 707 589 ergo
728 513 883 588 homines,
914 513 987 589 quid
1007 515 1111 588 velint,

131 602 189 662 nisi
210 601 261 661 illo
282 608 450 673 momento,
481 615 542 675 qun
565 599 686 661 volunt:
714 599 744 657 in
765 605 859 658 totum
878 598 951 658 nulli
966 599 1046 658 velle
1061 605 1114 659 eet

62 758 66 764 q
131 687 212 747 nulle
233 685 387 746 decretum
408 691 465 746 est.
494 683 629 744 variatur
651 683 762 743 cotidie
782 681 926 743 iudicium
941 689 972 741 et
991 682 1022 742 in
1039 697 1112 743 cun·

130 770 255 830 trarium
269 769 392 829 vertitur
402 784 440 828 ac
450 768 607 844 plerisque
619 767 717 842 agitur
729 767 790 826 vita
802 783 856 841 per
867 768 977 827 lusum.
1006 767 1113 826 Preme

131 868 205 929 ergo
228 853 312 929 quod
333 851 478 928 coepisti:
507 860 538 913 et
557 852 690 912 fortasse
709 852 889 926 perduceris
905 858 958 911 aut
974 852 1014 911 ad
1030 867 1112 910 sum-

132 954 214 998 mum
233 944 285 997 aut
306 953 360 1010 eo,
384 937 469 1012 quod
490 952 641 996 summum
657 936 792 996 nondum
809 950 880 994 esse
896 936 982 996 solus
998 936 1109 994 intelle·

103 1031 198 1098 lgas.
233 1019 332 1096 „Quid
352 1021 419 1096 liet,
440 1021 556 1096 inquis,
579 1020 650 1081 huic
671 1020 778 1080 turbae
801 1018 981 1079 familiaria
1010 1019 1111 1080 Turba

131 1108 190 1166 ista
210 1121 279 1166 eum
294 1122 313 1165 a
328 1113 356 1165 te
372 1105 458 1179 pasci
474 1105 612 1175 desierit,
636 1103 706 1179 ipsa
720 1119 755 1163 se
771 1109 893 1178 pascet,
916 1111 967 1164 aut
981 1104 1066 1178 quod
1081 1110 1110 1163 tu

130 1189 282 1250 beneficio
303 1195 356 1248 tue
371 1205 432 1251 non
448 1197 538 1265 pates
554 1190 648 1261 scire,
672 1187 861 1264 paupertatis
876 1188 1047 1267 sciesgilla
1062 1202 1112 1246 ve-

132 1290 185 1335 ros
202 1280 366 1348 certosque
380 1273 496 1334 amicos
511 1272 667 1334 retinebit:
690 1273 829 1332 discedet
843 1271 985 1348 quisquis
998 1287 1060 1331 nou
1072 1279 1110 1345 te,

133 1358 190 1419 sed
211 1356 294 1417 aliud
316 1356 511 1432 sequebatur.
544 1373 606 1418 non
628 1363 676 1417 est
695 1363 794 1418 autem
814 1356 864 1414 vel
886 1356 926 1416 ob
942 1356 1003 1415 hnc
1018 1372 1112 1415 unum

132 1440 264 1502 amanda
285 1449 467 1516 paupertas,
497 1442 596 1516 quod,
625 1441 782 1516 aquibus.
797 1441 923 1514 ameris,
950 1440 1113 1500 ostendet?

134 1524 297 1602 Oquando
319 1526 369 1585 ille
388 1524 592 1598 venietdies,
617 1541 679 1600 quc
701 1540 791 1584 nemo
812 1524 843 1583 in
864 1524 1013 1585 honorem
1027 1532 1112 1585 tuum

102 1610 307 1679 ementiaturt
336 1610 404 1670 Huc
418 1625 493 1683 ergo
506 1610 706 1682 cogitationes
720 1616 789 1668 tuae
800 1609 940 1680 tendant,
956 1609 1017 1669 hoe
1029 1624 1111 1682 cura,

132 1695 192 1755 hoc
209 1702 296 1770 opta,
320 1694 422 1754 amnia
442 1694 502 1753 alia
523 1700 593 1753 vota
608 1694 667 1753 dec
681 1693 883 1768 remissuruS,
905 1701 937 1753 ut
951 1699 1111 1752 contentus

132 1777 176 1839 sis
197 1786 290 1839 temet
310 1778 381 1853 ipso
403 1785 433 1838 et
454 1794 494 1838 ex
513 1784 543 1838 te
563 1777 760 1837 nascentibus
782 1776 882 1838 bonis.
913 1792 993 1851 quae
1011 1784 1113 1852 potest

132 1879 204 1924 esse
224 1862 351 1923 felicitas
372 1863 522 1938 propiort
556 1862 674 1936 Redige
695 1868 724 1921 te
746 1861 785 1920 ad
805 1878 916 1937 parva,
940 1877 979 1920 ex
1001 1862 1111 1937 quibus

132 1947 244 2007 cadere
258 1963 320 2008 non
334 1945 455 2022 possis,
478 1947 570 2022 idque
585 1953 617 2006 ut
632 1946 773 2006 libentius
789 1945 900 2019 iacias,
920 1945 958 2004 ad
972 1944 1032 2007 hoc
1045 1962 1112 2021 per-

131 2031 237 2104 tinebit
251 2031 394 2092 tributum
410 2028 501 2090 huius
517 2030 682 2104 epistulae,
699 2030 783 2105 quod
799 2031 898 2090 statim
911 2031 1076 2090 conferam.

102 2125 120 2181 9
194 2115 336 2175 Invideas
357 2115 443 2173 lieet:
469 2115 640 2175 etiamnunc
660 2115 789 2174 libenter
809 2130 864 2189 pro
888 2129 936 2174 me
958 2114 1114 2188 dependet

131 2199 293 2274 Epicurus.
330 2196 686 2272 „Magnilicentior,
713 2197 805 2257 milri
831 2199 962 2272 crede,
986 2214 1113 2258 sermo

132 2291 220 2344 tuus
252 2284 288 2343 in
320 2281 484 2357 grabate
519 2282 714 2343 videbitur
740 2290 777 2343 et
805 2282 840 2342 in
870 2297 1003 2358 panno.
1039 2298 1112 2342 non

133 2368 229 2428 enim
252 2367 431 2427 dicentur
451 2373 596 2427 tantum
617 2367 700 2440 illa,
723 2366 792 2426 sed
810 2366 1113 2441 probabuntur.“

132 2452 198 2527 Ego
213 2457 296 2511 certe
310 2450 397 2511 aliter
410 2450 518 2525 audio,
542 2467 622 2527 quae
637 2450 709 2512 dicit
722 2451 893 2512 Demetrius
909 2459 1023 2524 noster,
1043 2467 1113 2512 cum

132 2537 216 2597 illum
231 2533 293 2595 vidi
307 2534 437 2609 nudum,
460 2542 573 2610 quante
588 2536 688 2596 minus
703 2551 795 2611 quam
809 2533 839 2594 in
856 2537 1045 2610 stramentiS,
1067 2535 1111 2596 in·

91 2620 307 2686 lucubrantem:
337 2635 398 2680 non
419 2627 603 2695 praeceptor
623 2620 703 2694 veri,
730 2618 787 2680 sed
807 2621 894 2680 testis
916 2628 973 2680 est.
1012 2620 1112 2695 „Quid

131 2709 227 2778 ergo?
254 2718 314 2762 non
342 2702 411 2763 licet
436 2703 556 2764 divitias
581 2704 611 2763 in
637 2705 706 2765 sinu
731 2704 849 2779 positas
875 2710 1113 2765 contemnerer‘

35 2827 40 2836 -
132 2787 237 2864 quidni
255 2786 365 2847 liceatt
386 2796 416 2849 et
432 2786 482 2848 ille
496 2788 626 2863 ingentis
641 2789 732 2848 animi
747 2796 809 2863 est,
833 2789 884 2864 qui
899 2789 968 2849 illas
983 2787 1111 2849 eircum-

131 2872 218 2932 lusas
233 2868 307 2943 sibi,
329 2873 454 2933 multum
469 2873 584 2949 diuque
598 2873 737 2947 miratuS‚
759 2874 844 2948 quud
859 2874 899 2933 ad
914 2890 948 2933 se
962 2872 1110 2946 venerint,

129 2956 208 3016 ridet
229 2970 365 3031 suasque
381 2958 465 3019 audit
481 2958 579 3033 magis
594 2972 666 3018 esse
681 2974 772 3033 quam
788 2959 887 3019 sentit.
922 2956 1049 3019 Multum
1064 2964 1112 3017 est

18 3043 25 3055 ‘
130 3055 192 3099 non
213 3041 367 3117 corrumpi
387 3041 558 3103 divitiarum
581 3041 791 3103 contubernio.
824 3059 952 3118 magnus
968 3043 1034 3116 ille,
1058 3042 1116 3118 qui

89 3122 161 3184 ltin
182 3124 294 3185 divitiis
315 3143 435 3203 pauper
454 3132 511 3187 est.
551 3125 696 3201 ‚,Nescia‚
719 3125 839 3202 inquis,
862 3127 1019 3203 quomado
1036 3143 1111 3203 pau-

131 3216 276 3285 pertatem
297 3210 355 3271 iste
375 3213 491 3272 laturus
512 3211 563 3285 sit,
586 3209 613 3271 si
627 3209 658 3271 in
673 3210 755 3271 illam
770 3212 938 3272 inciderit.“
969 3227 1026 3271 nec
1042 3226 1109 3286 ego,

128 3293 252 3369 Epicuri
266 3312 307 3356 aa
321 3296 459 3358 aemulus
474 3294 532 3356 iste
549 3311 669 3372 pauper
682 3303 913 3372 contempturus
929 3296 969 3356 sit
980 3295 1109 3367 divitias,

117 3381 153 3436 εί
166 3379 200 3437 1'n
219 3381 291 3441 illas
310 3379 469 3442 inciderit:
492 3381 596 3458 itaque
615 3381 647 3441 in
664 3389 798 3456 utraque
815 3395 904 3440 meus
920 3379 1108 3440 aestimanda
