2422 3862
237 235 407 298 EPISTUL.
421 235 516 299 Mola.
537 235 610 297 LIB.
620 236 701 297 xlv.
720 235 777 299 ΕΡ.
789 245 816 297 2.
839 243 911 312 (90.)
1015 239 1080 304 203

91 408 160 454 sam
179 389 367 450 altitudinem
387 403 511 448 crocum
531 385 694 447 latentibus
715 386 825 448 fistulis
840 389 1004 465 exprimat,
1028 392 1079 466 qui

91 477 222 550 euripos
237 473 338 534 subito
354 486 503 546 aquarum
518 469 624 545 inpetu
639 469 735 545 inplet
749 480 801 533 aut
815 472 912 533 siccat
931 481 961 532 et
974 489 1078 535 versa-

92 561 158 623 tilia
173 556 388 618 coenationum
396 554 554 630 laquearia
567 554 609 614 ita
616 562 818 629 coagmentat,
834 563 868 616 ut
878 556 1010 618 subinde
1021 559 1080 619 alia

94 645 193 705 facies
214 649 308 717 atque
328 641 389 700 alia
411 639 559 700 succedat
579 645 609 699 et
629 638 740 700 totiens
755 647 835 701 tecta
853 641 996 715 quotiens
1010 643 1079 702 feri·

95 730 167 789 cula
181 732 348 796 mutentur,
370 741 409 784 an
424 739 511 797 eum,
536 722 633 798 quiet
649 722 716 783 aliis
731 730 761 784 et
775 724 833 784 sibi
846 723 907 784 hoc
921 733 1079 798 monstrat,

95 828 189 888 quam
210 810 285 870 nihil
305 809 395 870 nobis
415 816 523 869 natura
544 808 652 867 durum
678 822 715 867 ac
735 806 860 869 difficile
879 810 1080 885 imperaverit,

94 911 193 972 posse
207 910 266 954 nos
279 893 417 954 hahitare
433 892 501 953 sine
521 890 720 953 marmorario
737 907 776 952 ac
789 893 892 968 fabro,
912 909 1009 969 posse
1022 910 1080 955 nos

94 981 226 1040 vestitos
246 993 319 1040 esse
339 978 406 1038 sine
427 975 611 1038 commercio
629 976 813 1050 sericorum,
834 993 930 1052 posse
950 993 1008 1039 nos
1028 977 1084 1038 ha-

94 1064 170 1125 bere
189 1063 298 1123 usibus
320 1061 435 1122 nostris
455 1060 649 1133 neccssaria,
671 1061 698 1120 si
719 1063 852 1123 conteuti
874 1062 1019 1123 fuerimus
1033 1063 1081 1136 iis,

96 1162 177 1222 quac
197 1155 278 1207 terra
298 1146 403 1221 posuit
422 1146 453 1204 in
473 1151 615 1205 summo?
643 1160 734 1220 quem
750 1145 777 1206 si
797 1145 903 1206 audire
916 1145 1082 1207 humanum

95 1247 195 1306 genus
212 1231 358 1303 voluerit,
374 1238 436 1292 tam
451 1244 679 1303 supervacuum
695 1230 772 1290 sciet
787 1228 846 1289 sibi
860 1246 993 1306 coquum
1010 1246 1082 1292 esse

96 1332 190 1390 quam
205 1314 339 1375 militem.
368 1314 413 1374 llli
429 1314 586 1388 sapientes
601 1314 723 1374 fuerunt
733 1320 786 1375 aut
797 1321 879 1374 certe
891 1314 1081 1390 sapientibus
1091 1328 1125 1384 16

95 1400 229 1474 similes,
255 1397 369 1474 quihus
389 1397 534 1473 expedita
555 1406 620 1458 erat
643 1399 737 1459 tutela
762 1398 913 1473 corporis.
952 1397 1083 1474 simplici

96 1499 172 1544 cura
189 1489 333 1544 constant
346 1483 538 1543 necessaria=
559 1483 591 1541 in
611 1481 737 1543 delicias
759 1481 923 1542 laboratur.
954 1499 1013 1543 uon
1029 1483 1082 1542 de·

97 1566 251 1628 siderabis
271 1566 419 1639 artifices,
443 1567 470 1627 si
492 1581 625 1642 sequere
644 1573 792 1626 naturam.
827 1566 878 1626 illa
894 1567 990 1625 noluit
1010 1581 1083 1628 esse

95 1652 263 1712 districtos.
279 1651 318 1711 ad
331 1666 543 1726 quaecumque
557 1667 615 1712 nos
628 1651 766 1725 cogebat,
780 1651 932 1711 instruxit.
953 1649 1082 1725 „Frigus

96 1735 289 1797 intolerabile
303 1743 351 1797 est
366 1736 488 1811 corpori
504 1735 619 1796 nudo.“
648 1735 721 1810 quid
736 1742 832 1809 ergo?
852 1750 912 1794 non
925 1736 1023 1808 pelles
1039 1735 1078 1795 fc·
1112 1785 1114 1791 .

96 1836 199 1879 rarum
224 1828 254 1881 et
278 1821 407 1881 aliorum
429 1819 602 1880 animalium
625 1835 649 1880 a.
664 1820 778 1894 frigore
799 1817 874 1880 satia
898 1816 1082 1894 abundeque

97 1904 265 1964 defendere
276 1911 412 1979 queunte
426 1921 487 1966 non
497 1904 662 1965 corticibus
675 1902 817 1964 arborum
831 1904 998 1977 pleraeque
1009 1918 1082 1978 gen·

96 1995 144 2047 tes
167 1995 272 2061 tegunt
289 1995 443 2064 corporat
473 2006 535 2049 non
557 1987 659 2048 avium
682 1989 803 2063 plumae
823 1989 854 2047 in
875 2003 965 2048 usum
987 1985 1082 2048 vestis

97 2080 323 2134 conseruntur?
347 2090 408 2135 non
429 2073 585 2148 hodieque
606 2089 716 2148 magna
732 2071 916 2152 Scytharum
938 2088 1009 2146 pars
1025 2079 1083 2133 ter·

96 2155 144 2230 gis
159 2157 297 2231 vulpium
312 2157 447 2218 induitur
461 2173 498 2217 ac
515 2173 650 2228 murum,
673 2173 752 2232 quae
773 2164 855 2217 tactu
872 2156 975 2229 mollia
994 2163 1026 2218 et
1038 2156 1090 2216 in··

98 2241 299 2316 penetrabilia
315 2241 416 2302 ventis
431 2249 525 2302 suntf
559 2241 666 2318 „Opus
681 2248 843 2303 esttamen
858 2242 990 2302 calorem
1007 2238 1082 2302 solis
1090 2249 1126 2306 1‘l

99 2323 207 2384 aestivi
221 2325 330 2385 umbra
345 2327 499 2387 crassiore
516 2326 721 2403 propellere.“
750 2326 823 2401 quid
839 2331 935 2401 ergo?
953 2342 1014 2386 non
1030 2340 1082 2385 ve·

97 2416 197 2469 tustas
216 2410 311 2469 multa
332 2409 449 2471 abdidit
468 2412 553 2482 loca,
576 2427 657 2486 quae
678 2411 728 2471 vel
748 2408 858 2470 iniuria
872 2409 1019 2484 temporis
1033 2409 1084 2469 vel

98 2491 159 2551 alio
176 2492 314 2566 quolibet
329 2509 405 2555 casu
420 2502 568 2555 excavata
584 2495 614 2554 in
629 2510 756 2569 specum
770 2499 986 2555 recesserunt?
1009 2490 1083 2566 quid

97 2582 197 2651 ergot
218 2592 279 2636 non
301 2579 456 2652 quaelibet
475 2578 627 2652 virgeam
644 2585 756 2638 cratem
772 2584 934 2638 texuerunt
948 2592 1040 2635 mauu
1054 2582 1085 2636 et

98 2660 149 2719 vili
166 2659 339 2721 obliverunt
352 2663 430 2733 luto,
447 2663 559 2721 deinde
573 2662 613 2722 de
626 2661 738 2735 stipula
749 2661 880 2735 aliisque
892 2659 1083 2720 silvestribus

98 2760 252 2818 operuere
270 2745 423 2820 fastigium
444 2753 475 2806 et
495 2744 608 2821 pluviis
630 2761 686 2820 per
700 2745 820 2805 devexa
833 2744 1006 2805 labentibus
1020 2742 1084 2804 hie·

97 2844 176 2888 mern
193 2829 342 2889 transiere
357 2831 480 2891 securit
508 2830 582 2906 quid
599 2837 695 2905 ergo?
722 2846 783 2891 non
804 2828 834 2889 in
851 2829 977 2890 defosso
992 2831 1084 2890 latent

100 2910 242 2989 Syrticae
263 2921 372 2988 gentes
395 2915 570 2991 quibusque
592 2921 718 2991 propter
739 2914 849 2976 nimios
864 2915 940 2975 solis
956 2914 1084 2974 ardores

98 2996 213 3056 nullum
237 3003 444 3072 tegumentum
463 2999 538 3059 satis
560 2998 746 3074 repellendis
772 2997 926 3059 caloribus
953 2998 1085 3059 solidum

98 3086 147 3138 est
161 3079 222 3140 nisi
236 3081 306 3155 ipsa
326 3098 416 3142 arens
430 3083 562 3143 humust
593 3084 660 3145 Non
683 3085 738 3144 fuit
752 3090 813 3143 mur
832 3082 953 3144 inimica
969 3089 1085 3156 natura,
1094 3091 1129 3146 18

97 3170 145 3237 ut,
161 3181 231 3225 cum
248 3165 391 3226 omnibus
406 3167 473 3227 aliis
490 3167 671 3229 animalibus
686 3167 807 3228 facilem
821 3175 921 3227 actum
935 3167 1016 3228 vitae
1032 3166 1087 3227 da-

98 3255 155 3321 ret,
176 3248 269 3309 homo
292 3251 378 3310 solus
394 3266 454 3310 nou
471 3258 579 3326 posset
593 3251 660 3312 sine
680 3258 725 3312 tot
740 3250 856 3312 artibus
870 3251 985 3313 vivere.
1013 3250 1086 3309 nihil

97 3329 207 3391 horum
229 3332 267 3393 ab
282 3333 333 3392 illa
348 3333 437 3395 nobis
452 3334 634 3408 imperatum
651 3341 714 3407 est,
735 3334 809 3394 nihil
827 3349 920 3409 aegre
936 3349 1086 3409 quaeren-

99 3415 190 3490 dum,
211 3423 246 3476 ut
266 3417 368 3491 possit
383 3418 446 3478 vita
467 3418 611 3493 produci:
631 3419 670 3478 ad
686 3425 794 3494 parata
806 3418 868 3477 nati
884 3434 1007 3479 sumus=
1027 3432 1086 3476 nos

100 3499 204 3560 omnia
229 3499 320 3561 nobis
346 3500 483 3562 difficilia
508 3501 639 3563 facilium
665 3500 789 3563 fastidio
816 3500 954 3561 fecimus.
995 3500 1088 3559 Tecta
