2422 3862
331 211 502 275 EPISTUL.
517 213 612 274 Mon.
634 213 706 277 LIB.
722 215 744 273 Ι.
764 214 820 277 ΕΡ.
833 221 859 277 9.
1041 211 1082 278 17

97 366 196 429 hostili
211 366 359 429 custodio
372 365 489 428 liberet.
526 368 581 442 Qui
598 385 633 429 se
648 376 767 444 spectat
780 377 810 430 ει
826 376 952 444 propter
966 370 1025 432 hoc
1041 372 1080 432 ad

99 450 261 514 amicitiam
276 451 376 525 venit,
389 454 469 511 male
483 453 605 527 cogitat.
627 453 886 528 quemadmodum
901 452 1018 528 coepit,
1035 456 1078 516 sic

97 536 229 598 desinet=
254 535 376 611 paravit
391 536 519 596 amicum
534 536 700 598 adversum
714 538 816 598 vincla
829 538 956 596 laturum
972 554 1079 613 opem=

98 637 161 681 oum
182 619 317 694 primum
339 620 493 696 crepuerit
513 627 636 694 catena,
656 621 804 682 discedet.
837 621 903 681 Hae
921 628 992 682 sunt
1006 625 1111 683 ami-9

97 705 197 778 oliae,
222 719 303 779 quas
326 705 587 779 temporarias
611 707 747 780 populus
761 707 910 782 adportat:
933 709 985 781 qui
999 707 1078 768 ulili-

98 789 161 851 tatis
177 803 277 851 causa
288 787 474 863 adsumptus
490 797 550 859 est,
567 788 683 849 tamdiu
699 790 846 864 placebit,
863 791 1007 867 quamdiu
1022 791 1078 851 uti·

98 873 130 933 lis
144 872 249 935 luerit
275 872 342 933 Hoc
355 887 390 932 re
405 870 552 932 florentes
570 873 737 933 arnicorum
752 875 840 935 turba
858 875 1076 936 circumsedet:

96 958 177 1017 circa
198 971 330 1029 eversos
348 955 457 1030 ingens
478 956 612 1017 solitudo
628 966 689 1029 est,
712 966 742 1019 ει
760 958 832 1018 inde
844 958 933 1020 amici
948 959 1076 1036 lugiunt,

96 1041 145 1105 ulai
160 1040 342 1116 probantur.
372 1040 430 1100 hac
449 1058 483 1101 re
498 1041 558 1101 ista
570 1047 615 1100 tot
629 1042 745 1101 nelarie
759 1045 901 1118 exemplu
916 1052 987 1104 sunt
1002 1045 1074 1104 alio-

94 1142 160 1186 rum
177 1132 264 1187 metu
275 1125 527 1200 relinquentium,
550 1126 677 1186 aliorum
692 1133 773 1186 metu
789 1127 989 1202 prodentium.
1023 1145 1076 1190 ne·
1125 1155 1128 1161 ·

94 1225 185 1271 cesse
207 1216 256 1273 est
269 1209 356 1271 initia
376 1209 453 1269 inter
473 1226 508 1270 se
524 1218 554 1270 et
568 1209 669 1270 exitus
684 1219 867 1286 congruant:
890 1212 943 1287 qui
958 1212 1075 1273 amicus

93 1310 165 1355 esse
181 1294 300 1368 coepit,
316 1297 400 1369 [qnia
415 1295 552 1370 expedit,
572 1300 602 1355 ει
615 1295 736 1372 desinet]
759 1296 831 1370 quia
845 1296 985 1371 expedita
1012 1297 1075 1370 pla-

93 1379 174 1439 cebit
189 1378 218 1438 ei
234 1376 362 1453 aliquod
374 1376 503 1452 pretium
516 1385 622 1438 contra
634 1378 810 1453 amicitiam,
832 1378 858 1439 si
874 1380 967 1441 ullum
981 1378 1012 1440 in
1025 1379 1076 1440 illa

92 1464 196 1538 placet
210 1468 334 1536 practer
347 1462 457 1538 ipsam.
489 1462 522 1521 In
539 1463 613 1538 quid
628 1463 757 1523 amicum
772 1471 869 1538 paror
890 1463 1116 1537 uthaheam,1o

93 1563 149 1622 pro
173 1562 237 1622 quo
258 1545 336 1607 mori
354 1547 488 1622 possim,
515 1552 549 1607 ut
567 1545 712 1620 habeam,
735 1562 824 1621 quem
840 1547 870 1607 iu
886 1547 1010 1607 exilium
1026 1563 1073 1608 se-

93 1620 301 1712 quar,[cuius
324 1647 374 1690 me
394 1630 482 1692 morti
503 1636 554 1704 [et]
578 1631 733 1706 obponam
753 1638 782 1691 ει
800 1630 981 1705 impendam:
1007 1631 1073 1702 ista,

94 1732 185 1792 quam
201 1723 235 1775 lu
251 1714 416 1785 describis,
440 1716 603 1790 negotiatio
620 1721 681 1788 est,
698 1732 758 1775 non
775 1708 921 1787 amicitia,
939 1729 1018 1788 quae
1036 1714 1075 1773 ad

92 1799 290 1861 commodum
313 1799 446 1872 accedit,
472 1815 552 1873 quae
573 1798 647 1874 quid
662 1808 866 1859 consecutura
887 1799 926 1857 sit
946 1804 1074 1873 spectat.

92 1884 159 1945 Non
175 1883 270 1945 dubie
289 1883 381 1943 habel
402 1883 517 1958 aliquid
538 1883 636 1942 simile
651 1882 800 1942 amicitiae
815 1882 956 1942 adlectus
972 1897 1073 1941 aman·
1085 1891 1113 1945 1ι

91 1968 178 2047 duro.
206 1967 312 2043 possis
330 1967 432 2028 dicere
448 1968 529 2027 illam
544 1982 615 2026 csse
630 1964 768 2026 insanam
785 1966 959 2026 amicitiam=
988 1983 1073 2026 num·

94 2053 168 2130 quid
190 2067 265 2127 ergo
282 2051 471 2129 [quisquam]
488 2057 569 2111 amat
582 2048 659 2110 lucri
674 2056 790 2111 causat
817 2051 965 2126 numquid
978 2050 1072 2111 ambi·

92 2135 185 2199 lionis
200 2145 254 2198 aut
268 2135 406 2212 gloriae?
432 2137 500 2211 ipse
517 2152 571 2210 per
587 2151 622 2195 εε
637 2151 722 2195 amor
738 2135 871 2196 omniurn
885 2134 1010 2196 aliarum
1026 2151 1071 2195 re-

92 2239 158 2285 rum
180 2222 350 2296 neglegens
372 2218 490 2281 animos
512 2221 541 2279 in
569 2217 763 2296 cupiditatem
786 2220 902 2280 formae
922 2236 983 2281 non
1007 2219 1073 2279 sine

93 2323 149 2383 spe
163 2313 288 2366 mutuae
304 2304 436 2364 caritatis
451 2305 599 2365 accendit.
634 2303 711 2377 Quid
727 2310 823 2379 ergo?
843 2320 882 2364 ex
896 2303 1073 2364 honestiore

92 2405 190 2452 causa
204 2389 266 2450 coit
281 2387 378 2463 turpis
392 2389 554 2449 adlectus?
572 2382 658 2461 „Non
673 2388 786 2464 agitur,
806 2388 922 2463 inquis,
937 2402 1019 2450 nunc
1034 2386 1115 2448 dela

91 2474 165 2550 hoc,
182 2489 222 2534 au
238 2470 371 2533 amicilia
384 2481 511 2548 propter
526 2489 561 2532 se
576 2475 674 2548 ipsam
691 2473 867 2548 appetenda
881 2471 950 2531 sit.“
977 2471 1073 2530 Immo

93 2574 165 2621 vero
180 2557 257 2617 nihil
271 2557 370 2632 magis
382 2557 573 2632 probandum
584 2565 640 2617 est.
662 2574 730 2617 naui
743 2557 770 2617 si
787 2563 912 2632 propter
925 2570 960 2615 se
975 2554 1073 2628 ipsam

92 2642 270 2720 expetenda
293 2648 356 2716 εει,
386 2649 489 2717 potest
510 2641 549 2700 ad
571 2638 651 2701 illam
674 2641 836 2714 accedere,
864 2639 917 2714 qui
942 2653 978 2698 se
1002 2634 1072 2713 ipso

93 2735 256 2789 contentus
272 2733 329 2787 est.
359 2724 544 2799 „Quomodo
561 2740 634 2800 ergo
652 2725 691 2784 ad
707 2725 788 2784 illam
810 2722 973 2784 acceditt“
997 2740 1072 2798 quo-

93 2812 184 2873 modo
200 2811 322 2871 adrem
338 2809 585 2885 pulcherrimam,
601 2825 662 2869 uon
677 2811 762 2869 lucro
778 2816 887 2883 captus
902 2823 959 2868 nec
974 2806 1070 2867 varie·

92 2903 152 2958 tate
169 2896 321 2957 fortunae
341 2894 534 2969 perterritus:
563 2893 694 2955 detrahit
713 2891 863 2953 arnicitiae
884 2893 1071 2952 maiestatem

93 2996 194 3055 suain,
216 2981 269 3056 qui
291 2979 373 3038 illam
393 2977 534 3054 paratad
552 2976 652 3040 bonos
670 2993 772 3039 casus.
797 2977 844 3038 Se
865 2978 1115 3037 contentusll

95 3072 152 3126 εει
167 3064 343 3139 sapiens.
372 3063 446 3136 hoc,
468 3063 508 3121 mi
522 3062 633 3138 Lucili,
649 3063 787 3138 plerique
802 3076 963 3136 perperam
981 3059 1071 3120 inler-

94 3156 263 3224 pretantura
289 3147 459 3223 sapientem
478 3145 614 3222 undique
635 3146 819 3208 submovent
839 3154 869 3205 ει
883 3145 960 3205 intra
973 3152 1072 3205 cutem

96 3248 178 3295 suam
195 3239 322 3308 coguut.
351 3231 599 3307 distinguendum
619 3238 802 3305 autemest,
825 3228 898 3305 quid
921 3237 951 3288 et
967 3237 1071 3303 quate-

95 3333 148 3380 nus
163 3335 228 3380 vox
243 3317 305 3378 isto
318 3317 487 3392 promittat;
512 3331 547 3376 se
562 3321 721 3376 contentus
733 3322 781 3375 εει
792 3314 917 3389 sapiens
932 3312 971 3372 ad
984 3312 1073 3372 beate

96 3401 275 3475 vivendum,
297 3416 358 3461 non
374 3401 411 3461 ad
429 3401 603 3461 vivendum.
631 3399 745 3462 adhoc
760 3394 1078 3461 enimmultisiltire-

97 3485 151 3548 bus
172 3503 255 3561 opus
276 3492 336 3557 est,
357 3485 401 3545 ad
419 3485 496 3547 illud
516 3493 635 3550 tantum
657 3488 764 3553 animo
787 3503 871 3551 sano
893 3492 928 3549 et
944 3485 1055 3544 erecto
1070 3481 1107 3536 ει

119 3587 219 3624 srnrcn
235 3586 304 3624 nrm
320 3572 364 3626 lli.
919 3581 945 3635 ῃ
