2422 3862
192 216 212 275 d
450 211 481 269 L.
502 209 648 269 ANNAEI
670 207 844 268 SENECAE

191 377 221 430 et
239 364 513 443 quemadmodum,
530 363 638 422 dicam.
668 377 779 420 causas
797 360 985 435 paupertatis
997 375 1083 420 meae
1098 359 1165 419 rcd-

192 453 271 511 dam.
303 448 365 509 Sed
382 448 482 508 evenit
498 445 586 519 mihi,
608 444 691 521 quod
713 443 869 519 plerisque
890 460 951 503 non
967 459 1024 504 suo
1040 443 1112 505 vitio
1128 444 1166 503 ad

161 542 176 595 5
191 535 326 610 inopiam
338 533 485 593 redactis:
501 545 607 590 omnes
619 529 797 603 ignoscunt,
812 543 901 588 nemo
914 529 1072 587 succurrit.
1089 528 1168 602 Quid

191 635 264 694 ergo
289 623 358 676 εειι
389 632 449 674 non
472 622 544 689 puto
570 628 751 688 pauperem,
779 612 825 671 cui
855 613 1168 686 quantulumcumque

191 709 348 778 superest,
376 706 423 760 sat
443 705 504 759 est:
537 706 569 758 tu
593 705 693 757 tamen
712 696 792 777 maio
815 711 920 755 serves
942 704 1009 770 tua,
1032 705 1062 756 ει
1084 697 1167 756 bono

189 793 328 862 tempore
348 784 487 858 incipies.
519 797 590 841 narn
615 788 648 840 ut
669 780 769 840 visum
789 786 836 840 est
855 780 1022 839 maioribus
1044 780 1168 852 nostris,

141 875 157 929 ι
190 886 261 930 sera
275 867 461 945 parsimonia
475 867 504 925 in
521 865 615 925 fundo
628 871 683 924 εει.
706 880 766 924 non
783 863 862 922 enim
880 870 994 923 tanturn
1012 864 1168 924 minimum

151 972 155 977 ·
190 954 219 1012 in
237 954 314 1028 imo,
330 953 385 1012 sed
403 949 568 1026 pessimum
584 956 729 1008 remanet.
751 949 838 1006 Vale.

549 1103 764 1160 EPISTULA
785 1104 819 1160 ΙΙ.

456 1197 566 1248 Sunuci.
584 1198 695 1248 Luonro
714 1209 766 1247 suo
786 1208 925 1248 sauurnu.

162 1307 173 1357 1
251 1297 298 1355 Ex
319 1296 366 1354 his
391 1311 470 1370 quae
490 1295 562 1354 mihi
578 1295 702 1367 scribis,
724 1302 754 1354 et
769 1309 807 1352 ex
823 1292 870 1353 his
887 1309 966 1368 quae
984 1293 1093 1367 audio,
1115 1293 1166 1353 bo-

190 1396 259 1440 nam
275 1395 364 1454 spem
376 1379 414 1439 de
426 1386 455 1439 ιε
471 1380 622 1455 concipio.
643 1379 709 1439 Non
723 1379 869 1439 discurris
883 1393 939 1437 nec
952 1377 1090 1453 locorum
1104 1393 1166 1437 mu-

189 1463 356 1525 tationibus
378 1463 565 1537 inquietaris.
601 1463 683 1538 aegri
699 1461 790 1522 animi
804 1463 863 1522 ista
879 1461 1000 1521 iactatio
1018 1471 1074 1522 est.
1110 1463 1166 1537 pri-

190 1564 271 1608 mum
299 1554 510 1624 argumentum
539 1547 720 1622 conpositae
747 1546 857 1606 mentis
882 1545 1039 1619 existimo,
1073 1562 1170 1621 posse

159 1641 176 1692 2
192 1633 363 1694 consistere
379 1638 409 1692 et
424 1647 528 1709 secum
544 1631 665 1692 morari.
688 1631 766 1690 Illud
784 1638 884 1691 autern
903 1629 1010 1703 vide,
1033 1645 1077 1689 ne
1094 1631 1170 1691 ista

190 1717 311 1778 lectio
343 1722 543 1776 auctorum
570 1717 775 1775 multorum
804 1723 839 1774 et
864 1715 985 1774 omnis
1011 1716 1169 1789 generis

191 1797 1169 1874 voluminumhabeataliquidvagurnetinstabiie=

191 1885 282 1946 certis
304 1885 434 1959 ingeniis
455 1885 599 1944 inmorari
619 1893 649 1944 et
669 1883 807 1944 innutriri
823 1889 958 1958 oportet,
981 1883 1007 1942 si
1022 1882 1100 1943 velis
1116 1884 1169 1942 ali-

192 1968 265 2044 quid
281 1967 417 2042 trahere,
439 1969 523 2043 quod
543 1967 574 2028 in
596 1969 697 2029 animo
718 1967 848 2027 fideliter
863 1968 978 2028 sedeat.
1010 1967 1169 2042 Nusquam

190 2060 238 2112 εει
260 2054 311 2128 qui
325 2051 441 2128 ubique
463 2061 520 2113 est.
553 2053 654 2113 Vitam
669 2053 699 2111 in
715 2049 961 2126 peregrinatione
976 2051 1169 2125 exigentibus

190 2136 249 2197 hoc
272 2136 386 2207 evenit,
411 2144 443 2196 ut
465 2138 557 2196 muita
572 2135 707 2212 hospitia
722 2133 866 2208 habeant,
890 2138 988 2197 nullas
1006 2135 1169 2196 amicitias.

190 2220 271 2281 idem
293 2220 413 2281 accidat
432 2235 562 2280 necesse
584 2227 631 2279 εει
653 2219 717 2291 his,
742 2218 793 2294 qui
808 2220 920 2280 nuliius
937 2236 971 2280 εε
986 2218 1108 2294 ingenio
1125 2222 1169 2279 ia-

190 2304 343 2364 miiiariter
367 2304 536 2379 adplicant,
563 2304 619 2364 sed
648 2303 748 2364 onmia
776 2304 888 2365 cursim
915 2312 945 2365 et
965 2313 1169 2380 properantes

158 2388 403 2449 utransmittunt.
430 2388 496 2448 Non
514 2386 641 2462 prodest
656 2387 742 2447 cibus
758 2404 815 2448 nee
831 2390 953 2463 corpori
969 2389 1100 2463 accedit,
1117 2388 1171 2464 qui

190 2473 291 2534 statim
313 2479 453 2547 sumptus
475 2470 625 2531 emittitur.
657 2471 730 2530 nihii
752 2489 850 2547 aeque
874 2475 1031 2533 sanitatem
1052 2471 1171 2548 inpedit

191 2573 283 2632 quam
303 2555 508 2616 remediorum
530 2555 637 2615 crebra
657 2557 791 2617 mutatio.
824 2574 885 2617 non
907 2557 989 2619 venit
1004 2557 1113 2618 volnus
1130 2557 1169 2617 ad

190 2639 376 2711 cicatricem,
399 2639 429 2699 in
446 2656 507 2714 quo
522 2639 742 2702 medicamenta
756 2649 948 2716 temptantur.
978 2658 1039 2703 non
1057 2656 1169 2702 conva-

190 2723 278 2785 lescit
293 2725 410 2798 planta,
433 2737 513 2798 quae
534 2739 628 2800 saepe
642 2725 832 2785 transfertur.
862 2724 934 2786 nihil
951 2734 1009 2786 tam
1025 2726 1097 2787 utiie
1112 2733 1168 2798 est,

190 2816 222 2867 ut
241 2805 273 2867 in
297 2806 426 2867 transitu
447 2805 559 2882 prosit:
582 2806 734 2886 distringit
753 2809 898 2870 librorum
919 2811 1087 2872 multitudo.
1115 2811 1168 2870 ita·

191 2906 252 2966 que
269 2906 338 2951 curn
352 2891 455 2965 legere
471 2908 532 2964 non
548 2891 668 2968 possis,
692 2900 838 2970 quantum
852 2894 1014 2966 habuerim
1032 2895 1106 2955 satis
1122 2901 1170 2955 εει

158 2974 319 3046 *habena
333 2981 477 3050 quantum
490 2976 585 3061 legas.
613 2976 703 3050 „Sed
716 2979 824 3053 modo,
837 2979 953 3054 inquis,
966 2980 1047 3040 hunc
1058 2977 1168 3039 tibrum

189 3059 333 3119 evolvere
354 3061 440 3133 volo,
466 3062 557 3122 modo
580 3062 692 3122 iilum.“
726 3061 923 3125 Fastidientis
946 3063 1096 3124 stomachi
1123 3072 1169 3124 εει

189 3143 283 3204 muita
298 3142 476 3220 degustare,
498 3161 577 3221 quae
597 3146 650 3206 ubi
670 3147 756 3206 varia
777 3156 849 3209 sunt
863 3155 892 3208 et
907 3148 1046 3223 diversa,
1069 3148 1167 3224 inqui-

188 3236 276 3301 nant,
301 3244 362 3288 non
389 3231 481 3291 alunt.
523 3228 672 3292 Probatos
699 3229 801 3306 itaque
827 3248 951 3308 semper
976 3234 1061 3309 lege,
1088 3232 1168 3294 etsi

189 3310 313 3384 quando
328 3312 367 3373 ad
381 3313 459 3375 alios
475 3311 583 3376 diverti
598 3314 732 3389 libuerit,
754 3317 793 3375 ud
808 3316 927 3392 priores
942 3317 1024 3377 redi=
1051 3316 1168 3394 aliquid

188 3395 299 3456 cotidie
318 3398 469 3460 adversus
490 3404 715 3475 paupertatem,
739 3400 853 3476 aliquid
873 3403 1024 3482 adversus
1039 3410 1167 3465 mortem

179 3479 289 3539 auxilii
307 3497 459 3560 conpara,
482 3498 540 3544 nec
561 3481 661 3544 minus
683 3483 834 3547 adversus
849 3493 967 3547 ceteras
986 3495 1102 3563 pestes.
1138 3496 1167 3547 et
