2422 3862
237 261 406 323 unsrun.
420 252 514 322 non.
537 236 815 325 namneus.
835 267 923 336 (ιω).
1009 261 1071 328 ssl

217 416 477 488 Pecuniairtpens
487 416 606 488 pennis
618 415 742 474 humum·
756 415 870 489 bonam,

176 502 227 560 eui
238 515 297 559 nort
310 501 445 573 voluptas
459 500 564 558 metris
578 503 632 558 cut
644 497 774 558 blandae
785 503 880 573 potest

172 600 235 660 pur
248 599 310 643 esse
320 584 424 658 prolis,
439 597 498 642 non
511 597 599 642 sacer
613 584 725 642 meritr's
737 597 867 656 parens:

176 674 237 728 turn
250 668 337 727 dulce
349 668 379 727 si
392 667 466 741 quaid
486 665 653 727 Venerium
668 668 746 726 aolfu
759 668 857 738 meent,

176 754 279 811 merito
292 752 345 811 illu
358 765 474 810 umores
487 752 621 810 coelitum
636 756 724 824 utque
736 750 884 810 bammum
898 755 999 809 movet.

93 836 167 895 Cum
186 835 216 893 bi
238 833 397 894 novissimi
415 833 532 893 versus‘
546 832 576 892 in
597 833 755 909 tragoedia
768 831 923 907 Euripidis
938 847 1072 907 pronun·
1080 846 1114 899 15

92 919 154 979 tiati
179 925 298 992 essent,
324 925 406 978 totus
427 917 563 993 populus
584 917 625 976 ad
645 917 815 977 eiciendum
833 923 864 976 et
885 923 1019 977 actorem
1044 922 1073 976 et

93 1017 214 1062 carmen
237 1001 434 1062 consurrexit
449 1017 512 1060 uno
533 999 653 1075 inpetu,
675 1000 774 1060 donec
786 998 951 1074 Euripides
966 999 996 1059 in
1011 1015 1072 1060 me-

92 1087 175 1147 dium
191 1086 259 1161 ipse
277 1085 427 1162 prosilivit
441 1091 566 1159 petens,
588 1090 621 1144 ut
634 1091 849 1159 exspectarent
862 1083 1072 1160 viderentque,

93 1185 184 1246 quem
206 1169 371 1230 admirator
390 1169 456 1228 auri
470 1169 583 1228 exitum
603 1169 731 1229 faceret=
754 1167 846 1228 dabat
862 1167 892 1227 in
907 1167 957 1228 illa
971 1167 1073 1229 inbuta

91 1269 210 1330 poenas
224 1252 495 1328 Bellerophontes,
518 1268 596 1327 quas
611 1251 641 1311 in
658 1267 715 1312 sua
730 1253 864 1328 quisque
878 1253 939 1313 dat.
969 1251 1115 1315 nulla16

92 1339 172 1398 enim
187 1336 355 1397 avaritia
370 1336 455 1396 sine
470 1351 597 1410 poena
619 1342 692 1408 est,
710 1336 886 1411 quamvis
907 1336 1005 1395 satis
1021 1337 1074 1397 sit

92 1424 179 1498 ipsa
210 1435 431 1497 poenarum.
471 1435 488 1479 o
515 1426 659 1495 quantum
687 1420 893 1493 lacrimarum,
926 1427 1071 1495 quantum

93 1506 231 1567 laborum
253 1506 361 1581 exigit!
390 1519 480 1579 quam
501 1504 614 1564 misera
635 1503 831 1576 desideratis,
855 1518 946 1577 quam
960 1503 1073 1562 misera

92 1589 189 1664 partis
214 1596 276 1650 estt
321 1589 409 1649 adice
442 1586 612 1648 cotidianas
638 1586 875 1657 sollicitudines,
908 1601 989 1660 quae
1014 1602 1072 1661 pro

94 1673 185 1733 modo
210 1673 342 1734 habendi
368 1687 522 1748 quemque
548 1671 744 1732 discruciant.
779 1669 895 1730 maiore
922 1676 1072 1731 tormento

93 1759 224 1833 pecunia
239 1757 416 1834 possidetur
436 1772 525 1831 quam
542 1755 706 1832 quaeritur.
734 1759 879 1831 quantum
895 1754 1014 1814 damnis
1029 1753 1073 1813 in·

92 1849 285 1916 gemescunt,
308 1856 387 1917 qnae
408 1848 438 1901 et
458 1856 568 1915 magna
582 1840 720 1901 incidunt
739 1847 768 1899 et
787 1838 928 1900 videntur
941 1839 1072 1898 maiornt

93 1925 227 2000 denique
247 1932 279 1986 ut
299 1925 357 1984 illis
378 1925 500 1985 fortuna
519 1923 593 1984 nihil
607 1923 758 1998 detrabat,
780 1919 927 1998 quicquid
941 1937 1003 1982 non
1019 1921 1073 1981 ad·

94 2009 234 2084 quiritur,
258 2010 401 2070 damnum
424 2014 482 2070 est.
526 2009 588 2083 „At
601 2005 719 2068 felicem
735 2008 818 2068 illum
831 2004 971 2067 homines
986 2011 1016 2065 et
1030 2005 1074 2065 di·
1082 2012 1115 2069 17

92 2092 182 2153 vitem
198 2101 310 2154 vocant
324 2100 355 2154 et
369 2093 520 2169 consequi
536 2098 657 2168 optant,
674 2098 821 2168 quantum
836 2089 887 2150 ille
903 2090 1073 2166 possidet.“

92 2176 211 2237 Fateor.
236 2178 309 2254 quid
324 2184 421 2252 ergof
440 2185 473 2239 tn
487 2179 566 2238 ullos
583 2192 656 2238 esse
672 2175 862 2238 condicionis
878 2175 992 2252 peioris
1008 2173 1073 2235 exi·

92 2259 198 2321 stimas
218 2278 308 2336 quam
325 2260 377 2336 qui
392 2260 505 2322 habent
520 2269 550 2323 et
564 2260 717 2322 miserium
733 2269 763 2322 et
773 2260 939 2321 invidiam?
958 2260 1073 2321 utinam

93 2344 145 2419 qui
167 2343 288 2405 divitias
309 2345 441 2419 optaturi
461 2354 581 2421 essent,
604 2362 674 2406 cum
695 2343 838 2406 divitibus
854 2343 1072 2405 deliberarent!

91 2426 205 2486 utinam
217 2426 353 2488 honores
361 2429 481 2501 petituri
494 2445 562 2489 cum
573 2428 745 2490 ambitiosis
756 2435 787 2488 et
795 2444 944 2488 summum
952 2426 1073 2500 adeptis

92 2509 247 2582 dignitatis
271 2515 397 2570 statumt
423 2511 563 2586 protecto
585 2518 657 2573 vota
673 2519 852 2583 mutassent,
870 2526 938 2570 cum
956 2509 1073 2569 interim

92 2592 134 2652 illi
150 2609 231 2653 nova
246 2592 428 2668 suspiciunt,
443 2610 513 2654 cum
530 2595 634 2670 priora
648 2592 866 2654 damnaverint.
888 2606 978 2652 nemo
993 2593 1073 2652 enim

91 2683 147 2751 est,
164 2675 212 2738 eui
230 2678 360 2738 felicitas
371 2692 439 2751 sua,
453 2677 571 2738 etiamsi
585 2693 680 2738 cursu
692 2676 784 2748 venit,
799 2674 976 2736 satisfaciat.
999 2692 1072 2750 que·

92 2769 198 2822 rantur
221 2769 251 2821 et
271 2762 310 2821 de
332 2761 468 2822 consiliis
488 2768 519 2821 et
540 2762 580 2822 de
598 2760 798 2838 processibus
813 2758 878 2822 suis
895 2760 1073 2835 maluntque

92 2861 223 2921 semper,
243 2862 323 2922 quae
337 2844 536 2922 reliquerunt.
580 2846 687 2922 Itaque
706 2846 778 2908 hoc
799 2843 870 2906 tibi
890 2842 1116 2919 philos0·18

91 2930 180 3005 phia
199 2931 437 3004 praestabit,
462 2948 523 3006 quo
547 2929 690 3006 equidem
709 2930 783 2990 nibil
798 2927 897 2990 maius
914 2928 1072 2990 existimo:

91 3030 290 3089 numquam
311 3023 347 3076 te
370 3015 588 3092 poenitebit
607 3017 671 3076 tui.
703 3015 753 3075 Ad
773 3015 927 3074 banetam
942 3012 1073 3074 solidam

91 3098 274 3172 felicitatem,
289 3116 379 3175 qnam
391 3107 559 3175 tempestas
568 3101 649 3160 rudia
657 3099 818 3172 concutiat,
833 3113 894 3158 non
903 3098 1074 3173 perducent

91 3189 122 3243 te
133 3190 203 3258 apte
215 3184 310 3244 verba
322 3190 464 3246 contexta
476 3192 506 3246 et
517 3184 613 3246 orrttio
625 3183 727 3246 finiens
738 3183 860 3245 leniter=
881 3189 960 3256 eant,
973 3189 1072 3243 utvo-

90 3267 160 3340 lent,
175 3267 245 3327 dum
261 3268 361 3329 animo
372 3269 546 3345 conpositio
558 3285 614 3330 sua
626 3275 754 3342 constet,
767 3269 837 3329 dum
850 3265 890 3329 sit
901 3282 1029 3343 nragnus
1041 3272 1072 3326 et
1191 3312 1194 3316 .

92 3349 269 3423 opinionum
291 3368 419 3414 securus
433 3361 463 3414 et
478 3353 517 3414 ob
533 3354 618 3430 ipsu,
646 3368 725 3430 quae
740 3352 809 3414 aliis
824 3351 996 3427 displicent,
1012 3347 1071 3411 sibi

91 3435 227 3508 placens,
245 3436 297 3511 qui
309 3439 479 3512 profectum
495 3454 585 3499 suum
595 3438 658 3500 vitu
669 3436 815 3500 aestimet
822 3442 857 3496 et
864 3431 1090 3495 tantumsens

90 3515 254 3594 scindicet,
278 3529 424 3596 quantum
441 3540 505 3587 non
524 3522 623 3604 cupit,
643 3503 1118 3604 qnanmmnonumeuusxs·
