2392 3870
125 224 190 291 800
418 222 452 283 L.
470 220 615 280 ΛΝΝΑΕΙ
634 220 811 281 SENECAE

84 384 157 443 ltet
175 392 273 440 snam.
318 374 383 437 Sed
402 382 436 435 ut
455 391 618 438 removeas
633 375 707 444 ista,
730 381 876 448 quaeant
892 373 1112 434 summabona

128 468 200 524 sunt
210 466 263 521 aut
274 476 461 522 summorum
472 459 645 532 allicientis,
660 456 856 518 nihilominus
866 457 1023 532 prodesse
1035 457 1113 519 inter

128 561 164 607 se
175 545 331 622 sapientes
343 553 484 620 possunt
496 544 633 606 invenire
643 542 723 602 enim
735 541 906 616 sapientem
914 542 1049 616 sapienti
1055 557 1112 618 per

129 645 165 692 se
178 644 230 690 res
248 628 423 705 expetenda
436 637 493 705 est,
510 629 583 705 quia
593 635 701 686 natura
711 623 825 685 bonum
840 641 930 686 omne
943 641 1051 686 carum
1065 635 1114 688 est

128 714 211 777 bono
227 720 258 775 et
272 713 318 773 sic
333 713 466 788 quisque
477 711 656 776 conciliatur
668 710 750 769 bono
766 710 1025 784 quemadmodum
1042 710 1112 770 sibi.

87 800 123 861 :4
190 797 326 858 Necesse
350 802 462 856 estex
487 798 546 858 bac
571 795 752 871 quaestione
773 793 943 868 argumenti
964 809 1063 854 causa
1082 794 1111 856 in

129 883 255 943 alteram
269 887 432 940 transeam.
456 881 660 957 quaeritur
680 879 776 952 enim,
799 894 844 938 an
868 877 1114 940 deliberatu-

129 981 196 1027 rus
211 963 452 1039 sitsopiens,
474 982 518 1026 an
533 964 571 1026 in
586 962 977 1036 consillumaliquem
992 963 1113 1024 advo-

131 1055 304 1110 colurus:
328 1048 413 1123 quod
431 1049 532 1110 locere
546 1050 588 1110 illi
603 1047 810 1109 necessarium
826 1053 883 1120 est,
897 1062 966 1106 curn
981 1046 1115 1109 adhaec

131 1132 229 1192 civilia
243 1140 275 1192 et
287 1130 457 1193 domestica
472 1135 590 1195 venitur
604 1140 648 1205 et,
671 1130 758 1193 atita
771 1129 887 1201 dicam,
909 1131 1060 1192 mortalia.
1085 1133 1114 1192 in

130 1214 178 1276 bis
194 1215 240 1276 sic
250 1215 291 1274 illi
308 1232 387 1291 opus
402 1226 451 1278 est
464 1219 564 1279 alieno
576 1214 705 1278 consilio
720 1215 874 1290 quomodo
888 1215 1020 1288 medico,
1037 1233 1114 1291 quo-

130 1301 223 1363 modo
238 1300 451 1374 gubernatore,
467 1301 623 1376 quomodo
635 1300 787 1360 advocato
802 1305 832 1358 et
846 1297 907 1358 lltis
923 1299 1114 1361 ordinatore.

132 1383 268 1460 proderit
285 1398 359 1460 ergo
374 1385 500 1460 sapiens
516 1384 680 1461 aliquando
696 1381 837 1458 sapienti.
859 1383 1002 1443 suadebit
1016 1386 1115 1444 enim:

130 1466 233 1530 sedin
248 1468 307 1529 illis
323 1484 449 1544 quoque
463 1470 580 1544 magnis
595 1485 632 1529 ao
654 1466 780 1541 divinis,
801 1475 836 1527 ut
857 1465 1006 1541 diximus,
1030 1484 1116 1529 com·

131 1552 260 1615 muniter
281 1553 411 1614 honesta
424 1555 582 1614 mactando
597 1559 629 1614 et
644 1553 762 1612 animos
779 1551 1046 1626 cogitationesque
1060 1553 1114 1612 rni-

92 1637 247 1701 lttscendo
270 1636 351 1698 utilis
373 1637 437 1698 erit.
481 1638 642 1700 Praeterea
662 1636 831 1697 secundum
853 1642 991 1695 naturam
1016 1643 1117 1696 estet

132 1720 248 1781 amicos
269 1721 421 1797 conplecti
441 1730 472 1783 et
492 1723 659 1792 noricorum
680 1728 770 1782 auctu
791 1728 824 1781 ut
844 1735 901 1780 suo
922 1721 1116 1795 proprioque

131 1802 247 1866 laetari.
275 1821 345 1866 nam
360 1805 419 1867 nisi
439 1805 499 1866 hoo
515 1806 693 1880 fecerimus,
714 1820 753 1865 ne
770 1805 865 1865 virtus
881 1803 1006 1879 quidem
1021 1804 1114 1864 nobis

133 1887 335 1964 permanebit,
357 1905 437 1964 quae
453 1891 627 1960 exercendo
642 1907 698 1951 usu
713 1888 761 1951 sui
775 1889 864 1949 valet.
893 1887 990 1946 uirtus
1011 1896 1114 1948 autem

11 2005 19 2019 ι
133 1973 242 2033 suadet
257 1972 430 2047 praesentia
447 1973 718 2047 beneconlooare,
742 1974 771 2032 in
792 1973 923 2032 futurum
940 1974 1115 2046 consulere,

134 2055 303 2119 deliberare
323 2065 354 2116 et
373 2057 531 2119 intendere
549 2059 698 2125 animum:
721 2055 1000 2116 laciliusintendet
1017 2057 1115 2131 expli-

134 2136 284 2213 cabitque,
298 2139 350 2213 qui
361 2141 495 2214 aliquem
506 2139 565 2202 sibi
577 2141 793 2215 adsumpserit.
813 2139 932 2214 quaerit
946 2139 1051 2214 itaque
1064 2147 1117 2200 aut

132 2220 301 2300 perlectum
321 2223 419 2284 virum
439 2232 490 2284 aut
513 2225 723 2300 proficientem
747 2225 942 2297 vicinumque
964 2225 1116 2298 perlecto.

133 2303 271 2380 proderit
284 2313 383 2367 autern
398 2304 449 2368 ille
465 2309 634 2384 perlectus,
651 2308 677 2368 si
695 2307 854 2377 consilium
871 2309 1024 2370 communi
1044 2325 1116 2383 pru·

92 2396 125 2452 16
133 2387 235 2453 dentio
256 2389 374 2455 iuverit.
419 2393 513 2453 Aiunt
527 2392 798 2468 homines-plusin
813 2392 912 2451 alieno
928 2391 1055 2466 negotio
1071 2394 1115 2450 ui·

133 2473 207 2535 dere
224 2490 314 2550 quam
329 2474 358 2536 in
375 2491 442 2536 suo.
465 2476 525 2537 hoc
539 2477 597 2538 illis
613 2475 723 2549 evenit,
742 2492 821 2551 qnos
836 2492 922 2537 amor
940 2476 1116 2536 sui-excae-

133 2566 183 2620 cat
204 2558 378 2636 quibusque
398 2559 568 2640 dispectum
582 2560 725 2631 vutilitatis
744 2559 834 2630 timor
854 2560 883 2618 in
901 2559 1048 2634 periculis
1063 2576 1115 2620 ex-

133 2642 221 2706 cutit:
247 2643 370 2721 incipiet
390 2661 502 2722 sapere
529 2644 666 2709 securior
691 2651 722 2704 et
741 2650 960 2710 extrarnetum
983 2645 1116 2717 positus.

133 2726 188 2788 sed
213 2728 406 2790 nihilominus
429 2731 578 2806 quaedam
593 2738 688 2804 sunt,
706 2743 787 2804 quae
807 2728 896 2787 etlam
912 2729 1071 2802 sapientes
1086 2729 1116 2788 in

133 2808 192 2870 allo
217 2827 305 2886 quarn
326 2813 355 2870 in
378 2827 413 2872 se
433 2814 605 2888 diligentius
619 2813 732 2875 vident.
776 2811 936 2873 Praeterea
954 2812 1029 2871 illud
1049 2813 1115 2873 dul·

134 2891 289 2959 cincinnum
311 2900 341 2956 et
360 2893 598 2958 honestissimum
615 2898 710 2970 „idem
729 2899 802 2957 velte
822 2902 910 2971 utque
927 2897 1005 2957 idem
1018 2900 1116 2957 ιιιιῖκι

132 2975 258 3121 Sapiens
287 2977 416 3053 saplenti
446 2979 628 3054 praestabit:
662 2981 816 3055 egregium
842 2995 921 3055 opus
948 2981 1014 3055 pari
1042 2981 1115 3056 iugo

155 3066 232 3121 ucat.

93 3153 123 3214 ιι
191 3141 327 3206 Persolvi
351 3146 434 3221 quod
449 3161 613 3221 exegeras,
637 3164 821 3222 quamquam
844 3147 873 3207 in
889 3145 998 3207 ordine
1012 3162 1115 3206 rerum

132 3235 213 3301 erat,
240 3243 317 3304 quas
347 3231 509 3292 moralis
536 3231 817 3307 philosophiae
846 3230 1115 3291 voluminibus

132 3312 361 3387 conplectimur.
407 3315 521 3390 cogita,
538 3315 622 3390 quod
637 3317 724 3377 soleo
741 3316 916 3390 frequenter
930 3313 984 3373 tibi
999 3315 1115 3391 dicere,

132 3396 161 3458 ln
184 3395 250 3459 istis
271 3412 327 3459 nos
349 3397 640 3475 nibilnliudquanr
662 3414 790 3464 acumen
804 3414 971 3466 exercere.
1002 3399 1116 3464 totiens

132 3480 211 3542 enirn
234 3480 285 3544 illo
311 3490 463 3544 revertor:
494 3482 566 3558 quid
590 3483 649 3545 istu
674 3498 723 3542 ms
747 3499 797 3547 res
811 3483 926 3549 ,luvam
942 3483 1115 3545 ,fortiorem
