2422 3862
128 212 168 276 14
415 213 447 271 n.
469 213 613 272 annam
637 166 830 272 suuncau'

127 365 298 428 conscribo.
340 366 491 425 salutares
520 364 759 439 admonitiones,
791 368 874 425 velut
899 365 1106 425 medicamen-

124 459 222 511 torum
246 448 362 509 utilium
383 449 630 523 conpositiones,
658 448 753 509 literis
779 449 907 523 mando,
937 464 1010 511 esse
1034 448 1103 510 illas

125 535 270 595 efficaces
287 532 318 592 in
334 533 409 592 meis
426 532 580 593 ulceribus
597 540 758 608 expertus,
781 549 875 606 quae,
898 534 1017 594 etiamsi
1034 550 1104 609 per-

94 625 232 682 asanata
253 634 313 677 non
334 625 417 689 sunt,
439 632 565 691 serpere
581 617 745 677 desierunt.
782 617 907 677 Rectum
925 616 997 691 iter,
1020 618 1105 693 quod

125 719 195 763 sero
208 701 339 775 cognovi
351 708 381 760 et
391 703 494 760 lassus
507 701 646 770 errando,
664 700 731 762 aliis
743 708 889 761 monstro.
907 703 1021 762 clamo:
1040 703 1104 776 „vi-

125 794 201 860 tate,
217 800 430 860 quaecumque
442 786 533 859 volgo
545 786 675 859 placent,
693 801 773 860 quae
786 801 879 846 casus
891 785 1043 846 adtribuit.
1065 785 1103 847 ad

125 886 217 932 omne
232 868 386 930 fortuitum
398 869 512 929 bonum
524 868 689 945 suspiciosi
701 869 868 944 pavidique
879 869 1054 931 subsistite:
1077 876 1106 927 ct

126 957 190 1014 tera
205 962 235 1013 ct
250 953 344 1029 piscis
360 968 417 1027 spe
429 951 532 1027 aliqua
543 953 714 1013 oblectante
726 952 885 1029 decipitur.
908 969 1035 1014 munera
1047 954 1106 1013 ista

126 1039 263 1099 fortunae
286 1038 417 1112 putatis?
445 1037 573 1096 insidiae
592 1045 671 1098 sunt.
701 1038 841 1112 quisquis
857 1045 995 1098 nostrum
1011 1044 1107 1099 tutam

125 1137 217 1196 agere
232 1123 323 1181 vitam
339 1122 436 1194 volet,
452 1128 597 1195 quantum
610 1120 772 1196 plurimum
786 1129 901 1196 potest,
917 1122 976 1183 ista
987 1121 1106 1182 viscata

124 1205 274 1266 beneficia
295 1205 421 1277 devitet,
450 1203 481 1264 in
504 1205 615 1281 quibus
635 1205 695 1265 hoc
710 1221 836 1281 quoque
853 1205 1013 1266 miserrimi
1029 1207 1106 1265 lalli-

95 1299 208 1352 lmur=
232 1290 344 1350 habere
355 1304 413 1348 nos
427 1296 584 1364 putamus,
600 1289 771 1350 haeremus.
800 1291 831 1351 ln
847 1290 1026 1365 praecipitia
1038 1305 1105 1350 cur-

125 1391 180 1435 sus
198 1374 256 1434 iste
275 1373 406 1434 deducit.
430 1372 520 1434 huius
538 1375 697 1434 eminentis
717 1375 794 1433 vitae
811 1375 910 1434 exitus
924 1375 1036 1434 cadere
1047 1381 1105 1434 est.

126 1459 237 1518 deinde
257 1473 296 1518 ne
314 1459 459 1519 resistere
476 1456 599 1534 quidem
622 1458 707 1531 licet,
736 1473 805 1518 omn
826 1459 929 1533 coepit
949 1465 1105 1519 transver-

125 1560 179 1604 sos
203 1560 296 1619 agere
316 1543 446 1602 felicitas
465 1547 519 1601 aut
538 1545 648 1602 saltem
673 1543 786 1612 rectis,
806 1545 860 1599 aut
882 1542 978 1597 semel
997 1555 1106 1603 ruere:

94 1640 183 1692 5non
199 1627 288 1688 vertit
304 1628 439 1698 fortuna,
460 1624 517 1686 sed
532 1626 668 1685 cernulat
680 1634 708 1685 et
723 1626 837 1686 adlidit.
870 1626 956 1686 Hanc
968 1642 1043 1701 ergo
1057 1642 1107 1686 sa-

124 1729 193 1772 nam
210 1728 246 1772 ac
261 1712 415 1772 salubrem
432 1712 558 1770 formam
575 1710 654 1769 vitae
668 1717 782 1782 tenete,
805 1717 837 1770 ut
852 1710 974 1785 corpori
989 1717 1107 1771 tanturn

123 1796 322 1871 indulgeatis,
352 1802 498 1871 quantum
517 1792 619 1854 bonae
640 1794 796 1854 valitudini
817 1795 892 1854 satis
907 1803 963 1854 est.
998 1793 1108 1855 durius

123 1880 314 1942 tractandum
331 1888 394 1952 est,
417 1895 457 1940 ne
472 1879 572 1939 animo
587 1880 665 1938 male
681 1884 801 1953 pareat=
826 1878 912 1937 cibus
929 1880 1041 1938 tamem
1057 1894 1105 1938 se·

124 1966 190 2038 det,
212 1964 297 2040 potio
318 1965 398 2025 sitim
420 1964 609 2038 exstinguat,
631 1962 726 2023 vestis
742 1969 844 2021 arceat
859 1961 969 2038 frigus,
993 1963 1107 2023 domus

124 2048 341 2109 munimentum
364 2048 404 2108 sit
426 2049 578 2108 adversus
600 2048 710 2106 intesta
731 2047 880 2121 corporis.
911 2047 991 2106 hanc
1005 2054 1108 2107 utrum

124 2147 255 2207 caespes
271 2132 419 2204 erexerit,
437 2147 476 2191 an
492 2132 595 2191 varius
611 2128 690 2204 lapis
706 2131 804 2204 gentis
819 2131 951 2203 alienae,
970 2130 1045 2190 nihil
1061 2130 1107 2189 in-

82 2220 89 2297 ³,
123 2222 233 2276 terest=
257 2215 366 2276 scitote
381 2222 441 2274 tam
457 2214 536 2273 bene
552 2215 706 2274 hominem
721 2216 819 2275 culmo
837 2231 926 2289 quam
943 2230 1018 2274 auro
1034 2216 1107 2289 tegi.

125 2301 312 2361 Contemnite
334 2300 450 2372 omnia,
478 2313 557 2372 quae
579 2313 790 2373 supervacuus
810 2299 897 2360 labor
917 2301 1001 2360 velut
1015 2316 1108 2359 orna-

124 2392 257 2444 mentum
279 2400 315 2443 ac
335 2384 431 2443 decus
455 2380 548 2457 ponit.
589 2381 718 2456 cogitate
740 2381 812 2442 nihil
835 2392 954 2457 praeter
970 2382 1108 2444 animum

95 2478 194 2533 besse
218 2469 370 2540 mirabile,
401 2467 449 2527 cui
471 2480 581 2541 magno
604 2466 676 2526 nihil
694 2483 837 2542 magnum
859 2472 935 2528 est.“
973 2467 1005 2527 Si
1028 2469 1107 2528 haee

125 2568 257 2624 meeum,
280 2551 307 2611 si
321 2551 398 2611 hacc
414 2567 482 2611 cum
495 2549 627 2625 posteris
639 2552 757 2626 loquor,
775 2568 834 2612 non
848 2553 955 2612 videor
967 2551 1020 2611 tibi
1035 2556 1106 2628 plus

125 2636 298 2709 prodesse,
318 2652 408 2710 quam
432 2651 499 2696 cum
513 2636 552 2695 ad
567 2635 773 2696 vadimonium
790 2637 958 2696 advocatus
974 2638 1107 2696 descen-

125 2719 244 2793 derem,
265 2726 316 2779 aut
329 2719 440 2779 tabulis
454 2720 625 2780 testamenti
642 2720 765 2779 anulum
779 2719 988 2795 inprimerem,
1011 2729 1063 2780 aut
1075 2721 1106 2780 in

125 2810 233 2861 senatu
255 2803 417 2863 candidato
440 2819 547 2865 vocem
567 2811 597 2864 et
615 2820 735 2864 manum
752 2806 1000 2865 commodarent
1031 2805 1107 2864 Mihi

125 2884 232 2959 crede,
256 2887 308 2962 qui
330 2887 402 2946 nihil
423 2904 514 2963 agere
538 2888 693 2961 videntur,
715 2889 830 2948 maiora
844 2897 951 2965 agunt:
972 2888 1108 2949 humana

124 2966 291 3044 divinaque
308 2971 397 3032 simul
415 2979 550 3033 tractant.

93 3057 109 3111 l
186 3050 248 3112 Sed
264 3055 321 3115 iam
338 3056 408 3117 finis
425 3057 583 3118 faciendus
600 3065 648 3117 est
662 3063 691 3117 et
705 3056 835 3132 aliquid,
852 3064 885 3116 ut
897 3055 1028 3130 institui,
1048 3074 1105 3133 pro

122 3130 182 3192 hac
204 3139 335 3213 epistula
354 3142 600 3216 dependendum.
633 3141 665 3201 id
684 3156 745 3200 non
767 3141 806 3201 de
828 3157 897 3200 meo
912 3141 980 3202 liet:
1002 3141 1106 3203 adhuc

120 3211 286 3288 Epicurum
309 3227 534 3302 conplicamus,
558 3226 645 3286 cuius
666 3224 746 3284 hanc
763 3241 871 3285 vocem
886 3224 1037 3286 hodierno
1057 3227 1107 3287 die

122 3295 199 3372 Ῑθὶζῑτ
232 3308 540 3387 „Philosophiae
575 3309 932 3384 serviastoportet,
966 3317 1004 3370 ut
1035 3310 1106 3371 tibi

122 3389 327 3480 contingat
354 3412 447 3456 vera
473 3395 668 3455 libertas.“
705 3393 770 3453 Non
796 3393 934 3454 differtur
959 3394 988 3453 in
1014 3393 1107 3466 diem,

115 3479 171 3534 <1111
189 3489 229 3534 sc
248 3479 291 3538 illi
311 3478 445 3542 subiecit
459 3487 490 3542 et
506 3478 644 3540 tradidta
674 3475 775 3538 statim
789 3476 1012 3553 circumagitur.
1046 3478 1109 3541 hoo
