2422 3862
176 257 240 320 290
472 257 506 315 L.
529 254 675 314 Annaei
698 253 898 322 sunnonis*

382 409 570 468 Iniuriarum
584 407 746 468 remedium
760 413 804 468 est
816 408 928 468 oblivio.

380 492 529 552 Audentes
539 491 667 565 forium
680 493 769 550 iuvat.

378 576 469 649 Piper
483 578 547 650 ipse
559 576 616 635 sibi
628 574 729 634 obstat.

175 660 367 720 Advocatum
393 657 453 717 ista
472 674 534 718 non
555 665 713 732 quaerunt.
751 656 890 718 adlectus
918 655 1007 733 ipsos
1031 666 1156 733 tangunt

132 751 204 805 titel
225 751 332 804 natura
348 742 407 801 vim
428 758 514 802 suam
530 750 692 803 exercente
708 741 885 816 proficiunt·
910 740 1049 802 Omnium
1063 743 1155 803 hone-

176 836 290 889 starum
318 841 418 886 rerum
444 825 561 886 semina
585 825 675 885 animi
701 833 824 899 gerunt,
851 841 931 900 quae
951 826 1156 886 admonitione

176 912 365 984 excitantur,
398 925 460 970 non
485 909 571 968 aliter
597 925 686 984 quam
714 908 845 969 scintilla
871 907 946 970 ilatu
970 910 1029 969 levi
1055 911 1157 970 adiuta

176 996 278 1070 ignem
293 1011 380 1055 suum
397 993 546 1069 explicat:
562 991 687 1068 erigitur
703 993 815 1065 virtus,
830 1007 899 1053 cum
913 1001 993 1054 tacta
1007 1002 1055 1053 est
1070 1002 1100 1055 et
1113 994 1151 1052 in·

179 1080 276 1154 pulsa.
311 1077 473 1138 Praeterea
496 1077 648 1153 quaedam
670 1083 742 1136 sunt
762 1076 887 1151 quidem
906 1076 938 1136 in
961 1077 1078 1150 animo,
1102 1077 1156 1137 sed

177 1179 284 1237 purum
307 1168 462 1237 prompta,
485 1177 565 1237 quae
588 1158 738 1235 incipiunt
760 1160 789 1219 in
813 1161 957 1236 expedito
979 1176 1066 1236 esse,
1089 1177 1156 1221 cum

177 1245 352 1306 dictasunt.
387 1246 538 1320 quaedam
562 1241 694 1305 diversis
716 1245 792 1305 locis
809 1246 910 1305 iacent
932 1261 1058 1319 sparsa,
1077 1259 1156 1320 quae

178 1329 358 1390 contrahere
373 1328 571 1390 inexercitata
584 1344 671 1388 mens
686 1345 747 1389 non
765 1336 876 1403 potest.
899 1331 1002 1404 itaque
1017 1327 1047 1387 in
1063 1344 1155 1388 unum

178 1414 365 1474 conferenda
380 1422 451 1473 sunt
462 1421 493 1473 ct
505 1413 674 1487 iungenda,
690 1420 724 1473 ut
737 1414 807 1489 plus
822 1415 944 1472 valeant
960 1415 1154 1487 animumque

135 1496 274 1572 somagis
289 1498 445 1557 adlevent:
474 1505 526 1558 aut
547 1498 574 1556 si
596 1505 761 1571 praecepta
782 1497 855 1556 nihil
876 1497 1034 1569 adiuvant,
1058 1496 1156 1558 omnis

177 1582 322 1642 institutio
338 1581 472 1642 tollenda
487 1588 547 1655 est,
563 1582 632 1655 ipsa
644 1590 750 1641 natura
764 1582 895 1642 contenti
910 1597 982 1642 esse
997 1579 1155 1639 debemus.

177 1665 243 1726 Hoc
259 1665 309 1741 qui
326 1664 444 1737 dicunt,
470 1682 530 1725 non
551 1663 657 1724 vident
671 1666 762 1726 alium
779 1665 891 1738 ingenii
906 1679 976 1725 esse
991 1662 1110 1723 mobilis
1127 1670 1157 1722 el

176 1750 284 1823 erecti,
308 1750 399 1809 alium
418 1750 496 1809 tardi
511 1756 542 1809 et
556 1749 691 1822 hebetis,
712 1749 816 1824 utique
837 1748 928 1809 alium
943 1748 1001 1808 alio
1017 1747 1155 1821 ingenio-

178 1834 301 1894 siorem.
330 1832 441 1908 ingenii
462 1833 509 1893 vis
530 1833 705 1909 praeceptis
721 1834 809 1893 alitur
824 1840 855 1892 et
870 1831 980 1893 crescit
994 1846 1156 1906 novasque

135 1915 396 1991 alpersuasiones
408 1917 500 1978 adicit
510 1916 622 1976 innatis
634 1925 664 1978 et
674 1917 842 1993 depravata
852 1917 983 1991 corrigit.
1007 1915 1060 1989 „Si
1076 1915 1154 1989 quis,

178 1999 291 2076 inquit,
308 2017 369 2061 non
388 2000 480 2062 habet
494 2009 576 2061 recta
592 2000 728 2072 decreta,
745 2001 818 2076 quid
833 2000 916 2060 illum
931 2000 1154 2060 admonitiones

178 2084 325 2144 iuvabunt
338 2084 458 2144 vitiosis
481 2084 693 2158 obligatume“
720 2086 786 2144 Hoc
802 2084 933 2157 scilicet,
955 2092 989 2144 ut
1010 2082 1156 2143 illis'libe-·

178 2175 270 2227 retur.
303 2169 465 2227 nonenim
487 2169 637 2228 exstincta
657 2168 686 2228 in
708 2169 760 2228 illo
782 2169 905 2228 indoles
929 2168 1075 2229 naturalis
1101 2175 1156 2238 est,

179 2251 235 2310 sed
251 2250 453 2310 obscurataet
469 2252 636 2325 obpressa:
658 2253 703 2312 sic
716 2267 841 2327 quoque
857 2259 983 2327 temptat
995 2266 1156 2326 resurgere

179 2344 209 2395 et
226 2339 332 2393 contra
346 2350 441 2409 prava
456 2334 567 2396 nititur.
590 2343 785 2396 nuntiavero
804 2336 991 2410 praesidium
1008 2343 1038 2396 et
1053 2335 1156 2394 adiuta

178 2416 353 2493 praeceptis
368 2418 528 2493 evalescit,
543 2419 569 2478 si
584 2427 684 2480 tamen
696 2421 775 2480 illam
792 2420 907 2481 diutina
921 2421 1019 2495 pestis
1035 2435 1096 2478 non
1112 2420 1155 2477 in-

178 2503 249 2564 iecit
264 2517 321 2560 nec
338 2503 472 2562 enecuit:
495 2504 575 2563 hanc
589 2502 668 2563 enim
687 2519 725 2563 ne
741 2503 904 2578 disciplina
920 2505 1043 2579 quidem
1059 2503 1154 2578 philo-

178 2586 306 2663 sophiae
328 2594 391 2648 toto
415 2588 521 2662 inpetu
535 2602 592 2648 suo
609 2587 738 2648 connisa
751 2588 897 2649 restituet.
929 2586 1002 2664 quid
1018 2588 1097 2647 enim
1112 2586 1154 2645 in·

178 2679 273 2731 lerest
287 2671 364 2732 inter
380 2672 502 2732 decreta
518 2670 733 2748 philosophiae
750 2680 779 2732 el
793 2679 974 2746 praecepta,
997 2672 1056 2731 nisi
1072 2671 1156 2746 quod

70 2828 75 2838 Ι
178 2755 228 2814 illa
240 2755 393 2828 generalia
408 2764 573 2830 praecepta
585 2762 672 2827 sunt,
689 2755 765 2815 haec
777 2756 945 2831 specialia?
966 2762 1095 2830 utraque
1106 2771 1156 2814 res

136 2853 170 2906 32
179 2835 342 2912 praecipit,
364 2837 420 2896 sed
445 2839 539 2898 ultera
559 2840 589 2898 iu
611 2847 723 2913 totum,
745 2838 944 2915 particulatim
961 2841 1064 2900 altera.
1097 2837 1156 2911 „Si

179 2919 264 2996 quis,
285 2919 397 2994 inquit,
419 2929 502 2981 recta
517 2923 652 2983 habetet
671 2923 802 2984 honesta
817 2924 956 2995 decreta,
982 2923 1032 2983 hic
1049 2939 1089 2982 ex
1105 2939 1154 2982 su-

179 3018 333 3079 pervacuo
360 3012 535 3066 monetur.“
565 3007 697 3068 Minime.
730 3024 798 3068 nam
824 3007 873 3066 hio
900 3023 1025 3081 quoque
1045 3008 1155 3067 doctus
1191 3052 1194 3055 .

180 3088 302 3163 quidem
317 3096 364 3149 est
378 3090 495 3164 iacere,
519 3107 598 3167 quae
616 3092 720 3167 debet,
743 3093 797 3152 sed
818 3091 895 3152 haec
914 3093 1068 3151 nonsatis
1087 3107 1156 3166 per-

179 3171 279 3247 spicit.
306 3189 367 3233 non
390 3175 470 3234 enim
490 3182 604 3235 tantum
625 3176 797 3237 adfectibus
819 3174 1006 3251 iupedimur,
1024 3191 1086 3250 quo
1102 3173 1155 3233 mi-

179 3273 237 3317 nus
257 3258 417 3332 probanda
438 3260 600 3332 iaciamus,
623 3259 679 3320 sed
700 3259 841 3335 inperitia
862 3258 1053 3333 inveniendi,
1082 3258 1155 3333 quid

180 3357 321 3418 quaeque
334 3359 385 3403 res
401 3344 512 3418 exigat.
539 3343 694 3403 Habemus
714 3344 865 3404 interdum
881 3345 1075 3419 conpositum
1092 3342 1154 3402 ani-

178 3444 275 3500 mum,
296 3428 353 3487 sed
364 3427 499 3488 residem
515 3435 545 3488 et
559 3428 788 3489 inexercitatum
803 3430 842 3488 ad
858 3428 1070 3488 inveniendam
1087 3426 1156 3487 olii·

65 3588 86 3639 ι
136 3513 293 3574 sociorum
308 3511 405 3588 mam,
422 3529 512 3587 quam
526 3511 692 3573 admonitio
707 3514 903 3574 demonstrat.
927 3512 1093 3589 ,‚Expelle,
1110 3507 1154 3569 in-
