2422 3862
136 246 201 310 242
431 247 465 306 L.
487 246 636 307 ANNAEI
658 245 835 307 SENECAE

137 402 254 462 sedem.
295 414 357 459 non
372 399 516 472 nascitur,
537 397 590 459 ubi
606 399 691 471 ebur,
717 398 840 458 necubi
856 400 983 459 ferrum:
1000 401 1071 474 quis
1086 404 1127 464 sit

136 483 246 545 summi
261 483 333 544 boni
348 483 437 544 locus
452 483 597 557 quaeris?
627 482 757 542 animus.
798 481 863 556 hic,
885 483 944 542 nisi
969 499 1068 556 purus
1089 503 1128 548 ae

136 576 262 629 sanctus
277 574 334 640 est
350 566 442 627 deum
456 581 518 626 non
534 565 626 640 capit.

91 657 127 711 tt
197 652 384 726 „Bonum
412 666 462 710 ex
488 651 600 710 malo
631 665 704 709 non
733 648 793 709 iit:
823 648 988 710 divitiae
1014 651 1125 713 fiunt.

136 735 236 797 iiunt
254 744 379 795 autem
395 750 440 794 ex
456 733 639 793 avaritia:
655 732 823 794 divitiae
838 749 930 808 ergo
946 750 1018 794 non
1034 745 1124 797 sunt

136 824 307 880 uanum.“

199 903 286 977 „Non
302 909 363 975 est,
385 901 498 976 inquit,
521 917 627 961 verum
640 900 771 972 bonum,
793 917 833 960 ex
853 903 932 962 maio
949 918 1010 962 non
1026 902 1124 964 nasci.

136 1001 176 1045 ex
192 984 353 1059 sacrilegio
371 983 495 1045 enimet
516 986 596 1045 furto
612 987 744 1058 pecunia
758 984 905 1045 nascitur.
942 986 1046 1061 itaque
1060 1003 1123 1047 ma-

67 1090 70 1096 ·
135 1087 191 1130 aaz
213 1070 335 1144 quidem
356 1079 404 1129 est
425 1067 619 1143 sacrilegium
644 1075 674 1128 et
699 1069 827 1142 furtum,
854 1067 1023 1142 srdidae,
1051 1071 1123 1145 quia

135 1156 223 1229 ptura
237 1154 318 1213 mala
332 1153 404 1213 facit
420 1169 512 1228 quam
526 1152 618 1212 bona.
651 1151 704 1210 dat
724 1151 802 1211 enim
825 1155 958 1226 lucrum,
969 1154 1036 1231 sed
1053 1170 1122 1214 cum

91 1241 225 1312 tamem,
240 1235 454 1310 sollicitudine,
468 1235 626 1297 tormentis
643 1243 673 1295 et
688 1235 779 1294 animi
794 1244 825 1296 et
839 1237 1010 1312 corporis.“
1033 1236 1121 1310 Quis-

136 1322 204 1397 quis
218 1320 278 1381 hoc
294 1319 366 1379 dicit
384 1335 515 1380 necesse
530 1327 578 1380 est
590 1319 720 1394 recipiat
734 1320 943 1396 sacrilegium,
965 1321 1044 1380 sicut
1058 1336 1120 1379 ma-

134 1407 195 1483 lum
212 1405 266 1476 sit,
285 1401 356 1478 quia
372 1403 464 1464 multa
479 1403 659 1475 malefacit,
681 1402 722 1462 ita
737 1401 852 1464 bonum
868 1420 993 1480 quoque
1012 1420 1051 1464 ex
1069 1405 1121 1464 aii-

135 1505 196 1565 qua
222 1494 309 1563 parte
334 1503 419 1558 esse,
445 1487 518 1562 quia
540 1485 655 1562 aliquid
677 1484 855 1547 bonifacia
881 1503 942 1563 quo
966 1487 1041 1562 quid
1055 1487 1122 1547 fieri

133 1570 342 1648 portentosius
360 1577 500 1647 ,potesta
548 1586 733 1645 quamquam
764 1571 971 1645 sacrilegium,
998 1573 1122 1645 furtum,

134 1655 316 1718 adulterium
331 1654 409 1715 inter
423 1655 506 1714 bona
520 1653 625 1721 haberi
642 1670 771 1728 prorsus
787 1653 1007 1729 persuasimus.
1028 1670 1122 1728 quam

133 1740 218 1800 multi
233 1742 314 1800 furto
331 1755 391 1799 non
408 1739 602 1811 erubescunt,
620 1754 710 1813 quam
726 1738 810 1799 multi
824 1734 972 1798 adulterio
988 1738 1121 1811 glorian-

133 1830 203 1884 turt
245 1839 316 1883 nam
330 1821 493 1898 sacrilegia
508 1823 624 1882 minuta
639 1823 819 1898 puniuntur,
846 1836 956 1895 magna
970 1821 1001 1880 in
1016 1822 1120 1881 trium-

91 1908 204 1984 24phis
219 1909 366 1968 feruntur.
405 1907 502 1966 Adice
518 1922 614 1980 nunc,
631 1906 715 1982 quod
730 1904 938 1980 sacrilegium,
955 1905 982 1964 si
997 1906 1121 1965 omnino

135 2007 174 2051 ex
188 1992 293 2067 aliqua
307 1999 393 2066 parte
409 1989 522 2051 bonum
534 1997 596 2064 est,
619 1989 708 2050 etiam
729 1990 891 2051 honestum
912 1990 969 2049 erit
988 1996 1018 2048 ει
1038 1997 1121 2049 recte

135 2077 248 2136 sactum
272 2076 440 2136 vocabitur.
480 2083 586 2135 nostra
606 2075 685 2135 enim
706 2076 785 2135 actio
808 2081 864 2134 est.
905 2074 987 2148 quod
1008 2073 1120 2133 nullius

64 2229 65 2233 Ἰ
133 2160 304 2219 mortalium
320 2158 462 2234 cogitatio
477 2159 594 2234 recipit.
624 2174 699 2233 ergo
714 2159 796 2219 bona
811 2155 898 2217 nasci
910 2173 950 2217 ex
964 2157 1042 2215 malo
1059 2173 1121 2217 non

134 2249 275 2315 possunt.
307 2260 378 2302 nam
395 2243 436 2313 si,
452 2249 485 2302 ut
500 2242 592 2317 dicis,
608 2241 648 2302 ob
663 2242 723 2303 hoc
740 2241 1043 2315 unumsacrilegium
1058 2256 1120 2299 ma·

133 2326 194 2386 lum
209 2331 265 2400 εει,
282 2327 354 2402 quia
371 2328 496 2387 muitum
512 2326 582 2386 mali
597 2325 705 2400 adfert,
729 2327 756 2386 si
776 2325 931 2386 remiseris
946 2325 988 2384 iili
1003 2325 1120 2399 suppli-

134 2409 195 2482 cia,
212 2407 240 2469 si
255 2410 448 2471 securitatem
465 2410 687 2486 spoponderis,
711 2426 750 2469 ex
766 2416 829 2471 totu
845 2410 958 2469 bonum
974 2409 1039 2469 erit.
1076 2416 1120 2467 at-

89 2495 125 2549 25
134 2493 185 2567 qui
207 2493 371 2556 maximum
392 2496 543 2555 scelerum
561 2494 743 2571 supplicium
765 2495 796 2553 in
819 2492 896 2568 ipsis
917 2499 974 2553 est.
1015 2492 1119 2563 Erras,

132 2574 271 2651 inquam,
298 2580 325 2640 si
350 2580 401 2639 illa
422 2580 462 2639 ad
479 2577 652 2638 carnificem
679 2584 731 2637 aut
756 2578 795 2637 ud
821 2592 974 2637 carcerem
995 2575 1120 2635 differs:

134 2659 232 2718 statim
247 2662 424 2737 puniuntur,
445 2678 513 2723 cum
528 2665 608 2723 iacta
625 2670 709 2735 sunt,
731 2661 821 2721 immo
838 2661 909 2721 dum
923 2659 1008 2719 fiunt.
1052 2659 1119 2718 Non

133 2741 268 2802 nascitur
281 2744 385 2821 itaque
399 2762 439 2805 ex
453 2746 533 2807 maio
550 2746 673 2817 bonum,
691 2761 752 2805 non
768 2745 865 2819 magis
883 2760 974 2818 quam
988 2742 1067 2802 ficus
1081 2757 1121 2800 ex

135 2821 212 2880 olea.
246 2827 286 2885 ad
311 2844 416 2888 semen
438 2837 509 2890 nata
528 2829 732 2905 respondent=
752 2830 834 2888 bona
855 2829 1042 2904 degenerare
1057 2840 1120 2884 non

135 2915 277 2998 POSsunt.
312 2909 572 2984 Quemadmodum
595 2929 634 2973 ex
655 2914 737 2988 turpi
758 2913 918 2973 honestum
937 2927 997 2970 non
1019 2910 1121 2968 nasci-

131 2990 187 3056 tur,
204 2992 245 3046 1ta
260 3007 299 3051 ne
320 3009 359 3054 ex
374 2998 454 3059 maio
474 2998 598 3072 quidem
616 2997 741 3059 bonum.
773 3014 842 3057 nam
861 2997 941 3055 idem
962 3001 1009 3053 εει
1024 2993 1119 3052 hone-

89 3072 211 3131 ddstum
226 3079 256 3132 et
270 3074 393 3140 bonum.
436 3081 565 3156 Quidam
583 3096 623 3140 ex
638 3082 751 3142 nostris
767 3081 916 3141 adversus
934 3078 994 3137 hoc
1011 3078 1057 3136 sic
1072 3091 1121 3134 re-

129 3152 303 3220 SP⁰¹¹dent=
332 3172 495 3241 „putemus
510 3165 672 3240 pecuniam
685 3165 801 3225 bonum
817 3180 888 3225 esse
904 3163 1121 3235 undecumque

127 3243 301 3333 sumptam
330 3265 391 3309 non
420 3256 520 3309 tamen
548 3250 617 3310 ideo
647 3265 687 3310 ex
712 3249 872 3322 sacrilegio
903 3245 1034 3321 pecunia
1062 3250 1120 3316 εει,

126 3316 252 3379 etiamsi
267 3340 306 3387 ex
321 3332 481 3408 sacrilegio
498 3334 635 3394 sumitur.
677 3333 744 3393 Hoc
767 3331 812 3392 sic
831 3331 987 3404 intelleget
1016 3329 1046 3387 in
1070 3344 1121 3387 ea-

123 3390 195 3455 dem
220 3419 300 3470 urna
321 3423 350 3476 et
370 3433 478 3478 aurum
506 3424 555 3478 est
585 3423 614 3477 et
637 3418 752 3492 vipera.
790 3417 817 3476 si
843 3431 950 3475 aurum
976 3429 1015 3472 ex
1043 3428 1123 3472 urna

119 3484 303 3571 sustuleris,
320 3501 391 3575 quia
406 3501 467 3560 illic
482 3507 513 3562 ει
525 3500 633 3578 vipera
648 3507 703 3574 est,
726 3517 788 3562 non
804 3500 884 3571 iden,
898 3497 1033 3573 inquam,
1048 3496 1121 3556 mihi
