2422 3862
245 226 416 288 EPISTUL.
431 226 525 288 MOR.
547 227 711 287 LlB.XlV.
732 227 790 287 ΕΡ.
803 235 827 288 1.
851 232 922 303 (89.)
1012 226 1078 292 259

94 381 155 457 guli
175 378 281 439 audire
302 394 362 438 non
386 379 490 450 vultis,
522 377 645 453 publice
666 378 777 438 audite.
813 379 980 455 Quousque
999 381 1122 449 linesaa

93 464 330 542 possessionum
347 461 578 537 propagabitis?
599 477 673 536 ager
686 463 738 522 uni
754 462 893 537 domino,
910 465 963 539 qui
979 482 1077 541 popu·

92 552 156 610 lum
172 549 267 624 cepit,
283 552 433 621 angustus
450 552 506 606 est.
532 562 697 621 quousque
709 547 863 607 arationes
875 557 995 611 vestras
1008 567 1078 625 por·

92 633 213 709 rigetis,
235 647 274 691 ne
292 629 518 706 provinciarum
542 631 665 705 quidem
687 631 788 706 spatio
803 633 937 692 contenti
951 633 1078 694 circum-

93 718 230 778 scribere
252 713 446 790 praediorum
472 715 617 774 modum?
643 714 815 775 inlustrium
841 715 998 776 fluminum
1023 733 1080 794 per

94 801 245 878 privatum
260 801 410 859 decursus
422 805 468 858 est
481 806 512 859 et
522 813 629 858 amnes
640 799 742 873 magni
754 815 994 876 magnarumque
1005 818 1078 878 gen·

94 887 168 947 tium
188 884 306 945 termini
327 899 427 956 usque
449 883 490 942 ad
510 883 622 944 ostium
642 899 661 943 a
681 885 764 944 lonte
791 884 886 945 vestri
905 893 985 946 sunt.
1019 886 1079 946 hoc

95 985 221 1047 quoque
235 984 343 1044 parum
359 975 415 1041 est,
431 965 490 1026 nisi
505 966 672 1029 latifundiis
687 969 799 1029 vestris
819 969 915 1029 maria
930 971 1078 1043 cinxistiS,

93 1055 153 1117 nisi
173 1062 257 1114 trans
272 1051 415 1112 Hadriam
437 1059 466 1111 et
480 1052 598 1112 lonium
611 1055 832 1126 Aegaeumque
853 1062 956 1114 vester
971 1055 1079 1115 vilicus

93 1145 216 1213 regnat,
239 1136 297 1196 nisi
317 1136 451 1208 insulae,
474 1135 586 1196 ducum
609 1135 762 1196 domicilia
782 1152 977 1213 magnomm,
1005 1140 1080 1200 inter

93 1220 243 1282 vilissima
258 1237 360 1280 rerum
375 1228 581 1280 numerantur.
615 1236 706 1296 quam
722 1221 812 1282 vultis
833 1222 893 1283 late
910 1221 1080 1297 possidete.

95 1306 135 1368 sit
150 1305 281 1378 fundus,
307 1304 392 1381 quod
414 1305 581 1380 aliquando
601 1305 760 1380 imperium
783 1307 960 1372 vocabatur.
992 1309 1081 1367 lacite

96 1398 247 1465 vestrum,
269 1387 417 1465 quicquid
434 1389 580 1464 potestis,
603 1389 675 1450 dum
699 1391 769 1466 plus
787 1392 826 1451 sit
847 1389 947 1451 alieni.
994 1391 1122 1455 Nuncar

95 1474 256 1535 vobiscum
276 1476 402 1548 loquor,
425 1489 556 1548 quorum
574 1489 672 1548 aeque
694 1476 832 1550 spatiose
853 1475 974 1535 luxuria
990 1491 1082 1550 quam

95 1561 214 1620 illorum
236 1556 364 1618 avaritia
386 1557 574 1618 diffunditur.
606 1558 695 1619 vobis
713 1559 798 1619 dico:
828 1558 996 1633 Quousque
1016 1559 1082 1618 nul-

94 1647 142 1704 lus
165 1643 222 1703 erit
241 1643 343 1715 lacus,
366 1641 414 1701 eui
437 1658 498 1702 non
518 1643 655 1702 villarum
670 1650 840 1703 vestrarum
860 1643 982 1716 fastigia
995 1641 1081 1701 inmi-

94 1735 201 1800 neant,
223 1726 338 1786 nullum
359 1724 489 1800 flumen,
515 1727 603 1786 cuius
625 1741 688 1786 non
709 1729 792 1802 ripas
816 1725 957 1786 aedilicia
981 1733 1083 1787 vestra

96 1817 298 1887 praetexant?
318 1810 503 1886 ubicumque
517 1811 679 1872 scatebunt
692 1826 840 1886 aquarum
853 1810 1016 1871 calentium
1029 1827 1082 1870 ve-

95 1912 171 1968 nae,
194 1893 236 1954 ibi
256 1911 337 1955 nova
357 1895 529 1956 diversoria
543 1896 682 1956 luxuriae
696 1896 918 1956 excitabuntur.
946 1893 1083 1956 ubicum-

98 1995 159 2056 que
174 1979 204 2038 in
220 1975 353 2054 aliquem
368 1980 468 2039 sinum
483 1980 553 2041 litus
571 1979 761 2055 curvabitur,
784 1997 840 2041 vos
858 1980 998 2054 protinus
1016 1980 1083 2039 lun·

97 2067 240 2125 damenta
256 2063 374 2124 iacietis
389 2080 447 2124 nec
463 2066 595 2125 contenti
610 2066 695 2136 solo,
718 2065 776 2126 nisi
794 2066 878 2140 quod
896 2080 987 2125 manu
1002 2065 1082 2124 lece-

96 2149 178 2221 ritiS,
196 2163 279 2209 mare
295 2149 393 2223 agetis
409 2149 572 2210 introrsus.
604 2150 743 2210 omnibus
760 2151 830 2210 licet
845 2148 922 2210 loois
936 2156 1017 2209 tecta
1032 2165 1083 2207 ve·

98 2242 160 2294 stra
172 2232 400 2307 resplendeant,
420 2233 512 2294 aliubi
529 2234 663 2309 inposita
678 2234 832 2294 montibus
846 2233 877 2293 in
895 2242 1015 2294 vastum
1026 2240 1084 2293 ter·

96 2331 199 2378 rarum
216 2316 373 2391 marisque
390 2325 605 2393 prospectum,
628 2318 721 2379 aliubi
743 2335 782 2379 ex
799 2320 890 2394 plano
906 2319 936 2378 in
953 2317 1084 2378 altitudi-

96 2417 168 2462 nem
183 2399 329 2460 montium
344 2402 469 2462 educta:
492 2417 561 2462 cum
575 2405 669 2463 multa
683 2403 933 2477 aedificaveritis,
952 2417 1021 2461 cum
1039 2399 1084 2458 in-

98 2485 213 2561 gentia,
234 2491 334 2543 tamen
358 2493 389 2544 et
410 2486 530 2559 singula
552 2503 686 2562 corpora
707 2489 781 2547 estis
796 2493 826 2546 et
842 2487 979 2560 parvula.
1010 2483 1085 2558 quid

98 2575 230 2645 prosunt
244 2569 336 2628 multa
351 2568 512 2629 cubicula?
533 2570 639 2630 inuno
658 2571 773 2631 iacetis.
801 2585 861 2629 non
877 2577 925 2629 est
940 2574 1083 2641 vestrum,

97 2653 284 2728 ubicumque
305 2668 366 2713 non
388 2653 472 2713 estis.
506 2654 556 2712 Ad
578 2670 635 2713 vos
656 2654 768 2712 deinde
789 2661 928 2727 transeo,
954 2668 1127 2728 quorumqq

97 2737 253 2814 profunda
279 2742 309 2796 el
328 2736 507 2798 insatiabilis
531 2739 603 2812 gula
622 2737 693 2797 hinc
713 2735 809 2797 maria
828 2742 994 2811 scrutatur,
1015 2735 1086 2796 hinc

97 2831 206 2882 terras.
236 2821 295 2880 alia
309 2820 422 2894 hamis,
445 2823 504 2882 alia
520 2822 656 2897 laqueis,
686 2823 745 2882 alia
760 2821 869 2882 retium
884 2821 978 2882 uariis
993 2837 1085 2896 gene·

97 2907 183 2967 ribus
206 2921 274 2966 cum
296 2921 408 2980 magno
429 2905 534 2966 labore
558 2905 762 2981 persequitur.
791 2906 882 2966 nullis
903 2905 1085 2966 animalibus

98 2991 158 3051 nisi
174 3007 214 3051 ex
229 2989 352 3049 fastidio
367 3006 431 3065 pax
445 2998 506 3051 est:
535 2993 713 3065 quantulum
728 2991 848 3056 existis
864 2990 964 3065 epulis
980 2989 1084 3066 [quae]

100 3091 156 3151 per
176 3081 221 3135 tot
243 3076 419 3149 conparatis
441 3090 549 3136 manus
570 3076 656 3136 sesso
670 3075 879 3150 voluptatibus
895 3090 949 3137 ore
964 3073 1086 3134 libatis?

100 3159 279 3235 quantulum
295 3175 335 3217 ex
349 3158 408 3221 ista
421 3159 486 3219 iera
503 3159 677 3234 periculose
694 3166 784 3234 capta
807 3159 949 3220 dominus
971 3157 1086 3218 crudus

100 3259 137 3303 ac
164 3242 310 3303 nausians
336 3249 457 3317 gustata
490 3244 667 3319 quantulum
692 3259 731 3303 ex
756 3249 801 3303 tot
827 3243 998 3321 conchyliis
1016 3250 1087 3303 ‚tam

100 3328 193 3401 longe
215 3325 352 3386 advectis
377 3343 433 3402 per
452 3327 544 3389 istum
564 3326 756 3389 stomachum
776 3327 992 3401 inexplebilem
1012 3325 1087 3386 labi·

100 3418 170 3471 ture
199 3410 340 3472 lnlelices
356 3411 469 3486 ecquid
488 3410 662 3486 intellegitis
677 3410 822 3471 maiorem
836 3424 895 3470 vos
909 3413 1019 3471 lamam
1034 3408 1087 3466 ha·

101 3496 177 3556 bere
192 3511 284 3570 quam
298 3503 434 3557 ventrem
442 3499 477 3555 t“

879 3578 937 3638 l'l*
1043 3624 1045 3627 -
