2422 3862
156 221 432 294 Eptswtmott.
454 221 632 282 Lutxvtl.
654 221 788 284 liras.
810 229 971 298 (roaros.)
1013 223 1077 290 edi

95 393 158 440 nox
177 375 256 436 aeris
277 374 372 435 infimi
392 375 477 435 vices
499 380 578 434 sunt.
606 381 679 435 tunc
699 374 730 433 in
752 374 885 435 tenebris
906 374 1027 438 vixisse
1045 384 1075 438 te

93 462 196 534 dices,
218 475 286 520 cum
302 466 395 520 totam
411 460 510 525 lucem
524 463 556 518 et
569 464 652 518 totus
667 457 865 533 adspexeris,
887 475 979 536 quom
994 477 1076 522 nunc

93 561 150 621 per
166 541 401 618 angustissimas
418 542 576 602 oculorum
595 543 660 602 vias
677 541 808 601 obscure
823 542 966 616 intueris,
988 551 1019 605 et
1032 553 1075 606 ta·

92 644 163 688 men
184 626 344 687 admiraris
364 624 445 686 iilam
463 625 523 685 iarn
545 627 668 700 procui:
692 625 767 700 quid
787 623 841 685 tibi
860 625 1014 688 videbitur
1029 629 1074 688 di-

92 713 240 785 vinetore,
256 726 325 770 eum
342 711 423 770 iilam
439 725 496 770 suo
513 711 583 770 loco
598 709 734 770 viderist
761 709 863 770 Haeo
885 711 1119 786 cogitatione

92 795 191 855 nihil
217 794 416 855 sordidum
447 794 572 854 animo
605 792 816 853 subsidere
840 793 950 869 sinit,
977 794 1076 856 nihii

93 877 255 953 humile,
283 878 379 939 nihil
406 878 577 938 crudele.
610 878 687 938 deos
714 893 815 937 rerum
842 877 975 939 omnium
1003 894 1074 940 esse

93 970 189 1023 testes
205 963 254 1022 ait.
277 963 336 1022 illis
351 979 409 1023 nos
424 960 598 1037 adprobari,
615 959 718 1021 illisio
734 963 867 1022 futurum
880 960 982 1037 parari
992 963 1076 1025 iubet

93 1055 125 1107 et
151 1046 357 1107 aeternitatem
384 1060 576 1122 proponere:
609 1062 700 1120 quam
727 1047 779 1121 qui
802 1054 903 1107 mente
924 1048 1073 1123 concepit,

93 1130 195 1191 nullos
209 1130 313 1191 horret
327 1131 495 1204 exercitus,
512 1144 572 1188 non
589 1136 719 1190 terretur
732 1130 814 1205 tuba,
830 1131 920 1190 nuliis
935 1131 974 1190 ad
989 1131 1075 1192 tirno-

94 1230 159 1275 rem
174 1215 263 1275 minis
280 1215 388 1290 agitur.
433 1213 543 1288 Quidni
558 1230 619 1274 non
634 1215 745 1288 timeat,
761 1212 814 1289 qui
827 1215 905 1276 mori
920 1222 1032 1290 sperat,
1049 1218 1119 1280 sido

94 1301 120 1359 is
135 1315 275 1375 quoque,
299 1299 350 1374 qui
366 1299 498 1359 animum
514 1298 628 1358 tamdiu
642 1298 756 1358 iudicat
770 1314 908 1371 manere,
930 1299 1076 1373 quamdiu

94 1383 239 1443 retinetur
253 1383 393 1459 corporis
409 1384 545 1457 vinculo,
565 1384 696 1444 solutum
712 1384 813 1444 statim
828 1383 942 1459 spargi,
958 1383 990 1443 id
1005 1383 1075 1459 agit,

94 1473 128 1526 ut
148 1468 239 1527 etiam
260 1475 331 1543 post
351 1475 477 1528 mortem
498 1465 580 1527 utilis
601 1483 673 1527 esse
695 1468 805 1542 possit.
834 1467 975 1543 quamvis
996 1467 1075 1526 enim

95 1551 164 1627 ipse
179 1561 304 1628 ereptus
320 1552 360 1612 sit
373 1552 480 1625 oculis,
500 1559 600 1611 tamen

221 1640 313 1698 molto
326 1639 385 1696 oiri
395 1640 487 1698 odius
501 1638 599 1696 animo
612 1638 777 1711 multusque
789 1640 927 1696 renerent

219 1723 315 1795 penti:
328 1722 428 1782 Itonos.

97 1803 216 1878 Cogita,
240 1813 386 1881 quantum
401 1805 490 1865 nobis
507 1806 647 1879 exempla
662 1804 744 1864 bona
758 1803 894 1879 prosint:
916 1798 999 1862 scies
1013 1818 1075 1862 rna-

96 1903 225 1961 gnorum
238 1889 370 1950 virorum
381 1906 441 1950 non
455 1888 556 1948 minus
568 1887 774 1963 praesentiam
786 1903 857 1948 esse
868 1884 972 1947 utilem
985 1901 1076 1962 quam

96 1971 282 2033 memoriam.
312 1974 399 2034 Vale.

389 2073 604 2168 rrrsruun
625 2110 670 2165 111.
693 2111 783 2180 (roo.)

348 2203 460 2262 sennen
477 2206 589 2258 Lucruo
610 2218 661 2258 suo
681 2217 820 2257 sacurem.

159 2306 237 2380 Quid
248 2309 305 2368 ista
319 2309 540 2385 circumspicis,
557 2327 637 2386 quae
650 2309 702 2370 tibi
716 2314 850 2385 possunt
864 2309 996 2368 sortasse
1007 2322 1076 2367 eve·
1090 2319 1107 2370 1

96 2390 171 2461 nire,
188 2391 244 2450 sed
256 2399 388 2464 possunt
399 2400 429 2452 et
441 2410 500 2453 non
514 2395 657 2453 eveniret
676 2394 847 2454 incendium
859 2391 939 2466 dico,
950 2389 1077 2462 ruinam,

96 2473 171 2545 aiio,
196 2490 273 2547 quae
293 2473 382 2533 nobis
401 2473 553 2550 incidunt,
577 2493 638 2537 non
660 2475 855 2537 insidiantur:
878 2475 929 2534 illa
950 2473 1076 2547 [potius]

95 2556 182 2629 vide,
209 2555 260 2639 illa
282 2557 423 2630 [derita,
450 2575 528 2633 quae
552 2576 610 2619 nos
636 2559 814 2630 observant,
842 2573 922 2631 quae
945 2561 1077 2630 captant.

96 2639 169 2700 Rari
184 2642 332 2700 exst'stunt
346 2657 454 2714 casus,
470 2642 590 2702 etiamsi
605 2657 732 2716 graves,
754 2639 945 2714 naufragium
966 2640 1077 2711 iacere,

96 2723 238 2784 vehiculo
269 2723 379 2784 everti:
413 2725 457 2785 ab
485 2725 638 2785 homine
666 2723 811 2785 homini
839 2722 1078 2782 cotidianum

97 2807 322 2882 pericutum.
345 2810 537 2870 adversus
558 2809 630 2870 hoc
652 2816 686 2869 te
707 2807 862 2883 expedi,
883 2805 943 2868 hoo
957 2805 1078 2867 intentis

97 2892 195 2951 oculis
210 2891 337 2953 intuere.
360 2895 473 2954 nullum
486 2901 534 2955 est
545 2893 656 2954 maium
668 2892 867 2970 frequentius,
882 2891 996 2953 nulium
1009 2906 1078 2966 per·

96 2973 237 3050 tinaoius,
254 2978 368 3037 nullum
383 2977 535 3039 blandius.
564 2979 743 3053 Tempestas
758 2977 895 3051 minetur,
913 2980 1105 3051 antequamt

98 3067 211 3133 surgat.
234 3070 361 3134 crepant
373 3061 522 3136 aedificia,
534 3069 697 3138 antequam
710 3067 868 3123 conruent
885 3057 1080 3136 praenuntiat

98 3143 201 3204 sumus
222 3145 412 3206 incendium:
435 3144 536 3207 subita
557 3153 605 3207 est
624 3162 663 3206 ex
684 3144 807 3208 homine
828 3144 980 3220 pernicies
997 3151 1026 3204 et
1041 3159 1078 3205 eo

98 3226 272 3301 diligentius
287 3231 406 3304 tegitur,
422 3247 484 3305 quo
496 3231 625 3306 propius
638 3229 765 3292 accedit
793 3229 897 3302 Erras,
912 3228 939 3289 si
951 3229 1078 3291 istorum

97 3310 160 3382 tibi,
178 3311 230 3386 qui
247 3323 419 3390 occurrunt,
435 3314 567 3375 voltibus
582 3314 698 3376 eredis:
720 3314 876 3376 hominum
891 3312 1011 3387 effigies
1026 3310 1077 3370 ha-

98 3392 185 3467 bent,
208 3397 323 3459 animos
339 3399 486 3473 ferarum,
508 3400 567 3460 nisi
583 3400 667 3475 quod
682 3398 800 3460 illarum
815 3395 1019 3474 perniciosior
1033 3400 1081 3452 est

100 3477 216 3553 primus
228 3477 385 3543 incursus:
402 3500 481 3560 quos
493 3485 650 3559 transiere,
665 3500 726 3545 non
739 3489 898 3560 quaerunt.
913 3493 1080 3553 numquam

146 3581 248 3622 seneca
260 3585 329 3624 rnre.
348 3571 392 3626 ΙΙΙ.
884 3572 924 3624 ‘n
