2422 3862
98 219 373 284 nplswhdtlfflt.
385 219 568 280 LIB.V.EP.
578 229 619 280 li.
632 224 703 294 (52.)
715 254 749 263 -
763 221 813 280 Vl.
822 219 878 281 ΕΡ.
887 226 992 297 tata.)
1014 218 1075 282 109

97 373 237 450 tellegis,
257 373 314 434 sed
336 373 553 433 conclamatur.
582 368 794 445 relinquantur
813 370 890 431 istae
905 386 1000 433 voces
1015 372 1074 433 illis

97 459 230 532 artibus
246 472 327 534 quae
343 454 533 531 propositum
548 453 662 514 habent
677 454 794 530 populo
811 456 947 530 placere:
975 455 1072 531 philo-

98 542 210 620 sophia
225 542 378 603 adoretur.
411 537 646 599 Permittendum
661 538 718 599 erit
733 538 898 614 aliquando
913 537 1074 600 iuvenibus
1084 538 1117 591 tl

98 627 187 704 sequi
203 627 340 701 inpetum
353 623 460 698 animi,
475 628 547 684 tuno
561 629 678 696 aulem,
694 637 761 682 cum
777 622 836 684 hoo
853 639 892 683 ex
905 623 1011 698 inpetu
1030 624 1072 684 la·

98 713 193 786 cient,
219 726 289 770 cum
309 708 462 770 silentium
483 706 542 767 sibi
564 707 715 782 imperare
735 722 797 767 noa
821 714 972 783 poterunt.
1005 708 1074 769 talis

98 795 232 858 laudatio
254 792 369 870 aliquid
385 790 603 852 exhortationis
624 790 723 852 adlert
743 790 821 867 ipsis
836 790 1029 853 audientibus
1044 799 1075 853 et

98 879 217 942 animos
232 876 474 940 adulescentium
489 874 672 936 exstimulat.
692 875 732 935 ad
746 891 809 935 rem
824 884 1072 950 commoveantur,

60 956 64 962 ’
99 981 158 1025 non
173 964 215 1024 ad
231 962 327 1022 verba
339 960 517 1037 conposita:
545 958 680 1034 alioquin
702 967 792 1019 nocet
814 958 873 1021 illis
889 962 1072 1036 eloquentia,

98 1051 124 1111 si
145 1065 208 1110 non
227 1062 330 1108 rerum
347 1045 542 1121 cupiditatem
557 1044 641 1117 lacit,
657 1044 713 1104 sed
727 1045 783 1105 sui.
812 1043 957 1105 Differam
971 1044 1030 1106 hoc
1044 1045 1073 1104 in
1084 1047 1115 1104 lt

98 1133 282 1210 praesentia.
308 1130 469 1192 desiderat
489 1127 569 1187 enim
586 1128 739 1203 propriam
756 1134 787 1188 et
805 1129 926 1204 longam
942 1145 1071 1191 exsecu-

97 1219 226 1290 tionem,
253 1214 509 1291 quemadmodum
531 1213 646 1288 populo
668 1211 895 1287 disserendum,
919 1213 993 1289 quid
1014 1214 1073 1274 sibi

98 1302 180 1378 apud
205 1300 353 1377 populum
374 1297 609 1374 permittendum
630 1294 685 1370 sit,
710 1296 781 1372 quid
798 1297 913 1373 populo
929 1297 1013 1372 apud
1028 1312 1072 1357 se.

98 1386 248 1447 Damnum
269 1384 392 1460 quidem
414 1382 527 1443 iecisse
542 1379 769 1456 philosophiam
789 1397 851 1441 non
867 1380 924 1442 erit
937 1382 1072 1456 dubium,

98 1479 262 1547 postquam
285 1469 447 1544 prostituta
463 1473 519 1526 est.
549 1466 605 1525 sed
622 1472 724 1540 potest
739 1465 768 1524 in
784 1466 991 1541 penetralibus
1007 1464 1071 1526 suis

99 1555 234 1628 ostendi,
256 1553 283 1615 si
305 1553 396 1614 modo
418 1566 479 1613 non
500 1550 682 1621 institorem,
709 1550 765 1609 sed
779 1548 942 1609 antistitem
964 1555 1073 1608 nancta

98 1648 152 1701 est.
185 1640 272 1700 Vale.

386 1971 420 2052 l.
445 1911 585 2052 trum
613 1965 784 2049 annom

438 2123 490 2172 AD
520 2119 735 2172 Lucillum

139 2239 625 2341 lrlsltllllttlll
672 2237 1028 2340 lltltlmtlll

480 2413 613 2475 LIBER
640 2411 689 2476 vl.
791 2428 796 2439 ·

271 2655 304 2766 x
404 2682 618 2740 amaruan
638 2683 658 2741 r.
686 2682 758 2754 (aa.)

348 2775 458 2828 Snnncn
476 2778 587 2828 Lucnro
607 2788 658 2828 suo
679 2787 817 2830 saturant.

144 2929 146 2933 ι
162 2895 243 2969 Quid
256 2912 317 2957 non
334 2904 435 2972 polest
448 2895 521 2956 mihi
536 2895 731 2973 persuaderi,
753 2895 801 2957 cul
821 2911 1002 2971 persuasum
1025 2890 1102 2956 estl

97 2987 130 3041 ut
153 2979 351 3055 navigarem?
389 2979 474 3042 Solvi
502 2982 576 3042 mari
602 2980 756 3057 languido.
799 2988 864 3041 erat
888 2979 955 3042 sine
979 2978 1098 3041 dubio

98 3065 217 3125 coelum
239 3080 334 3139 grave
355 3064 491 3127 sordidis
506 3066 654 3139 nubibus,
676 3081 755 3141 etune
770 3065 833 3125 lere
847 3072 900 3125 aul
916 3064 1072 3140 inaquam

97 3149 199 3210 autin
222 3157 344 3209 ventum
364 3151 568 3211 resolvuntur.
598 3150 655 3210 sed
677 3149 782 3224 putavi
802 3155 862 3208 tam
878 3164 978 3225 pauca
991 3147 1073 3209 milia

97 3232 322 3309 aPa‘rthenope
338 3241 387 3295 tua
403 3251 502 3309 usque
516 3233 660 3296 Puteolos
672 3231 791 3308 subripi
808 3249 916 3308 posse,
932 3233 1071 3308 quamvis

97 3316 191 3378 dubio
212 3323 244 3376 et
263 3317 446 3392 inpendente
469 3319 566 3380 coelo.
600 3317 703 3393 itaque
726 3333 787 3394 quo
811 3318 939 3378 celerius
961 3317 1070 3377 evade-

96 3416 176 3478 rem,
202 3399 343 3478 protinus
369 3419 425 3478 per
449 3405 542 3465 altum
563 3402 602 3463 ad
622 3402 737 3462 Nesida
757 3400 856 3462 direxi
877 3400 1072 3477 praecisurus

97 3500 207 3548 omnes
232 3485 328 3546 sinus.
357 3487 429 3548 com
449 3487 510 3549 iam
533 3502 571 3550 eo
585 3486 836 3566 processissem,
850 3494 890 3550 ut
899 3482 1128 3563 tmeattththx
