2422 3862
259 231 536 294 Eplsttttatott.
558 234 631 294 LIB.
650 235 702 294 Vl.
724 236 781 294 ΕΡ.
792 244 818 298 6.
841 242 914 317 (58.)
1012 241 1073 305 125

103 385 232 447 inbecilli
247 384 418 461 fluvidique
432 386 590 447 intervalla
605 387 834 448 constituimus:
857 390 897 449 ad
912 389 963 450 illa
977 392 1072 453 mitta·

102 486 166 535 mus
191 467 341 542 animum,
365 485 443 545 quae
464 476 587 530 aeterna
612 478 693 532 sunt.
728 471 872 533 miremur
896 472 927 533 in
953 474 1072 536 sublimi

101 554 261 614 volitantes
280 569 382 612 rerunt
401 553 535 615 omnium
550 555 665 616 formas
682 556 834 631 deumque
848 556 926 617 inter
941 559 991 617 illa
1006 575 1072 619 ver-

98 646 215 699 santem
230 645 261 698 et
274 637 334 697 hoc
350 637 578 713 providentem,
594 633 851 714 quemadmodum
868 656 947 714 quae
961 640 1072 703 inmor-

97 721 168 783 talia
184 723 288 782 lacere
303 737 363 781 non
379 721 493 797 potuit,
516 724 588 798 quia
608 723 735 785 materia
749 723 944 799 prohibebat,
967 726 1071 786 delen-

98 807 186 867 data
208 813 305 866 morte
327 820 363 866 ac
383 806 502 867 ratione
522 806 627 866 vitium
642 808 783 882 eorporis
801 803 911 869 vin'cat.
949 808 1113 871 Mareotae

96 890 176 950 enim
192 897 317 963 cuneta,
339 906 401 950 non
417 891 490 965 quia
503 898 627 952 aeterna
641 899 728 964 sunt,
745 891 801 952 sed
817 890 889 968 quia
905 892 1073 954 detendun-

96 981 144 1035 tur
158 990 235 1034 cura
248 972 400 1049 regentis:
425 975 597 1035 inmortalia
622 982 721 1036 tutore
742 992 804 1037 non
826 983 960 1051 egerent.
996 978 1073 1038 haec

96 1065 264 1119 conservat
287 1059 396 1118 artilex
423 1057 615 1135 fragilitatem
639 1059 783 1120 materiae
807 1061 839 1119 vi
864 1077 921 1121 sua
934 1062 1071 1122 vincens.

95 1143 332 1204 contemnamus
353 1142 468 1216 omnia,
492 1159 572 1218 quae
593 1144 671 1204 adeo
693 1145 829 1218 pretiosa
848 1162 910 1205 non
932 1153 1017 1218 sunt,
1040 1154 1072 1207 ut

93 1243 132 1286 an
157 1227 222 1288 sint
245 1226 382 1298 omnino,
411 1226 536 1287 dubium
558 1225 607 1288 sit.
631 1229 708 1287 lllud
726 1228 815 1288 simul
838 1230 1023 1304 cogitemus,
1046 1229 1114 1294 siaa

93 1311 244 1373 mundum
260 1311 377 1386 ipsum,
400 1327 461 1372 non
477 1312 577 1372 minus
596 1313 752 1372 mortalem
774 1329 865 1387 quam
880 1329 938 1374 nos
953 1330 1070 1387 samue,

93 1395 290 1474 pro-videntia
315 1395 460 1470 periculis
481 1396 599 1467 eximit,
627 1412 723 1470 posse
748 1395 939 1471 aliquatenus
968 1404 1072 1459 nostra

96 1494 223 1555 quoque
237 1477 431 1554 providentia
445 1480 613 1554 longiorem
626 1481 785 1554 prorogari
800 1480 870 1540 hnic
886 1478 1070 1555 corpusculo
1123 1536 1126 1541 .

92 1580 227 1637 moram,
248 1563 275 1623 si
296 1565 487 1638 voluptates,
512 1563 622 1639 quibus
644 1580 716 1638 pars
737 1564 834 1624 maior
848 1564 941 1638 perit,
966 1572 1070 1638 potue-

92 1649 190 1709 rimus
212 1663 319 1722 regere
340 1654 370 1707 et
392 1662 545 1709 coercere.
579 1647 663 1708 Plato
685 1647 754 1722 ipse
774 1646 814 1707 ad
835 1655 1021 1707 senectutem
1037 1651 1113 1708 sebo

93 1731 253 1807 diligentia
270 1731 404 1807 protulit.
441 1739 506 1791 erat
521 1729 645 1807 quidem
661 1746 774 1805 corpus
791 1731 926 1791 validum
942 1747 977 1790 ac
993 1731 1071 1791 lorte

94 1817 222 1877 sortitus
238 1821 268 1874 et
281 1816 324 1875 illi
338 1832 449 1876 nornen
465 1814 593 1875 latitudo
610 1815 744 1889 pectoris
759 1816 887 1887 lecerat,
910 1815 967 1874 sed
989 1816 1070 1874 navi-

92 1901 236 1976 gationes
258 1916 294 1959 aa
314 1901 451 1975 pericula
471 1901 595 1959 multum
617 1898 811 1957 detraxerant
824 1899 955 1958 viribus:
974 1899 1070 1972 parsi·

93 1985 197 2046 monia
211 1984 311 2044 tamen
327 1991 493 2055 eteorum,
517 1997 597 2058 quae
612 1980 785 2042 aviditatem
800 1989 944 2052 evocant,
961 1982 1070 2042 modus

93 2076 124 2129 et
138 2069 271 2143 diligens
287 2068 334 2128 sui
349 2069 442 2129 tutela
455 2067 600 2143 perduxit
613 2066 696 2127 illum
711 2065 750 2125 ad
766 2072 953 2126 senectutem
967 2067 1069 2126 multis

93 2151 331 2230 prohibentibus
347 2152 461 2211 causis.
500 2150 575 2210 Nam
590 2149 649 2211 hoa
666 2151 744 2225 scis,
760 2157 850 2225 puto,
873 2148 989 2210 Platoni
1005 2151 1108 2210 dili-31

93 2238 216 2313 gentiae
231 2253 306 2296 suae
319 2235 470 2301 beneficio
486 2232 667 2310 contigisse,
684 2235 767 2309 quod
782 2233 874 2293 natali
890 2252 947 2295 suo
963 2233 1070 2294 deces-

94 2323 134 2382 sit
148 2329 179 2382 et
193 2337 307 2381 annum
322 2336 415 2380 unum
431 2327 522 2394 atque
538 2317 758 2393 octogesimum
781 2317 907 2392 inplevit
928 2319 995 2378 sine
1009 2319 1070 2378 ulla

94 2406 290 2466 deductione.
324 2404 395 2464 ideo
417 2404 513 2478 magi,
537 2403 589 2478 qui
608 2404 686 2464 lorte
708 2401 837 2462 Athenis
857 2410 957 2474 erant,
975 2401 1069 2460 inmo-

93 2491 237 2549 laverunt
251 2489 405 2561 deluncto,
423 2487 577 2562 amplioris
594 2485 690 2547 luisse
705 2485 797 2547 sortis
814 2502 905 2560 quam
920 2485 1070 2544 humanae

93 2574 161 2643 rati,
179 2573 253 2649 quia
266 2578 514 2633 consummasset
529 2568 783 2646 perfectissimum
797 2585 964 2640 numerum,
979 2583 1070 2642 quem

93 2672 208 2718 novem
230 2655 339 2717 novies
353 2655 550 2730 multiplicata
566 2661 758 2731 conponunt=
779 2668 841 2713 non
859 2652 980 2724 dubito,
998 2648 1070 2725 quin

94 2748 220 2816 paratas
235 2747 311 2802 esset
331 2755 448 2815 paucos
470 2740 537 2799 dics
557 2754 597 2798 ex
618 2739 677 2798 ista
698 2752 816 2799 summa
837 2744 867 2796 et
887 2733 1069 2797 sacrificium

93 2825 256 2885 remittere.
299 2823 405 2884 Potest
428 2823 584 2897 frugalitas
613 2823 785 2899 producere
812 2826 1112 2891 senectutem,3a

94 2926 188 2985 quam
204 2916 242 2969 ut
263 2925 340 2968 non
364 2914 453 2982 puto
477 2906 848 2981 concupiscendam,
871 2905 925 2963 ita
946 2918 990 2961 ne
1011 2919 1070 2962 re-

93 2993 311 3053 cusantiam
333 2991 493 3066 quidem.
529 2991 696 3049 Iucundum
711 2998 758 3050 est
772 3005 844 3048 esse
859 3003 964 3048 secum
981 3002 1071 3061 quam

70 3077 282 3153 diutissime,
305 3092 373 3136 cum
396 3075 465 3151 quis
487 3090 522 3133 se
538 3073 676 3148 dignum,
700 3090 761 3217 zuo
778 3075 944 3149 frueretur,
961 3070 1070 3130 effecit.

94 3162 199 3235 itaque
214 3162 259 3220 de
276 3160 352 3221 isto
369 3161 535 3219 leremus
557 3165 693 3218 senten
736 3173 806 3228 am,
827 3173 872 3215 an
892 3160 1072 3229 oporteat

93 3244 281 3306 fastidire
317 3243 545 3304 senectutis
577 3248 748 3301 extrema
779 3250 816 3300 et
846 3239 962 3298 linem
994 3254 1068 3299 non

92 3328 289 3403 opperiri,
309 3328 381 3388 sed
402 3343 511 3387 manu
533 3328 673 3385 lacere.
709 3323 810 3399 Prope
835 3331 882 3382 est
903 3322 1068 3394 alimenta,

94 3413 148 3487 qui
165 3415 259 3473 latum
273 3410 378 3486 segnis
393 3417 565 3486 exspectat,
589 3409 667 3469 siout
688 3409 738 3469 ille
751 3409 831 3469 ultra
844 3405 972 3466 modum
984 3404 1065 3463 dedi-

92 3503 145 3557 tus
166 3496 238 3556 vino
252 3504 310 3569 est,
335 3496 388 3569 qul
405 3495 586 3572 amphoram
610 3493 754 3559 exsiccat
773 3502 807 3559 et
820 3493 948 3556 laecem
961 3500 1096 3565 attaottwa
