2422 3862
182 235 247 301 tat
494 198 854 306 immansurum

185 409 282 450 carere
293 397 412 465 poterat.
431 392 629 464 potionemque
643 392 747 446 nullam
763 393 816 447 nisi
832 391 944 448 alterius
963 398 1063 450 tactam
1078 395 1165 452 labris

183 475 228 535 vir
240 483 267 533 et
278 493 349 531 uxor
360 476 541 545 hauriebant,
558 475 613 530 alia
628 475 763 548 deinceps
782 492 838 531 non
851 477 941 531 minus
953 477 1047 549 inepta
1058 480 1163 536 iacien-

137 565 173 621 84
184 568 241 630 tes,
253 562 281 616 in
294 575 367 631 quae
379 558 538 631 improvida
549 558 593 614 vis
606 558 729 614 ardentis
741 559 868 615 adlectus
880 562 1053 633 erumpebat.
1077 561 1164 635 Origo

184 644 297 717 quidem
315 643 420 699 amoris
436 642 556 699 honesta
574 648 649 712 erat,
672 643 724 698 sed
744 642 907 715 magnitudo
923 645 1071 700 deformis:
1096 646 1165 701 nihil

184 736 276 785 autem
288 728 419 796 interest,
439 742 522 797 quam
540 741 576 781 ex
593 725 712 781 honesta
724 742 810 781 causa
822 727 883 797 quis
896 726 1025 784 insaniat.
1046 729 1123 785 unde
1139 735 1166 784 et

184 812 295 869 Sextius
308 812 336 864 in
348 810 507 865 sententiisr
519 809 647 881 „adulter
657 815 708 879 est,
720 810 816 880 inquit,
826 810 854 865 in
865 826 945 866 suam
955 828 1074 867 uxorem
1087 829 1164 868 ama-

184 903 227 951 tor
239 894 412 950 ardentior.“
445 893 476 948 In
490 894 583 949 aliena
596 893 699 964 quippe
710 909 799 949 uxore
816 895 906 949 omnis
919 910 998 950 amor
1010 897 1099 967 turpis
1113 903 1165 966 est,

136 984 171 1039 85
183 981 212 1034 in
226 994 277 1034 sua
289 976 400 1031 nimius.
424 973 544 1047 Sapiens
559 976 603 1032 vir
615 974 718 1032 iudicio
730 976 815 1032 debet
826 993 920 1033 amare
933 978 1092 1050 coniugem,
1108 996 1165 1035 non

185 1061 297 1120 affeetu.
322 1066 402 1132 reget
418 1060 538 1131 impetus
554 1060 704 1131 voluptatis
722 1077 776 1116 nec
789 1076 928 1132 praeceps
945 1063 1049 1117 leretur
1064 1063 1093 1118 in
1106 1065 1164 1119 coi-

184 1152 256 1201 tum:
285 1143 351 1199 nihil
370 1150 413 1199 est
430 1142 539 1199 ioedius
555 1157 639 1214 quam
651 1158 769 1198 uxorem
787 1160 882 1200 amare
900 1147 979 1215 quasi
997 1145 1162 1202 adulteram.

186 1227 266 1285 Certe
285 1229 331 1299 qui
347 1227 441 1283 dicunt
455 1244 486 1282 se
502 1243 588 1283 causa
598 1227 768 1299 reipublicae
781 1233 808 1282 et
818 1229 932 1300 generis
943 1227 1058 1284 humani
1071 1231 1163 1286 uxori·

184 1314 236 1369 bus
253 1313 331 1384 iungi
351 1317 377 1367 et
394 1313 498 1367 liberos
515 1310 629 1381 tollere,
648 1311 787 1366 imitentur
798 1313 897 1367 saltem
910 1312 1036 1384 pecudes
1049 1319 1076 1368 et
1086 1319 1162 1385 post·

186 1412 269 1468 quarn
285 1411 403 1450 uxorem
412 1402 511 1451 venter
523 1395 692 1466 intumuerit,
707 1411 764 1449 non
775 1395 895 1466 perdant
909 1395 996 1466 filios,
1017 1413 1071 1452 nec
1086 1413 1162 1459 ama·

139 1485 172 1543 86
184 1489 260 1536 tores
272 1478 407 1535 uxoribus
419 1495 451 1533 se
459 1478 608 1534 exhibeant
619 1478 671 1534 sed
682 1479 805 1534 maritos.
829 1478 1008 1546 Quorundam
1020 1473 1163 1536 matrimo-

184 1565 231 1619 nia
252 1562 395 1619 adulteriis
416 1561 603 1618 cohaeserunt
624 1567 664 1632 et,
687 1579 704 1616 o
732 1578 791 1617 rem
812 1563 981 1635 improbam,
1004 1564 1089 1619 iidem
1110 1564 1163 1626 illis

184 1647 345 1721 pudicitiam
356 1653 576 1719 praeceperunt,
591 1645 638 1716 qui
652 1647 830 1702 abstulerant.
853 1648 946 1718 itaque
958 1648 1011 1703 cito
1023 1647 1164 1703 eiusmodi

185 1731 294 1802 nuptias
312 1731 425 1786 satietas
443 1730 534 1786 solvit.
561 1745 644 1799 quum
662 1730 780 1801 primum
795 1731 963 1786 lenocinium
976 1730 1096 1786 libidinis
1112 1733 1164 1787 ab·

185 1815 299 1883 scessit,
318 1815 393 1886 quod
407 1814 524 1884 libebat,
548 1813 651 1868 eviluit.

138 1907 172 1963 87
246 1898 316 1954 ibid.
329 1914 354 1958 c.
365 1902 439 1970 301).
452 1901 511 1956 192.

247 1982 336 2052 „Nam
347 1981 430 2053 quid,
442 1979 603 2051 aitSeneca,
615 1979 651 2035 de
664 1979 733 2036 viris
742 1981 914 2051 pauperibus
927 1980 1032 2050 dicam,
1044 1998 1165 2052 quorum

185 2067 212 2120 in
223 2083 325 2121 nornen
340 2066 429 2120 mariti
441 2065 477 2119 ad
489 2064 644 2120 eludendas
656 2065 751 2136 leges,
764 2079 836 2133 quae
848 2071 943 2119 contra
955 2065 1078 2121 caelibes
1090 2067 1163 2122 latae

184 2155 261 2218 sunt,
278 2165 344 2220 pars
363 2164 465 2220 magna
483 2148 670 2203 conducitur?
692 2147 832 2217 quomodo
846 2154 938 2219 potest
950 2165 1052 2219 regere
1068 2166 1163 2204 mores

185 2239 212 2287 et
234 2233 398 2304 praecipere
423 2232 626 2288 castitatem—et
649 2231 739 2286 mariti
761 2233 951 2287 auctoritatem
974 2239 1088 2304 tenere,
1117 2234 1164 2303 qui

156 2359 162 2368 .
185 2317 324 2388 nupsit‘t“

139 2411 174 2467 ss
249 2400 309 2476 [Em
321 2399 428 2456 schedas
438 2400 522 2457 Pauli
532 2399 654 2455 Sadoleti
662 2399 738 2470 apud
747 2397 866 2454 Amana
881 2399 918 2454 du
929 2399 1039 2455 Ferrea
1050 2403 1080 2456 in
1093 2400 1162 2456 Con-

184 2485 338 2541 suetudiner
351 2483 567 2558 Burdipalenser
577 2488 751 2539 commertar.
770 2481 870 2555 (Lapat.
886 2485 977 2552 1565.)
989 2501 1060 2556 pap.
1073 2489 1123 2541 llt
1139 2488 1164 2538 et

183 2572 210 2624 in
221 2568 365 2625 Michaelis
380 2568 494 2639 Maesti,
515 2568 617 2625 sedulia
633 2566 824 2639 Aupustinioai
839 2566 906 2622 labro
917 2581 967 2622 ms.
986 2567 1021 2623 de
1040 2569 1161 2623 mansio-

183 2653 375 2719 albesceret,
389 2655 425 2708 tit.
438 2655 472 2709 de
482 2654 658 2708 continentia.-

244 2736 461 2808 „Gordubenses
477 2737 579 2806 nostri,
598 2741 626 2790 ut
637 2734 756 2789 maxime
772 2733 921 2788 laudarunt
936 2735 1064 2804 nuptias,
1083 2735 1120 2788 ita
1137 2738 1161 2788 et

185 2821 232 2890 qui
245 2822 305 2883 sine
317 2820 360 2875 his
372 2822 585 2889 convenissent,
598 2820 776 2875 excluserunt
787 2817 910 2873 cretione
925 2816 1123 2886 hereditatum,
1136 2823 1162 2871 et

184 2902 239 2958 iam
250 2909 360 2975 pactam
371 2921 406 2961 ne
418 2907 514 2962 osculo
529 2903 656 2975 quidem,
674 2902 727 2956 nisi
745 2899 840 2956 Cereri
856 2901 989 2956 iecissent
1001 2907 1028 2957 et
1038 2901 1161 2974 hymnos

184 2988 364 3058 cecinissent,
387 2990 482 3062 attingi
499 2990 655 3046 voluerunt.
684 2983 788 3055 Siquis
801 2987 897 3040 osculo
912 2986 972 3040 solo
992 2987 1099 3055 [octo]
1111 3001 1161 3057 pa-

183 3072 305 3128 rentibus
318 3077 365 3128 aut
380 3074 478 3129 vicinis
495 3089 550 3128 non
569 3070 699 3128 adhibitis
720 3069 870 3140 attIgisset,
892 3069 957 3124 huic
974 3069 1162 3125 obducendas

184 3155 296 3228 quidem
310 3173 431 3229 sponsae
448 3159 491 3213 ius
509 3160 582 3227 erat,
605 3156 641 3210 ita
658 3160 764 3221 tamen,
786 3159 816 3207 ut
831 3153 912 3209 tertia
926 3159 1007 3226 parte
1023 3155 1162 3210 bonorum

184 3242 310 3298 sobolem
321 3258 401 3298 suam
412 3259 531 3316 parens,
547 3240 571 3295 si
587 3241 685 3309 vellet,
702 3232 871 3313 multaret.“]
