2422 3862
120 251 184 316 Μ
418 250 448 308 L.
470 247 616 308 ,nunniti
637 246 811 308 SENECAE

120 403 284 465 vivendum
305 401 440 462 sollertia
460 409 522 461 est:
549 398 686 473 videbis,
707 414 787 474 quae
801 398 869 459 aliis
881 398 1000 458 mutilia
1017 408 1100 474 sunt

121 488 178 548 sibi
193 489 262 563 ipsa
277 503 337 547 non
353 487 474 546 deesse.
513 485 601 543 Vale.

416 619 629 677 EPISTULA
652 620 688 673 V.
717 619 805 692 (ini.)

369 716 480 769 sunnon
498 717 609 766 annro
627 726 680 765 suo
701 725 838 766 stnnrnu.

93 829 108 880 1
181 821 398 880 Detrimentum
413 817 473 878 iarn
488 817 555 877 dies
570 817 676 878 sensit
704 818 820 877 resiluit
834 818 1038 893 aliquantum,
1060 820 1104 880 ita

120 913 221 964 tamen
236 909 270 962 ut
283 902 409 963 liberale
424 901 524 961 adhuc
539 900 669 976 spatium
686 901 738 975 sit,
759 901 787 960 si
802 903 872 976 quis
887 917 956 962 cum
970 904 1051 978 ipso,
1068 912 1103 964 nt

120 989 161 1046 ita
177 986 290 1058 dicam,
306 985 356 1045 die
373 993 486 1060 surgat.
509 985 678 1046 officiosior
692 985 872 1059 meliorque,
888 986 1000 1061 siquis
1016 988 1103 1047 illum

120 1076 283 1143 exspectat
297 1076 327 1128 et
342 1071 441 1129 lucem
455 1070 584 1144 primam
598 1068 725 1145 excepit:
747 1069 861 1143 turpis,
883 1071 933 1143 qui
954 1072 1017 1130 alto
1034 1073 1103 1131 sole

121 1152 327 1216 semisomnus
341 1153 435 1223 iacet,
458 1152 547 1213 cuius
560 1154 662 1228 vigilia
676 1153 777 1212 medio
794 1153 845 1212 die
858 1153 979 1228 incipit:
1000 1162 1032 1214 et
1047 1156 1103 1214 ad-

92 1238 181 1298 nhuc
201 1237 301 1296 multis
324 1236 384 1297 hoc
408 1239 619 1298 antelucanum
645 1245 701 1296 est.
747 1235 840 1296 Sunt
867 1238 932 1311 qni
959 1239 1103 1296 cilicia

120 1320 223 1380 lneis
249 1322 459 1394 noctisque
487 1322 753 1395 perverterint
773 1335 833 1378 >noc
858 1328 928 1381 ante
953 1319 1103 1381 diducant
1131 1383 1133 1386 ,

121 1407 228 1464 oculos
243 1404 387 1465 hesterno
402 1420 515 1480 graves
531 1405 655 1480 crapula
677 1420 768 1479 quarn
789 1404 936 1478 adpetere
949 1421 1014 1464 nox
1030 1420 1101 1464 coe-

122 1488 174 1562 pit.
203 1488 304 1564 qualis
318 1489 438 1548 illorum
459 1489 599 1549 condicio
615 1487 738 1560 dicitur,
760 1503 839 1562 quos
862 1495 984 1562 natiue,
1006 1495 1041 1547 nt
1061 1489 1103 1548 ait

120 1572 427 1647 Vergiliua‘sedibus
443 1573 557 1632 nostris
572 1572 712 1632 subditos
727 1585 745 1629 e
761 1573 913 1632 contrario
931 1573 1045 1646 posuit,

203 1672 313 1731 nosque
326 1657 377 1717 nbi
385 1660 504 1732 prtmns
517 1660 599 1732 equis
615 1656 718 1716 Oriens
732 1656 859 1730 adflavit
870 1657 994 1728 anhelis,

203 1741 262 1799 iltis
275 1757 345 1800 sero
359 1741 468 1801 ruben:
483 1742 621 1801 accendit
633 1741 746 1799 lumina
767 1739 894 1815 Vesper.-

118 1823 187 1881 talis
209 1820 318 1882 horum
338 1824 489 1884 contraria
513 1823 652 1884 omnibus
673 1838 734 1883 non
755 1823 855 1896 regio,
882 1823 938 1883 sed
960 1823 1021 1882 vita
1043 1830 1100 1882 est.

120 1905 196 1965 Sunt
218 1906 341 1980 qnidam
362 1908 393 1965 in
415 1907 521 1967 eadem
537 1907 612 1966 urbe
631 1906 810 1980 antipodes,
833 1907 899 1980 qui,
922 1913 955 1965 ut
969 1905 1009 1964 Μ,
1026 1907 1100 1965 Calo

119 1990 169 2061 ait,
184 2006 258 2062 „nco
270 1992 409 2050 ornntcm
424 2007 563 2065 nmquam
577 1993 666 2050 sotem
680 1991 881 2050 videruntnec
890 1991 1101 2050 occidentern.“

89 2072 184 2133 3Hos
198 2079 229 2131 tu
245 2074 403 2132 existimas
418 2075 513 2145 scire,
530 2072 785 2148 quemadmodum
802 2072 965 2132 vivendum
982 2072 1030 2144 sit,
1047 2074 1101 2147 qui

118 2155 274 2229 nesciunt,
295 2156 441 2230 quando?
467 2156 541 2215 ethi
557 2163 685 2216 mortem
698 2157 816 2230 timent,
835 2156 865 2215 in
881 2171 975 2230 quam
987 2172 1023 2215 se
1037 2158 1101 2216 vivi

119 2237 342 2298 condiderunt?
358 2247 419 2299 tarn
434 2240 558 2300 infausti
577 2239 716 2299 homines
732 2255 823 2313 qnam
840 2246 1010 2300 nocturnae
1025 2256 1101 2300 aves

119 2327 206 2380 sunt:
233 2320 304 2381 licet
323 2321 353 2381 in
375 2324 446 2383 vino
469 2330 687 2398 unguentoque
707 2322 849 2383 tenebras
869 2338 942 2382 suas
965 2323 1100 2397 exigant,

118 2404 188 2464 licet
209 2404 307 2480 epulis
329 2414 360 2465 et
380 2407 503 2481 quidem
522 2407 553 2467 in
576 2409 669 2467 multa
685 2406 820 2480 fericula
842 2407 984 2466 discretis
1003 2415 1100 2466 totum

117 2503 289 2561 perversae
302 2490 422 2564 vigiliae
437 2497 557 2566 tempus
572 2491 718 2551 educant:
739 2506 799 2549 non
816 2489 1031 2561 convivantur,
1044 2490 1101 2551 sed

117 2572 198 2633 iusta
214 2572 272 2634 sibi
295 2575 418 2635 iaciunt.
461 2575 590 2636 Mortuis
605 2583 688 2635 certe
709 2575 841 2633 interdiu
856 2581 1048 2648 pernotatur:
1070 2581 1101 2633 nt

117 2656 308 2717 mehercules
321 2659 361 2717 nil
375 2659 475 2732 agenti
488 2658 555 2717 dies
571 2659 682 2732 longus
697 2664 754 2716 est.
773 2656 976 2717 extendamus
990 2658 1099 2717 vitam:

18 2735 20 2740 ’
117 2736 208 2799 huius
223 2747 253 2799 et
270 2741 404 2801 cilicium
420 2750 449 2802 et
463 2750 672 2815 argumentum
688 2747 774 2800 actus
788 2748 844 2800 est
868 2740 1098 2800 circumscribo·

88 2828 166 2884 etur
180 2838 242 2882 nox
257 2831 288 2883 et
302 2823 416 2899 aliquid
433 2841 472 2883 ex
487 2824 576 2884 illain
589 2826 668 2883 diem
680 2825 888 2885 transferatur.
911 2825 1005 2896 Aves,
1021 2840 1100 2898 quae

118 2904 269 2964 conviviis
284 2916 504 2981 conparantur,
526 2915 558 2967 ut
571 2908 703 2968 inmotae
717 2907 807 2968 incile
828 2908 1047 2983 pinguescant,
1071 2909 1098 2965 in
1106 2962 1118 2979 „

117 2987 252 3049 obscuro
268 2993 473 3051 continentum
493 2991 535 3051 ita
550 2992 616 3051 sine
626 2993 688 3051 nlla
699 2991 917 3051 exercitatione
927 2991 1098 3052 iacentibus

117 3075 216 3130 tumor
237 3074 356 3148 pigrum
376 3090 490 3149 corpus
511 3073 627 3134 invadit
646 3082 676 3134 et
690 3089 784 3150 snper
798 3075 938 3134 membra
948 3077 1033 3136 iners
1051 3091 1099 3134 sa-

117 3153 187 3226 gina
203 3156 390 3224 subcrescit:
412 3159 452 3218 ita
467 3159 593 3218 istorum
605 3174 755 3232 corpora,
781 3160 833 3232 qui
853 3173 888 3218 se
903 3159 1040 3218 tenebris
1054 3159 1098 3217 di-

118 3247 277 3315 caverunt,
298 3241 391 3301 ioeda
413 3242 561 3302 visuntur.
591 3243 707 3316 quippe
730 3243 904 3316 suspectior
923 3242 990 3301 illis·
1006 3258 1099 3317 qnam

117 3322 223 3413 morbo
240 3324 423 3399 pallentibus
439 3327 525 3384 color
539 3331 600 3385 est:
622 3325 756 3399 languidi
771 3334 801 3385 et
812 3325 934 3384 evanidi
951 3326 1056 3386 albent
1071 3330 1100 3384 et

114 3417 146 3461 ln
162 3407 241 3469 vivis
257 3424 329 3468 caro
344 3408 503 3468 morticina
517 3415 573 3467 est.
616 3409 683 3468 Hoc
702 3416 803 3468 tamen
822 3408 977 3467 minimum
993 3409 1023 3467 in
1039 3409 1099 3469 illis

102 3491 253 3554 malornm
270 3494 420 3556 dixerim:
447 3500 563 3574 quanto
578 3494 650 3571 plus
663 3492 905 3553 tenenrarum-’m
913 3493 1015 3551 animo
1030 3497 1100 3552 estt
