2422 3862
183 213 244 278 112
459 212 493 272 L.
514 211 661 271 ANNAEl
685 209 859 271 SENECAE

183 369 225 427 lut
237 365 317 428 levia
332 365 391 424 tela
406 365 477 423 laxo
493 361 562 422 sinu
576 360 685 436 eludit,
701 362 850 436 quaedam
864 362 986 425 discutit
997 373 1027 425 ει
1040 362 1072 426 in
1087 381 1156 428 eum

181 466 296 526 usque,
313 450 364 526 qui
379 447 519 519 miserat,
535 448 661 521 respuit.
682 446 769 505 Vale.
1101 479 1102 482 =

480 582 696 641 EPISTULA
722 584 754 639 ll.
782 585 853 655 (at.)

433 680 543 731 Seneca
560 682 672 731 Lucmro
691 690 743 730 suo
761 691 900 730 saturum.

156 808 168 859 ι
241 787 379 859 Longum
395 782 467 842 milri
481 790 682 843 commeatum
697 782 824 842 dederat
845 785 941 843 mala
963 785 1154 846 valitudo:

181 876 342 945 repente
364 883 417 926 me
437 866 590 926 invasit.
620 882 702 941 „quo
717 871 871 940 generet“
891 868 1002 943 inquis.
1026 885 1154 944 prorsus

181 954 287 1014 merito
305 952 489 1025 interrogas:
507 950 585 1011 adeo
602 950 716 1011 nullum
732 944 808 1009 milri
818 949 953 1025 ignotum
968 961 1025 1013 εει.
1046 953 1099 1013 uni
1113 960 1154 1012 ta-

179 1054 249 1098 men
271 1037 390 1097 morbo·
405 1033 494 1110 quasi
514 1035 691 1110 adsignatus
716 1051 798 1107 sum,
822 1051 912 1110 quem
927 1052 1023 1111 quare
1038 1037 1154 1097 Graeco

181 1121 303 1182 nomine
315 1120 465 1195 adpellem
478 1118 592 1178 nescio,
611 1117 686 1179 satis
699 1120 778 1179 enim
791 1129 862 1195 apte
874 1119 934 1179 dici
948 1122 1155 1196 suspirium

183 1213 293 1282 potest.
322 1204 422 1264 brevis
444 1210 544 1263 autem
559 1203 650 1263 valde
670 1210 701 1263 et
714 1203 869 1279 procellae
884 1201 990 1264 similis
1006 1212 1054 1266 est
1070 1205 1154 1280 inpe-

182 1298 247 1350 tus:
273 1289 350 1348 intra
369 1286 475 1346 horam
496 1287 559 1345 fere
579 1285 699 1347 desinit.
736 1287 804 1362 quis
826 1287 905 1347 enim
928 1288 980 1349 diu
999 1289 1156 1364 exspirat?

154 1379 171 1432 a
184 1373 290 1434 Omnia
302 1370 440 1447 corporis
455 1379 507 1431 aut
520 1370 714 1432 incommoda
725 1379 776 1432 aut
785 1372 920 1446 pericula
934 1387 988 1447 per
998 1389 1047 1433 me
1059 1379 1155 1433 trans·

182 1459 294 1517 ierunt=
326 1456 440 1516 nullum
464 1454 535 1514 milri
560 1453 681 1516 videtur
702 1456 871 1516 molestius.
915 1455 1042 1532 quidni?
1074 1456 1153 1517 aliud

179 1542 261 1601 enim
277 1540 422 1616 quicquid
438 1547 498 1613 est,
514 1546 673 1614 aegrotare
688 1545 749 1612 est,
759 1539 823 1621 „lp—oc
834 1540 965 1601 animam
978 1556 1079 1619 agere.
1103 1543 1154 1601 ita·

182 1641 242 1702 que
269 1623 378 1684 medici
404 1623 482 1706 hanc
507 1623 820 1697 „meditationem
845 1625 1008 1685 mortis“
1032 1631 1153 1686 vocant.

180 1710 251 1770 iacit
262 1710 341 1769 enim
353 1707 517 1783 aliquando
531 1706 656 1783 spiritus
669 1708 733 1782 ille,
751 1707 835 1783 quod
849 1723 945 1784 saepe
958 1717 1087 1773 conatus
1100 1717 1154 1769 est.

151 1794 312 1858 3Hilarem
328 1807 375 1851 me
391 1798 480 1866 putas
497 1790 572 1851 haec
587 1789 640 1851 tibi
655 1792 806 1866 scribere,
823 1793 895 1866 quia
909 1791 1024 1868 effugis
1040 1801 1101 1854 tam
1117 1794 1155 1853 ri-

181 1878 281 1938 dicule
296 1877 389 1950 facio,
413 1877 440 1935 si
461 1875 519 1936 hoc
537 1876 598 1936 fine
620 1876 708 1950 quasi
729 1875 811 1936 bona
825 1877 990 1936 valitudine
1011 1878 1154 1951 delector,

181 1977 273 2037 quam
294 1961 358 2033 ille,
381 1957 521 2035 quisquis
536 1958 650 2020 vicisse
666 1965 724 2034 [se]
741 1967 841 2036 putat,
863 1975 932 2021 cum
946 1960 1155 2022 vadimonium

181 2044 310 2106 distulit:
332 2059 389 2118 ego
408 2059 479 2104 vero
497 2049 527 2103 ει
543 2044 577 2102 in
599 2045 686 2120 ipsa
707 2045 975 2106 suffocatione
995 2061 1070 2107 non
1091 2046 1154 2106 dc·

181 2129 229 2188 sii
250 2127 560 2203 cogitationibus
588 2127 706 2188 laetis
734 2144 776 2189 ac
798 2127 970 2190 fortibus
993 2130 1154 2207 adquie-

151 2227 303 2281 4scere.
325 2211 403 2286 Quid
414 2211 473 2272 hoc
485 2217 553 2287 est?
566 2211 699 2292 inquam.
716 2221 776 2273 tam
794 2228 889 2288 saepe
903 2228 987 2274 mors
1000 2214 1156 2292 experitur

180 2303 250 2356 met
264 2292 362 2356 iaciat.
384 2300 414 2354 at
425 2311 483 2370 ego
495 2295 575 2354 illam
588 2296 640 2356 diu
651 2305 796 2372 expertus
809 2313 887 2357 sum.
909 2299 1097 2374 „quandor‘
1112 2299 1155 2357 in·

182 2380 261 2456 quis.
291 2387 453 2454 antequam
475 2394 626 2439 nascerer.
653 2379 738 2442 Mors
758 2388 806 2442 est
827 2398 888 2442 non
908 2397 989 2442 esse.
1018 2382 1051 2443 id
1066 2383 1156 2460 quale

181 2465 234 2539 sit,
249 2466 308 2525 iam
320 2463 395 2526 scio.
419 2464 479 2525 hoc
491 2464 547 2523 erit
559 2469 629 2539 post
640 2480 703 2539 me,
717 2466 800 2541 quod
812 2473 882 2526 ante
894 2481 944 2527 me
956 2465 1020 2527 luit
1044 2464 1156 2543 siquid

181 2549 209 2608 in
231 2548 289 2610 hac
310 2565 345 2610 re
366 2549 506 2611 tormenti
525 2554 586 2622 est,
609 2563 739 2610 necesse
753 2556 800 2610 εει
813 2555 842 2610 ει
857 2549 970 2626 luisse,
990 2558 1156 2626 antequam

180 2635 374 2710 prodiremus
395 2634 425 2692 in
446 2634 560 2693 lucem:
583 2632 666 2707 atqui
680 2635 792 2694 nullam
807 2635 961 2696 sensimus
977 2640 1049 2696 tune
1062 2650 1156 2695 vexa·

151 2717 302 2780 ctionem.
330 2720 433 2792 Rogo,
450 2732 512 2776 non
527 2715 738 2779 stultissimum
753 2717 855 2792 diens,
873 2719 900 2780 si
918 2717 989 2794 quis
1004 2719 1157 2779 existimet

179 2804 323 2862 lucernae
338 2800 427 2876 peius
444 2814 532 2872 esse,
554 2814 622 2860 cum
639 2802 789 2864 exstincta
802 2809 864 2877 est,
886 2818 978 2880 quam
993 2810 1156 2879 antequam

179 2885 376 2947 accenditur?
398 2898 456 2943 nos
479 2899 603 2958 quoque
619 2892 649 2944 et
664 2886 886 2962 exstinguimur
899 2893 931 2963 ct
944 2887 1155 2949 accendimur=

179 2968 280 3030 medio
302 2970 353 3027 illo
377 2975 515 3042 tempore
536 2968 651 3043 aliquid
672 2971 811 3044 patimur.
839 2972 993 3048 utrimque
1008 2988 1083 3033 vero
1097 2972 1157 3051 ulta

180 3052 329 3114 securitas
344 3059 400 3112 est.
429 3051 462 3110 ln
477 3051 537 3111 hoc
552 3052 644 3126 enim,
660 3053 701 3113 mi
716 3055 826 3128 Lucili,
847 3053 908 3116 nisi
923 3056 1027 3129 fallor,
1050 3072 1155 3117 erra·

179 3152 274 3210 mus,
300 3137 401 3212 quod
419 3141 574 3197 mortem
597 3136 815 3200 iudicamus
837 3140 965 3218 sequi,
988 3156 1069 3203 cum
1090 3141 1156 3200 illa

179 3228 214 3280 ει
242 3220 515 3294 praecesserit
542 3229 578 3282 et
605 3229 792 3283 secutura
819 3223 885 3286 siu
918 3225 1068 3301 quicquid
1087 3231 1156 3284 ante

178 3320 236 3364 nos
252 3303 321 3380 tuit,
337 3322 420 3367 mors
435 3312 492 3366 est.
516 3305 684 3381 quidecim
700 3309 808 3383 refert,
824 3325 885 3370 non
901 3306 1033 3385 incipias
1048 3325 1088 3370 an
1104 3309 1154 3369 de·

153 3389 280 3464 lisinas,
303 3405 371 3450 cum
386 3390 546 3466 utriusque
560 3391 604 3450 rei
619 3389 668 3451 hic
683 3392 722 3452 sit
737 3392 880 3469 effectus,
901 3408 963 3454 non
979 3399 1074 3455 esset
1100 3391 1154 3453 His

176 3480 206 3533 et
220 3472 370 3536 eiusmodi
394 3473 672 3552 exhortationibus,
694 3477 791 3538 tacitis
813 3478 944 3551 scilicet,
965 3493 1037 3539 nam
1051 3475 1152 3539 verbis
