2422 3862
137 236 198 300 1⁶2
423 235 456 292 o.
478 194 626 294 anunm
642 232 816 293 sanaem

137 387 225 449 elisit.
268 387 335 448 Hoc
352 386 407 446 luit
420 384 508 444 morti
522 377 738 446 'contumeliam
755 387 865 444 lacere.
903 386 945 445 ita
963 401 1108 460 prorsus=

137 487 242 547 parum
257 469 370 544 munde
383 476 413 529 et
426 485 533 543 parum
548 468 706 528 decentem
730 469 803 542 quid
818 475 866 529 est
879 470 1000 530 stultius
1016 487 1108 545 quam

92 555 294 619 arlnstldlose
315 552 413 613 morit
439 551 575 612 Ovirum
598 553 722 613 fortem!
755 553 797 629 [o]
821 552 959 627 dignum,
982 554 1031 612 eui
1056 556 1109 615 lati

135 640 258 699 daretur
282 636 405 697 electio!
444 650 534 710 quam
559 635 675 697 lortiter
699 635 748 695 ille
774 636 876 710 gladio
901 653 977 697 usus
1009 648 1108 699 esset!

136 739 228 800 quam
243 721 381 781 animose
395 719 424 778 in
441 718 622 793 profundam
638 734 672 777 se
687 719 874 780 altitudinem
885 721 977 781 maris
994 729 1046 783 aut
1056 722 1107 782 ab

136 807 237 867 scisne
247 804 334 878 rupis
347 802 526 864 inmisisset!
542 802 680 876 undique
693 802 986 878 destitutusinvenit,
1004 821 1107 879 quem·

138 889 303 950 admodum
325 894 356 947 et
376 893 501 947 mortem
523 885 582 946 sibi
604 886 730 945 deberet
749 893 780 946 et
796 888 903 947 telum=
922 888 1054 951 ut-scias
1069 891 1107 950 ad

135 972 325 1034 moriendum
339 969 412 1030 nibil
426 969 510 1030 aliud
523 969 553 1029 in
571 984 655 1028 mora
669 984 740 1029 esse
756 987 847 1044 quam
866 972 953 1032 velle.
996 972 1107 1035 Existi-

134 1056 283 1118 meturde
298 1055 378 1115 laeto
399 1052 531 1114 hominis
553 1053 712 1125 acerrimi,
735 1061 768 1113 ut
793 1056 904 1129 cuique
926 1055 1025 1116 visum
1041 1059 1108 1130 erit,

135 1142 207 1202 dum
221 1139 281 1201 boc
297 1144 430 1211 constet,
453 1135 683 1213 praeferendam
698 1139 1013 1214 essespureissiman
1027 1157 1107 1201 mor-

92 1234 195 1292 antem
210 1222 347 1283 servituti
367 1220 595 1282 mundissimae.
640 1220 788 1294 Quoniam
809 1224 899 1299 coepi
916 1223 1049 1285 sordidis
1065 1226 1108 1283 uti

136 1307 303 1382 exemplis,
324 1305 541 1380 perseverabo.
577 1306 647 1380 plus
664 1305 743 1364 enirn
765 1321 833 1365 ase
850 1307 982 1383 quisque
996 1307 1108 1382 exiget,

135 1393 162 1452 si
176 1390 287 1451 viderit
301 1389 380 1449 banc
397 1403 462 1448 rem
483 1389 571 1449 etiam
593 1404 613 1448 a
634 1389 902 1464 contemptissimis
921 1406 1018 1466 posse
1036 1405 1107 1450 con-

134 1475 236 1536 temni.
253 1473 382 1534 Catones
395 1472 618 1548 Scipionesque
629 1478 659 1532 et
670 1472 756 1547 alios,
765 1490 845 1548 quos
857 1474 962 1534 audire
974 1489 1042 1534 eum
1055 1476 1108 1534 ad·

134 1559 292 1619 miratione
308 1555 539 1629 consuevimus,
561 1573 657 1632 supra
672 1557 867 1618 imitationem
886 1558 1005 1637 positos
1022 1567 1108 1633 puta-

134 1659 218 1703 mus:
239 1644 299 1702 iam
318 1656 375 1716 ego
397 1640 484 1701 istam
498 1641 639 1701 virtutem
657 1639 770 1701 habere
786 1649 846 1702 tem
860 1642 953 1702 multa
967 1644 1109 1718 exempla

133 1726 163 1786 in
178 1726 251 1786 ludo
267 1724 411 1785 bestiario
429 1740 519 1800 quarn
534 1724 563 1783 in
580 1724 709 1784 ducibus
735 1725 805 1785 belli
821 1724 918 1786 civilis
936 1727 1108 1786 ostendam.

91 1811 207 1882 seeum
235 1807 436 1870 adveheretur
459 1824 557 1884 nuper
570 1807 648 1868 inter
668 1808 825 1871 custodias
844 1810 966 1886 quidam
984 1810 1024 1869 ad
1046 1827 1107 1869 ma-

131 1896 259 1956 tutinum
280 1894 488 1968 spectaculum
510 1892 638 1963 missus,
661 1899 813 1968 tamquam
832 1909 939 1955 somno
952 1901 1108 1968 premente

132 1986 265 2050 nutaret,
282 1984 374 2053 caput
383 1992 484 2052 usque
495 1991 532 2036 eo
545 1975 674 2050 demisit,
688 1977 787 2037 donec
801 1978 895 2037 radiis
909 1977 1066 2052 insereret,
1079 1991 1109 2036 et

131 2063 246 2122 tamdiu
261 2077 296 2123 se
310 2060 340 2121 in
356 2061 444 2122 sedili
456 2077 513 2122 suo
527 2060 630 2131 tenuit,
648 2059 747 2120 donee
760 2061 908 2121 cervicem
923 2061 1108 2123 circumactu

41 2153 45 2156 ’
131 2153 218 2206 rotae
238 2147 403 2220 frangeret:
424 2145 534 2205 eodem
556 2143 713 2216 vehiculo,
737 2162 798 2219 quo
816 2144 855 2204 ad
877 2160 1009 2219 poenam
1029 2147 1107 2205 iere-

91 2229 230 2302 albatur,
248 2228 363 2304 effugit.
405 2227 484 2288 Nihil
504 2228 605 2288 obstat
625 2243 787 2302 erumpere
807 2237 837 2290 et
863 2228 946 2288 exire
963 2229 1107 2304 cupienti.

133 2315 163 2374 in
182 2319 287 2389 aperto
315 2328 373 2372 nos
394 2320 501 2373 notura
521 2311 668 2373 custodita
698 2311 746 2372 eui
772 2312 914 2389 permittit
936 2312 1107 2373 necessitas

133 2414 204 2472 sua,
228 2395 452 2471 circumspiciat
465 2397 579 2457 exitum
593 2396 724 2456 mollem.
760 2397 809 2456 cni
827 2397 867 2457 ad
882 2413 1002 2458 manum
1021 2399 1107 2474 plura

133 2489 217 2555 sunt,
237 2496 294 2557 per
305 2496 385 2556 quae
399 2495 471 2540 sese
486 2480 623 2555 adserat,
641 2480 668 2539 is
684 2480 833 2541 delectum
848 2488 918 2556 agat
931 2487 961 2541 et
977 2498 1039 2557 qua
1051 2499 1105 2557 po-

131 2566 279 2628 tissimum
301 2564 459 2637 liberetur,
485 2564 668 2625 consideret.
701 2564 749 2624 eui
764 2565 895 2626 dililcilis
910 2565 1033 2627 occasio
1049 2573 1105 2639 est,

132 2652 158 2710 is
173 2649 341 2725 proximam
354 2664 507 2724 quamque
522 2664 578 2723 pro
593 2646 709 2723 optima
722 2649 865 2725 adripiat,
883 2649 923 2711 sit
935 2650 1005 2710 licet
1021 2651 1105 2711 inau-

133 2733 210 2807 dita,
229 2733 269 2793 sit
283 2732 377 2792 nova:
396 2732 568 2792 nondeerit
590 2731 630 2792 ad
647 2740 774 2793 mortem
791 2735 953 2810 ingenium,
972 2733 1022 2795 cui
1043 2749 1104 2793 non

92 2816 265 2883 redemerit
278 2815 408 2874 animus.
429 2814 541 2891 Vides,
560 2817 815 2891 quemadmodum
830 2826 965 2879 extrema
980 2834 1105 2894 quoque

133 2899 298 2974 mancipia,
319 2896 372 2958 ubi
393 2898 451 2957 illis
475 2899 613 2960 stimulos
635 2901 738 2976 adegit
757 2902 860 2976 dolor,
883 2901 1052 2963 excitentur
1076 2909 1106 2960 et

133 2979 351 3044 intentissimas
365 2981 522 3043 custodias
538 2984 661 3045 lallantt
699 2985 752 3045 llle
766 2987 813 3047 vir
828 3000 959 3061 magnus
975 2994 1037 3059 est,
1053 2985 1104 3062 qui

133 3074 261 3128 mortem
275 3065 334 3126 sibi
349 3082 410 3127 non
426 3073 540 3128 tantum
554 3068 729 3143 imperavit,
753 3070 810 3130 sed
825 3070 947 3131 invenit.
983 3069 1032 3130 Ex
1052 3085 1102 3129 eo·

90 3152 203 3217 andem
217 3149 269 3211 tibi
285 3165 410 3212 munere
424 3152 511 3227 plura
527 3154 668 3228 exempla
689 3155 825 3228 promisi.
871 3153 1014 3215 Secundo
1029 3170 1103 3214 nau-

132 3233 269 3294 machiae
293 3236 470 3310 spectaculo
491 3251 571 3296 unus
591 3252 609 3295 e
629 3236 767 3298 barbaris
790 3239 944 3313 lanceam,
967 3253 1058 3314 quam
1073 3238 1102 3296 in

132 3318 327 3381 adversarios
342 3327 520 3395 acceperat,
540 3326 633 3383 totam
647 3319 751 3396 iugulo
766 3339 824 3384 suo
839 3323 952 3384 mersit.
974 3321 1103 3397 „Quare

131 3403 242 3479 inquit,
258 3420 319 3465 non
335 3419 425 3464 omne
437 3410 627 3476 tormentum,
648 3419 736 3466 omne
750 3405 912 3468 ludibrium
927 3405 1103 3466 iamdudum

118 3485 262 3560 effugiet
281 3504 379 3564 quare
400 3503 461 3566 ego
481 3495 611 3566 mortam
628 3497 760 3552 armatus
774 3500 921 3567 exspecto
929 3495 963 3549 t“
1006 3489 1102 3550 Tanto
