2422 3862
98 205 605 272 aalswmltoutleanlmpn.
613 211 831 286 (talliatam.
839 213 896 273 ΕΡ.
905 219 1003 291 1.(70.)
1012 215 1075 279 159

97 356 263 422 maceravit
276 367 307 421 et
322 361 413 422 coxa.
434 377 531 438 quae,
555 370 587 424 ut
602 365 679 439 scis,
702 379 763 425 non
779 378 902 439 semper
914 367 1072 429 retinenda

96 453 152 505 est
195 445 371 505 nonenim
395 445 532 506 vivere
550 447 687 509 bonum
710 455 784 521 est,
808 450 875 509 sed
898 449 994 510 bene
1015 453 1072 511 vi-

44 558 47 579 ι
96 543 198 603 qerc.
228 528 365 603 itaque
392 530 557 605 sapiens
588 534 699 603 vivit,
729 538 912 607 quantum
941 533 1072 610 debet,

44 614 48 689 l
96 629 170 674 non
192 619 378 686 quantum
393 621 534 689 potest.
578 616 703 677 Videbit
717 614 769 676 ubi
785 617 919 678 victurus
935 620 987 690 sit,
1004 632 1102 687 cums

98 696 227 772 quibus,
248 696 422 771 quomodo,
445 697 520 774 quid
542 707 675 761 acturus.
710 701 822 774 cogitat
841 716 980 778 semper,
998 719 1071 778 qua·

95 782 132 841 lis
148 781 226 852 vita,
247 795 309 840 non
331 789 445 856 quanta
460 781 509 842 sit.
544 783 602 843 sod
617 784 705 844 simul
723 791 814 858 atque
829 792 993 847 occurrunt
1008 804 1071 848 mo-

96 867 174 924 lesta
202 871 234 923 et
254 866 503 939 tranquillitatem
528 865 696 943 turbantia,
719 866 825 929 emittit
854 886 898 930 se.
935 871 1073 933 nec-hoc

97 957 211 1009 tantum
226 949 256 1007 in
273 949 457 1011 necessitate
471 951 576 1010 ultima
599 951 683 1024 lacit,
707 953 762 1012 sed
785 966 852 1012 curn
878 954 1006 1030 primum
1031 955 1072 1015 illi

96 1031 200 1107 coepit
229 1038 377 1106 suspecta
408 1049 480 1094 esse
508 1035 644 1104 launna,
673 1034 833 1111 diligenter
857 1039 1072 1115 circumspicit,

96 1116 244 1192 numquid
259 1115 311 1176 illo
327 1117 376 1177 dic
388 1117 589 1179 desinendum
608 1119 657 1179 sit.
692 1119 771 1178 Nihil
787 1120 939 1183 existimat
953 1139 1073 1184 suere·

96 1201 191 1272 terre,
212 1199 304 1260 iaciat
318 1199 410 1260 linem
424 1217 463 1260 an
480 1203 624 1277 accipiat,
641 1202 756 1263 tardius
772 1204 825 1264 liat
838 1220 877 1264 an
894 1206 992 1267 citius.
1010 1224 1071 1269 non

96 1293 253 1361 tamquam
272 1284 312 1343 de
331 1299 444 1359 magno
459 1285 641 1347 detrimento
663 1288 761 1348 timet:
785 1303 875 1350 neruo
892 1292 1016 1352 multum
1032 1307 1072 1352 ex

96 1367 252 1428 stillicidio
276 1373 379 1442 potest
399 1368 538 1443 perdere.
576 1369 698 1431 Citius
720 1370 815 1432 mori
836 1382 899 1434 aut
918 1375 1100 1445 tardiuse

96 1452 141 1511 ad
168 1467 250 1511 rena
277 1466 349 1512 non
377 1452 562 1527 pertinen
590 1455 687 1514 bene
707 1457 803 1530 mori
824 1465 886 1517 aut
907 1459 1003 1517 male
1026 1458 1071 1518 ad

95 1551 172 1595 rem
196 1533 377 1610 pertinet.
411 1536 491 1596 bene
506 1546 605 1598 autem
625 1538 703 1598 mori
717 1546 765 1599 est
775 1536 919 1614 ‘elingere
935 1542 1013 1600 male
1026 1543 1070 1600 vl·

96 1619 186 1678 vendi
209 1619 388 1694 periculum.
426 1622 529 1696 itaque
550 1621 840 1683 edcminatisslmam
860 1634 969 1684 vocem
989 1623 1070 1684 llllus

93 1700 208 1767 Rhodii
224 1702 380 1776 existimo,
402 1705 454 1779 qui
476 1719 544 1766 cum
560 1707 590 1766 in
614 1721 740 1766 caveam
762 1708 918 1767 coniectus
944 1715 1029 1768 esset
1052 1725 1071 1768 a

94 1795 230 1866 tyranno
248 1795 278 1846 et
291 1795 446 1863 tamquam
464 1790 559 1849 lenam
575 1789 699 1865 aliquod
715 1790 824 1849 animal
839 1792 984 1862 aleretur,
1001 1807 1071 1851 sua·

95 1870 180 1931 denti
196 1869 333 1945 cuidam,
355 1879 389 1932 ut
402 1873 569 1934 abstineret
583 1874 666 1933 cibo:
688 1876 801 1946 omniu,
824 1874 929 1949 inquit,
951 1875 1069 1949 homini,

94 1957 167 2016 dum
184 1959 269 2028 vivit,
293 1958 446 2032 sperando
467 1965 544 2018 aaut.
585 1957 624 2018 Ut
640 1957 752 2018 sithoc
768 1972 887 2031 verum,
911 1974 972 2020 non
988 1961 1098 2033 omniq

95 2040 198 2115 pretio
215 2038 278 2099 vita
300 2041 429 2101 emenda
443 2050 499 2102 est.
521 2042 672 2116 quaedam
688 2043 757 2102 licet
771 2056 890 2116 magna,
906 2042 976 2104 licet
987 2052 1070 2104 certa

94 2124 172 2198 sint,
196 2131 295 2184 anien
312 2125 352 2184 ad
367 2125 418 2185 illa
437 2124 518 2202 turpi
532 2125 714 2187 infirmitatis
729 2126 925 2187 confessione
940 2143 1000 2187 non
1019 2144 1068 2188 ve-

95 2208 196 2267 niam:
220 2223 278 2282 ego
295 2210 424 2284 cogitem
445 2211 475 2269 in
491 2225 544 2283 eo,
567 2212 618 2285 qui
632 2209 720 2283 vivit,
746 2211 847 2271 omnia
865 2227 961 2286 posse
975 2214 1068 2274 lortu-

94 2307 181 2363 nam,
207 2291 308 2367 potius
336 2308 426 2368 quam
454 2294 584 2368 cogitem
605 2295 634 2355 in
660 2310 711 2367 eo,
733 2295 785 2371 qui
806 2295 864 2355 scit
881 2296 973 2373 mori,
995 2297 1067 2356 nihil

94 2391 194 2450 posse
210 2376 381 2436 lortuuamt
403 2377 627 2452 llliquando
644 2386 780 2452 tamen,
795 2380 1097 2446 etiamsicertae

94 2476 202 2520 mors
229 2460 397 2521 instabit
423 2468 454 2520 et
480 2462 661 2524 destinatum
688 2462 746 2522 sibi
773 2463 957 2538 supplicium
983 2464 1069 2537 sciet,

94 2559 169 2603 non
192 2544 450 2604 commodabit
466 2561 896 2620 poenaesuaemanum=
912 2546 970 2607 sibi
985 2561 1068 2606 com-

94 2627 244 2688 modaret.
280 2629 466 2689 stultitia¹est
484 2630 592 2689 timore
613 2630 718 2690 mortis
731 2630 817 2691 mori.
853 2631 936 2690 venit
950 2628 1002 2705 qui
1016 2645 1068 2692 oc·

95 2711 187 2772 cidat.
220 2719 376 2786 exspecta.
400 2713 483 2788 quid
501 2719 659 2789 occupast
690 2730 786 2789 quare
800 2714 935 2789 suscipis
951 2713 1069 2775 alienae

96 2795 284 2856 crudelitatis
307 2797 573 2871 procurationemt
601 2805 699 2858 utrum
722 2798 841 2858 invides
858 2798 994 2859 carnifici
1015 2806 1067 2860 tuo

96 2895 135 2938 an
162 2880 285 2954 parcis?
320 2879 463 2942 Socrates
486 2882 583 2957 potuit
608 2881 789 2943 abstinentia
810 2883 897 2942 linire
922 2882 1014 2944 vitam
1039 2891 1097 2947 ete

94 2964 198 3023 inedia
219 2963 322 3039 potius
342 2979 432 3040 quum
453 2981 573 3026 veneno
590 2964 676 3026 mori.
704 2967 825 3042 triginta
839 2973 938 3027 tamen
955 2967 1021 3028 dies
1036 2966 1067 3026 in

96 3063 220 3109 earcere
232 3055 263 3108 et
277 3048 306 3107 in
323 3049 553 3124 exspectatione
568 3050 672 3112 mortis
688 3050 804 3125 exegit,
817 3067 877 3111 non
892 3050 951 3110 hoc
966 3050 1067 3111 animo

94 3138 250 3207 tamquam
266 3133 366 3192 omnia
381 3133 447 3194 lieri
461 3140 601 3208 possent,
625 3141 777 3209 tamquam
793 3136 902 3195 multas
917 3150 991 3210 spes
1006 3142 1066 3194 tant

96 3216 220 3290 longum
241 3224 361 3292 tempus
383 3217 548 3291 reciperet,
571 3217 627 3278 sed
649 3225 682 3278 ut
703 3217 862 3293 praeberet
882 3233 917 3278 se
938 3218 1066 3292 legibus,

94 3307 127 3359 ut
142 3298 303 3360 fruendum
318 3300 428 3361 amicis*
436 3309 605 3362 extremum
616 3301 774 3362 Socratem
791 3302 885 3362 daret.
915 3300 988 3376 quid
1003 3310 1068 3361 erat

96 3384 217 3444 stultius
245 3400 334 3460 quarn
359 3393 486 3447 mortem
520 3393 741 3456 contemnere,·
761 3400 913 3446 venenum
941 3387 1068 3446 timeret

98 3464 272 3542 Scribonia,
291 3469 532 3544 gravisimum,
555 3469 645 3531 amita
660 3470 753 3532 Drusi
762 3467 893 3534 Libonis
903 3469 982 3544 luit,
1000 3468 1122 3526 autu-tu
