2422 3862
235 197 407 260 EPISTUL.
422 199 515 262 MOR.
537 200 609 261 LlB.
623 201 686 261 vll.
711 202 806 264 ER&
828 210 900 277 (ot.)
997 203 1059 268 139

75 352 213 412 omnium
237 349 316 411 deus
334 350 412 412 intra
433 369 469 413 se
494 352 587 414 habet
608 370 815 430 numerosque
837 356 1058 434 universorum,

76 451 156 511 quae
172 434 296 510 agenda
311 443 397 510 sunt,
420 444 451 497 et
464 437 575 499 modos
597 447 697 499 mente
719 439 890 514 conplexus
912 448 974 500 est:
994 444 1058 516 ple-

76 534 132 580 uus
147 518 199 579 bis
215 518 324 594 figuris
337 527 399 593 εει,
414 537 492 595 quas
505 520 589 582 Plato
605 519 693 594 ἰδέας
707 523 854 598 adpellat,
871 521 1056 598 inmortales,

77 602 288 675 immutabiles,
310 603 523 680 infatigabiles.
565 606 668 680 itaque
689 606 829 666 homines
846 607 968 682 quidem
991 625 1057 684 per-

78 695 164 759 eunt,
188 687 260 762 ipsa
280 694 381 747 autem
402 688 591 764 humanitas,
616 689 654 749 ed
677 706 769 764 quam
786 690 878 750 homo
895 691 1057 767 attingitur,

80 777 239 849 permanet
258 778 288 830 et
309 770 482 832 hominibus
506 772 731 844 laborantibus,
761 775 982 835 intereuntibus
1008 775 1058 836 illa

79 855 149 916 nibil
167 854 292 931 petitur.
329 855 469 932 Quinque
486 873 559 932 ergo
581 873 695 918 causae
711 867 797 932 sunt,
818 867 850 919 ut
871 859 953 918 Plato
970 860 1090 920 dioit=8

78 938 174 1000 ldex
198 953 291 1014 quo,
318 938 392 999 ide
415 957 506 1016 quo,
530 941 567 1001 id
588 942 624 1001 in
648 958 736 1017 quo,
760 942 862 1003 idad
884 943 999 1018 quod,
1021 943 1058 1003 id

80 1029 247 1100 propter
280 1024 391 1098 quod.
436 1023 604 1086 novissime
632 1026 668 1085 id
697 1026 796 1100 quod
827 1043 873 1087 ex
898 1026 960 1086 his
990 1035 1057 1087 est.

78 1114 235 1182 umquam
258 1106 287 1165 in
305 1114 420 1181 statua,
444 1110 568 1183 quiade
586 1110 644 1168 bae
658 1109 742 1185 loqui
758 1112 932 1186 coepimus,
956 1111 993 1170 ld
1013 1127 1058 1171 ex

80 1208 151 1269 quo
178 1205 236 1250 aes
264 1197 328 1267 est,
348 1193 384 1252 id
410 1209 427 1252 a
454 1209 528 1268 quo
547 1193 655 1253 artilex
679 1199 740 1267 est,
763 1194 800 1253 ld
816 1195 851 1253 in
868 1211 944 1270 quo
960 1196 1058 1254 forma

79 1285 138 1350 eet,
164 1290 249 1350 quae
264 1280 385 1351 aptatur
399 1276 455 1351 illi,
479 1276 516 1336 iel
540 1278 582 1336 ad
601 1278 701 1353 quod
718 1279 876 1353 exemplar
892 1286 953 1352 est,
973 1279 1058 1353 quod

79 1357 268 1434 imitaturis,
291 1361 342 1435 qui
358 1361 444 1433 lacit,
468 1359 503 1420 id
526 1362 809 1438 propterquod
832 1363 971 1423 facientis
987 1379 1057 1437 pro-

79 1443 215 1521 positum
241 1451 304 1517 est,
329 1444 365 1503 id
390 1443 493 1521 quod
518 1445 676 1506 existis
706 1453 766 1506 est
793 1446 862 1521 ipsa
882 1453 981 1507 statua
1001 1454 1058 1506 εει.

79 1528 162 1589 llaec
186 1527 291 1588 omnia
307 1527 443 1589 mundus
466 1544 607 1605 quoque,
630 1536 663 1590 ut
683 1529 723 1590 ait
742 1528 846 1604 Plato,
874 1528 982 1589 habet:
1012 1531 1086 1590 lat

79 1613 226 1673 aientem=
250 1611 299 1670 bie
326 1611 403 1672 deus
430 1619 497 1673 εει.
522 1626 560 1672 ex
588 1628 649 1689 quo
676 1613 723 1673 fitz
745 1612 822 1673 haee
848 1614 974 1673 materia
999 1620 1056 1672 εει.

80 1696 227 1758 lomnam=
249 1694 326 1755 haee
348 1704 396 1757 est
416 1695 538 1757 habitus
559 1705 590 1757 et
611 1697 688 1758 ordo
715 1696 834 1771 mundi,
859 1713 948 1772 quern
974 1696 1057 1755 vide-

79 1796 157 1842 mus.
195 1780 369 1856 exempler,
392 1780 508 1842 seilicet
533 1781 572 1841 ad
600 1781 683 1856 quod
710 1780 787 1840 deus
809 1780 887 1840 hane
910 1779 1053 1855 magnitu-

80 1865 181 1925 dinem
208 1865 313 1939 opens
346 1864 539 1940 pulcherrimi
572 1865 652 1924 lecit.
696 1865 903 1940 propositum,
933 1871 1059 1940 propter

80 1949 163 2026 quod
180 1948 261 2008 lectt.
306 1949 448 2023 Quaeris,
474 1948 557 2026 quod
573 1949 612 2010 sit
625 1947 817 2024 propositum
833 1949 914 2008 deot
938 1949 1101 2009 bonitaslo

79 2042 135 2094 est
168 2033 211 2094 ita
228 2040 310 2093 certe
322 2033 404 2095 Plato
421 2032 478 2094 ait:
500 2033 605 2109 „Quae
621 2034 681 2093 deo
697 2031 828 2092 faciendi
844 2033 988 2094 mundum
1005 2032 1059 2093 luit

80 2123 199 2178 causat
221 2117 406 2178 bonusest:
434 2117 517 2179 bono
541 2117 624 2178 nulla
647 2117 827 2192 cuiusquam
847 2116 921 2177 boni
944 2117 1059 2177 invidia

80 2209 135 2263 est.
173 2201 247 2263 lecit
261 2201 364 2276 itaque
380 2218 471 2278 quam
486 2203 633 2278 optimum
648 2201 774 2278 potuit.“

139 2285 201 2346 Fer
226 2301 299 2362 ergo
324 2285 417 2346 iudex
445 2287 624 2348 sententiam
650 2294 679 2346 et
704 2285 881 2361 pronuntia,
910 2285 979 2361 quis
1006 2284 1058 2346 tibi

81 2371 223 2455 videatur
237 2368 487 2431 verisimillimum
502 2371 619 2442 dicere,
643 2387 703 2431 uon
721 2369 790 2446 quis
804 2371 998 2431 verissimum
1013 2368 1058 2428 di-

81 2463 137 2517 eat.
163 2447 206 2515 'id
222 2454 303 2514 enim
319 2461 379 2514 tam
393 2471 488 2530 supra
502 2469 560 2516 nos
575 2462 624 2515 est
640 2471 731 2530 quam
745 2455 816 2530 ipsa
831 2455 953 2515 veritas.

141 2539 263 2612 Haeo,
287 2553 386 2614 quae
408 2538 452 2598 ab
468 2537 689 2600 Aristotele
709 2547 745 2599 et
764 2538 927 2600 Platone
950 2536 1097 2612 poni-11

79 2632 157 2698 tur,
185 2622 299 2684 turba
330 2637 538 2688 causarum
570 2630 637 2683 aut
668 2623 819 2682 nimium
852 2621 967 2681 multa
997 2625 1060 2679 aut

81 2707 238 2769 nimium
267 2722 391 2783 pauea
414 2705 710 2783 conprehendit.
747 2723 816 2766 narn
842 2706 883 2779 si,
912 2720 1058 2780 quocum·

80 2809 142 2868 que
162 2799 282 2853 remoto
305 2790 379 2866 quid
400 2792 480 2852 elfini
503 2807 564 2852 non
587 2797 703 2866 potest,
727 2791 760 2854 id
778 2805 903 2851 eausam
925 2788 1060 2850 iudicant

79 2891 152 2937 esse
169 2877 318 2951 faciendi,
340 2891 439 2951 pauca
451 2876 607 2936 dixerunt:
628 2880 743 2951 ponant
761 2876 839 2936 inter
859 2890 970 2934 oausas
985 2881 1059 2934 tem·

80 2976 157 3036 pus:
177 2959 253 3020 nibil
275 2962 343 3021 sine
365 2967 503 3036 tempore
524 2967 627 3036 potest
647 2959 723 3019 fieri.
759 2966 877 3035 ponant
896 2960 1014 3018 loeum:
1033 2955 1061 3017 si

80 3061 141 3105 non
157 3045 264 3119 luerit,
286 3043 338 3105 ubi
354 3045 407 3105 fiat
421 3045 553 3121 aliquid,
576 3059 614 3103 ne
629 3043 681 3104 flet
695 3044 828 3118 quidem.
865 3051 981 3118 ponant
995 3056 1059 3101 mo·

78 3136 157 3190 tuma
180 3129 223 3189 nil
238 3128 306 3190 sine
320 3127 380 3190 hoe
402 3145 458 3190 nee
479 3129 514 3190 tlt
527 3144 584 3188 nee
601 3128 688 3204 perit.
721 3130 803 3188 nulla
819 3128 885 3189 sine
900 3135 983 3187 motu
999 3142 1059 3198 ors,

80 3214 163 3276 nulla
181 3214 309 3276 mutatio
331 3220 388 3274 est.
427 3212 489 3273 Sed
507 3229 565 3275 nos
586 3229 667 3272 uuna
690 3211 817 3288 primam
837 3220 866 3272 et
887 3209 1102 3286 generalemla

77 3300 259 3375 quaerimus
283 3313 419 3359 eausam.
455 3297 533 3358 haee
553 3294 685 3372 simplex
706 3312 778 3357 esse
801 3293 900 3356 debet.
937 3310 1006 3353 nam
1032 3300 1062 3351 et

76 3382 207 3445 materia
228 3383 362 3459 simplex
383 3389 439 3442 est.
477 3381 668 3459 quaerimus,
692 3396 771 3457 quae
793 3379 832 3441 sit
853 3395 961 3450 eausa,
983 3376 1060 3435 ratio

75 3469 198 3531 seilicet
224 3468 358 3540 taciens,
385 3465 418 3527 id
443 3474 490 3528 est
515 3467 603 3528 deus.
638 3466 698 3529 ista
723 3463 824 3545 enim,
852 3473 1076 3543 quaestumque
