2422 3862
196 257 365 320 ltrlsrttt.
382 257 477 328 molt.
499 259 572 319 LlB.
589 258 653 319 vlt.
675 258 733 319 ΕΡ.
745 268 772 326 2.
786 266 812 323 ³.
835 268 892 336 (64.
911 265 969 333 6⁵.)
1008 259 1070 327 13?

96 427 133 472 ac
155 409 328 485 dispositio.
364 410 440 472 Puta
459 411 566 473 relicta
585 413 675 475 nobis
698 412 935 488 medicamenta,
958 416 1071 491 quibus

95 502 276 557 sanarentur
292 494 386 557 oculi:
408 512 469 557 non
490 512 570 572 opus
593 505 641 558 est
660 497 731 557 mihi
751 497 810 557 alia
828 513 992 575 quaerere,
1013 500 1071 560 sed

94 581 172 641 haec
198 586 298 640 tamen
324 578 440 640 morbis
466 589 496 641 et
519 579 708 656 temporibus
734 583 869 657 aptanda
894 591 981 644 sunt:
1010 584 1071 644 hoc

93 661 246 740 asperitas
264 666 420 728 oculorum
436 667 623 726 conteratur.
653 665 713 727 hoc
728 667 945 743 palpebrarum
960 666 1071 729 crassi-

92 750 167 810 tudo
189 756 339 810 tenuatur.
374 749 433 810 hoc
454 749 503 810 vis
524 750 623 811 subita
642 756 673 810 et
693 750 802 813 humor
823 752 976 814 avertitur.
1011 751 1072 812 hoc

93 840 222 895 acuetur
243 834 339 895 visus.
375 840 457 895 teras
472 834 531 895 ista
551 842 672 910 oportet
692 842 722 895 et
741 834 837 912 eligas
855 845 992 912 tempus,
1018 837 1072 897 ad-

94 917 204 978 hibeas
230 918 360 994 singuiis
385 919 525 980 modum:
546 919 637 980 animi
652 919 787 981 remedia
807 921 930 982 inuenta
947 921 1072 982 suntab

93 1002 238 1079 antiquis.
283 1019 345 1078 quo
370 1003 462 1064 modo
488 1010 588 1064 autem
611 1003 831 1066 admoveantur
857 1015 908 1067 aut
937 1005 1071 1082 quando,

93 1087 192 1148 nostri
215 1087 319 1162 operis
342 1095 390 1147 cst
411 1102 568 1164 quaerere.
611 1087 739 1150 Multum
760 1097 902 1165 egerunt,
925 1088 978 1166 qui
1002 1098 1105 1157 anteo

93 1173 301 1244 coaluerunt,
318 1171 373 1231 scd
390 1187 450 1234 non
469 1180 659 1247 peregerunt.
682 1172 871 1250 suspiciendi
886 1181 985 1234 tamen
1002 1180 1073 1235 sunt

94 1265 124 1318 et
144 1257 205 1316 ritu
228 1255 354 1317 deorum
373 1255 503 1317 colendi.
542 1255 647 1331 quidni
669 1272 726 1333 ego
744 1274 922 1334 magnorum
937 1259 1072 1320 virorum

93 1348 124 1402 ct
146 1339 299 1416 imagines
322 1339 452 1401 habeam
469 1340 662 1402 incitamenta
679 1343 770 1403 animi
794 1351 824 1404 et
850 1345 966 1404 natales
993 1345 1071 1404 cele·

92 1425 203 1486 bremt
228 1423 335 1501 quidni
350 1440 408 1500 ego
424 1426 494 1486 illos
508 1424 636 1486 honoris
652 1440 747 1488 eausa
766 1442 889 1502 semper
900 1427 1073 1501 adpellema

93 1526 188 1588 quam
199 1509 426 1570 venerationem
441 1510 695 1585 praeceptoribus
710 1511 786 1572 meis
801 1510 916 1584 debeo,
934 1511 1071 1570 eamdem

93 1594 154 1656 illis
175 1592 430 1672 praeceptoribus
450 1593 572 1668 generis
589 1593 728 1669 humani,
749 1595 895 1671 aquibus
911 1594 984 1654 tanti
999 1594 1072 1654 boni

93 1679 181 1740 initia
204 1677 370 1741 fluxerunt.
423 1676 455 1738 Si
486 1679 645 1738 consulem
674 1679 780 1739 videro
810 1688 861 1741 aut
891 1686 1072 1755 praetorem,
1082 1686 1114 1740 10

95 1763 214 1838 omnia,
238 1761 349 1840 quibus
368 1760 588 1822 honorltaberi
602 1761 712 1822 honori
727 1764 819 1835 solet,
842 1761 967 1823 laciam=
991 1778 1073 1837 equo

94 1849 252 1923 desiliam,
275 1853 367 1922 caput
388 1846 579 1922 adaperiam,
604 1846 711 1907 semita
732 1846 855 1906 cedamr
878 1846 953 1923 quid
978 1852 1075 1922 ergot

93 1933 233 1993 Marcum
249 1931 394 1992 catonem
411 1936 573 2005 utrumque
587 1937 617 1989 et
632 1929 767 1990 Laelium
783 1928 957 2006 Sapientem
973 1937 1003 1991 et
1017 1928 1073 1991 So-

94 2027 210 2079 cratem
233 2031 301 2076 cum
320 2015 445 2076 Platone
468 2022 497 2075 et
515 2015 671 2075 Zenonem
695 2014 931 2091 Cleanthemque
956 2015 985 2074 in
1011 2015 1073 2074 ani-

94 2117 177 2162 mum
193 2114 294 2160 meum
315 2100 381 2160 sine
397 2096 573 2174 dignatione
590 2114 709 2159 summa
730 2098 898 2173 recipiant
925 2115 984 2174 ego
1000 2114 1073 2159 vero

93 2187 165 2246 illos
181 2199 313 2247 veneror
327 2190 358 2244 et
371 2184 462 2244 tantis
478 2182 651 2243 nominibus
668 2198 791 2258 semper
806 2184 949 2260 adsurgo.
986 2183 1073 2243 Vale.

401 2350 617 2408 EPISTULA
637 2353 682 2408 lll.
704 2353 774 2424 (65.)

348 2461 459 2513 sanson
479 2461 590 2514 Lucmto
611 2473 662 2512 suo
680 2461 821 2513 Sauram.

160 2599 343 2659 Hesternum
361 2598 441 2658 diem
458 2598 547 2658 divisi
563 2615 630 2658 cum
646 2595 725 2656 mala
740 2593 919 2655 valitudine:
942 2598 1073 2650 anteme·
1089 2599 1103 2655 ¹.

94 2684 248 2745 ridianum
263 2683 315 2742 illa
329 2681 387 2742 sibi
409 2681 587 2757 vindicavit,
616 2679 855 2758 postmeridiano
877 2673 950 2734 mihi
972 2673 1075 2734 cessit.

96 2771 201 2846 itaque
226 2768 357 2828 lectione
379 2765 507 2842 primum
526 2766 672 2842 temptavi
693 2764 835 2824 animum.
871 2757 983 2819 deinde
1006 2774 1076 2818 cum

96 2853 176 2913 hanc
198 2851 384 2927 recepisset,
413 2853 483 2926 pius
504 2849 547 2910 illi
574 2852 724 2926 imperare
750 2862 846 2908 ausus
872 2859 956 2917 sum,
984 2842 1074 2902 immo

97 2937 290 3014 permittere:
319 2934 435 3012 aliquid
463 2935 572 3009 scripsi
605 2931 783 3008 etquidem
812 2928 957 2991 intentius
985 2942 1076 3001 quam

98 3025 204 3095 soleo,
227 3021 301 3081 dum
316 3036 385 3080 cum
407 3019 532 3079 materia
553 3017 668 3078 dilltatti
690 3014 840 3077 contendo
854 3020 884 3074 et
899 3009 978 3072 vinci
993 3011 1075 3080 nolo,

97 3108 198 3169 donec
225 3106 452 3166 intervenerunt
475 3103 578 3176 amici,
605 3102 657 3177 qui
681 3101 753 3160 milri
776 3101 837 3159 vim
867 3097 1023 3157 adferrent
1048 3102 1078 3154 et

96 3201 254 3268 tamquam
275 3204 400 3264 aegrum
421 3187 672 3262 intemperantem
698 3188 884 3245 coercerent.
917 3182 951 3240 ln
973 3180 1105 3240 locumt

99 3279 158 3339 stili
180 3290 282 3336 sermo
306 3273 472 3346 successit,
495 3286 534 3330 ex
556 3286 618 3345 quo
640 3284 707 3328 eam
729 3275 844 3344 partem
866 3265 904 3324 ad
924 3273 953 3326 te
976 3264 1076 3339 peri·

98 3378 179 3436 ram,
204 3357 335 3435 quaein
357 3357 409 3417 lite
431 3361 488 3415 est.
522 3363 551 3416 te
568 3353 712 3414 arbitrum
728 3351 911 3412 addiximus.
942 3350 1010 3424 plus
1025 3362 1077 3406 ne-

98 3444 174 3522 gotii
188 3443 286 3505 habes
302 3458 395 3518 quam
408 3440 582 3501 existimas:
605 3437 752 3514 triplex
776 3449 899 3497 causa
921 3438 1001 3493 ests
1024 3430 1083 3488 di·

99 3537 200 3599 cunt,
226 3525 348 3600 urscia,
370 3524 499 3586 Stoici
518 3523 667 3589 nostri:
691 3524 769 3589 duo
794 3536 890 3586 esse
907 3519 1111 3581 iuratum
