2422 3862
203 225 374 286 EPISTUL.
388 223 482 285 MOR.
502 226 574 286 LIB.
589 225 666 285 xlii.
688 225 745 302 Ep.
760 234 786 287 Ἃ.
811 231 883 299 (87.)
977 227 1039 293 241

55 388 87 442 et
101 395 196 455 supra
211 394 284 438 cara
298 376 476 437 mortalibus
500 377 654 436 conlocat:
686 392 742 437 nec
770 393 822 452 ea,
850 393 928 454 quae
952 378 1044 452 bona,

56 479 115 525 nec
130 479 182 535 ea,
209 476 289 536 quae
303 461 383 520 mala
397 466 558 533 vocantur,
579 466 631 520 aut
645 459 729 535 cupit
742 461 830 523 nimis
846 469 897 522 aut
912 477 1043 537 expave-

56 549 123 609 scit.
153 545 310 618 Chelidon,
325 559 404 605 unus
420 559 459 602 ex
471 542 651 618 Cleopatrae
665 543 817 618 mollibus,
832 545 1043 619 patrimonium

55 631 174 708 grande
200 625 351 704 possedit.
398 642 496 702 nuper
520 627 635 687 Natalis
662 635 722 688 tam
747 627 896 703 inprobae
922 629 1044 704 linguae

61 730 150 791 quam
165 714 303 789 inpurae‚
327 711 355 770 in
374 710 460 771 cuius
479 726 533 770 ore
549 711 678 786 feminae
694 713 909 787 purgabantur,
925 720 955 773 ct
969 713 1043 773 rnul-

56 809 157 860 torum
176 797 267 856 heres
282 795 337 855 suit
356 802 387 855 et
405 795 516 854 multos
537 794 642 854 habuit
662 793 803 855 heredes.
852 795 930 870 Quid
950 803 1045 872 ergo?

54 890 158 942 utrum
174 880 258 940 illum
274 877 405 954 pecunia
420 894 530 953 purum
546 878 648 940 effecit
669 895 708 938 an
725 877 795 953 ipse
816 881 978 955 pecuniam
1000 881 1044 939 in-

56 965 236 1042 spurcavit?
265 978 344 1039 quae
360 962 405 1022 sie
426 962 456 1021 in
481 963 630 1037 quosdam
653 962 792 1023 homines
815 964 971 1038 quomodo
992 964 1044 1024 de-

55 1050 161 1111 narius
176 1049 206 1107 in
223 1048 358 1107 cloacam
381 1044 471 1106 cadit.
506 1045 617 1106 Virtus·
627 1062 722 1122 super
736 1047 795 1106 ista
809 1049 957 1110 consistit.
987 1055 1087 1111 su017

56 1149 129 1194 aere
150 1138 302 1192 censetur.
344 1128 419 1188 nihil
440 1144 477 1188 ex
502 1129 569 1189 istis
591 1130 726 1204 quolibet
745 1129 969 1192 incurrentibus
992 1132 1045 1192 bo·

57 1233 129 1279 uum
150 1214 274 1276 iudicat.
313 1210 466 1272 Medicina
486 1220 517 1272 et
535 1213 714 1287 gubernatio
735 1231 795 1275 non
814 1215 966 1277 interdicit
987 1214 1046 1277 sibi

56 1318 93 1361 ac
109 1300 174 1361 suis
190 1297 391 1359 admiratione
406 1297 509 1357 talium
524 1313 634 1356 rerum.
669 1298 721 1373 qui
737 1316 796 1360 non
813 1306 860 1360 est
874 1301 921 1359 vir
934 1300 1045 1375 bonus,

56 1391 160 1460 potest
174 1382 369 1443 nihilominus
384 1379 522 1441 medicus
537 1395 623 1456 esse,
639 1388 742 1455 potest
754 1381 955 1458 gubernator,
977 1391 1045 1459 pot·

56 1476 105 1529 est
118 1467 334 1542 grammaticus
348 1473 410 1525 tam
425 1464 617 1525 mehercules
633 1481 725 1539 quam
741 1482 869 1540 coquus.
904 1467 957 1528 Cui
972 1483 1045 1528 con·

56 1552 122 1627 tigit
136 1551 249 1611 habere
264 1566 327 1610 rem
347 1565 407 1608 non
426 1547 603 1624 quamlibet,
626 1548 707 1608 hunc
729 1565 790 1609 non
812 1549 978 1624 quemlibet
1001 1551 1044 1610 di-

55 1637 155 1697 xeris:
185 1634 286 1710 qualia
309 1632 441 1708 quisque
456 1632 569 1704 habet,
593 1633 661 1692 talis
681 1639 737 1691 est.
776 1630 886 1694 Fiscus
901 1633 975 1694 tanti
989 1641 1044 1709 est,
1054 1640 1088 1695 18

57 1727 203 1795 quantum
228 1717 335 1779 habet:
361 1718 452 1777 immo
474 1716 504 1775 in
526 1716 737 1777 accessionem
756 1715 821 1777 eius
837 1717 933 1792 venit,
961 1718 1045 1793 quod

56 1804 157 1864 habet.
191 1802 260 1878 quis
275 1804 367 1877 pleno
383 1800 508 1862 sacculo
524 1800 617 1860 ullum
632 1799 761 1876 pretium
776 1799 870 1875 ponit,
889 1800 947 1860 nisi
961 1802 1045 1876 quod

56 1885 208 1962 pecuniae
235 1885 266 1945 in
292 1901 329 1946 eo
358 1885 499 1945 conditae
520 1900 663 1945 numerus
686 1882 808 1944 effecit?
842 1883 923 1946 idem
943 1883 1045 1945 evenit

58 1987 237 2045 magnorum
259 1970 390 2030 dominis
413 1968 678 2044 patrimoniorum
702 1969 900 2029 accessiones
924 1968 1043 2029 illorum

57 2063 88 2115 et
109 2053 299 2130 appendices
321 2060 401 2115 sunt.
447 2053 546 2127 Quare
572 2068 645 2128 ergo
672 2050 797 2127 sapiens
823 2069 951 2128 magnus
976 2059 1045 2113 esti

58 2139 130 2214 quia
145 2154 287 2214 magnum
302 2139 435 2198 animum
449 2136 549 2197 habet.
584 2153 690 2198 verum
706 2144 753 2197 est
767 2153 857 2212 argos
874 2136 958 2214 quod
971 2153 1042 2198 con·

57 2223 262 2297 temptissimo
278 2221 389 2298 cuique
405 2219 558 2296 confingit,
573 2221 687 2282 bonum
702 2238 762 2281 non
784 2228 840 2282 est.
878 2222 985 2298 Itaque
999 2222 1086 2286 in-19

56 2307 221 2368 dolentiam
248 2323 413 2382 numquam
434 2305 548 2366 bonum
570 2306 684 2367 dicam:
713 2304 805 2366 habet
824 2306 904 2366 illam
928 2305 1044 2381 cicada,

55 2390 149 2451 habet
163 2390 266 2466 pulex.
299 2406 337 2450 ne
352 2391 483 2466 quietem
500 2390 621 2465 quidem
644 2398 674 2451 et
695 2391 835 2451 molestia
855 2405 967 2451 vacare
988 2390 1044 2450 bo-

56 2490 130 2533 num
146 2475 260 2535 dicam:
278 2474 352 2549 quid
369 2483 417 2535 est
432 2475 561 2536 otiosius
576 2481 701 2535 verme?
745 2474 881 2549 Quaeris,
898 2488 1043 2550 quaeres

11 2609 15 2614 ,
55 2558 226 2632 sapientem
248 2560 359 2620 iaciat?
391 2574 470 2634 quae
491 2558 592 2618 deum.
627 2559 683 2618 des
705 2565 827 2633 oportet
848 2558 889 2616 illi
905 2556 1042 2618 divinum

55 2640 187 2717 aliquid,
205 2644 350 2716 coeleste,
371 2641 575 2717 magnificum.
612 2657 674 2701 non
697 2641 726 2700 in
743 2657 848 2702 omnes
863 2642 977 2704 bonum
993 2657 1041 2702 ca-

56 2727 100 2785 dit
115 2742 173 2786 nec
190 2729 355 2802 quemlibet
369 2742 586 2802 possessorem
602 2724 723 2801 patitur.
760 2724 839 2787 Vide
1049 2731 1085 2784 bo

97 2817 126 2871 et
144 2813 219 2886 quid
237 2829 372 2887 quaeque
384 2811 470 2884 serat
488 2813 571 2886 reato
593 2817 622 2871 et
634 2811 854 2886 priapumque
868 2819 999 2874 recuset:

96 2896 145 2955 bic
158 2902 283 2970 sepcies,
299 2899 361 2958 illic
376 2898 496 2956 veniunt
504 2896 627 2969 feticius
641 2912 725 2955 avoc.

97 2980 217 3040 arborei
225 2980 308 3053 setus
325 2981 399 3041 alibi
410 2986 498 3055 atque
511 2981 623 3040 iniussa
635 2981 784 3041 virescunt

94 3067 245 3137 oramina.
277 3065 482 3136 memnonides,
497 3079 615 3124 croceos
628 3072 660 3124 ut
677 3063 792 3124 Tmolus
806 3065 919 3139 odores,

95 3147 189 3208 India
204 3151 301 3208 mittat
312 3149 399 3221 ebur,
422 3150 522 3208 molles
537 3165 594 3208 saa
607 3154 677 3207 tara
690 3144 819 3209 Sabaei?

97 3237 131 3291 at
145 3233 288 3310 Chalybes
302 3233 378 3293 nudi
389 3232 518 3309 serrum.

53 3316 117 3375 ista
131 3316 160 3375 in
177 3317 319 3392 regiones
336 3315 489 3390 descripta
504 3322 582 3388 sunt
598 3321 632 3374 nt
642 3315 851 3377 necessarium
862 3315 1039 3376 mortalibus
1046 3319 1079 3373 bl

54 3405 139 3459 esset
154 3400 231 3460 inter
246 3400 332 3476 ipsos
349 3398 573 3472 commercium,
590 3396 617 3457 si
631 3395 762 3456 invicem
776 3397 855 3458 alius
870 3398 986 3475 aliquid
1000 3397 1039 3457 ab

54 3483 114 3544 elio
131 3491 264 3558 peterem
290 3499 440 3544 summum
463 3482 538 3543 illud
553 3481 667 3541 bonum
685 3486 715 3540 et
727 3481 829 3555 ipsum
844 3499 932 3543 suam
948 3480 1040 3540 habet

97 3587 199 3626 sannen
212 3587 281 3626 nnn.
300 3571 344 3626 ΙΙΙ.
843 3572 878 3624 id
