2422 3862
197 236 370 298 aristus.
386 222 480 298 riou.
508 238 580 299 tte.
595 238 645 297 m.
667 236 724 297 m.
748 248 773 299 ι.
789 246 815 301 o.
836 245 893 313 (ro.
910 239 968 317 aa.)
1032 240 1072 304 or

101 393 167 451 tau:
191 390 249 451 sed
271 391 465 453 eoufioienda
484 398 555 452 sunt
576 406 665 451 saera
686 398 715 451 et
734 390 804 450 huie
820 392 971 466 epistulae
987 395 1073 454 viati·

101 491 161 537 oum
174 475 314 535 dandum
330 484 386 536 est.
409 483 483 550 puta
498 490 622 535 menon
640 474 757 536 dicere=
778 476 881 550 „unde
897 485 1072 552 sumpturus

101 577 157 621 sum
173 564 358 621 mutuumi“
387 560 449 619 sois
471 561 560 620 euius
582 575 653 619 area
675 566 752 621 utar.
782 566 932 634 exspecta
953 577 1000 621 me
1016 579 1072 636 pu-

101 644 209 718 sillum,
235 651 267 704 et
288 644 327 704 de
348 642 440 704 domo
455 644 508 704 fiet
524 645 708 705 numeratio:
734 643 853 704 iuterim
868 645 1073 707 commodabit

99 728 253 804 Epicurus,
278 728 401 804 quiait=
423 728 815 803 „Meditaremortem
837 730 907 803 vei,
932 728 1069 790 sicom-

99 812 331 886 modius'sit‚
353 814 526 872 transire
545 812 591 871 ad
606 814 737 874 divos.“
773 813 829 872 Hie
845 819 928 888 patet
943 817 1100 874 seusus=9

99 898 215 974 egregia
238 913 292 957 res
313 903 361 956 est
381 904 509 958 mortem
531 895 721 958 condiscere.
762 896 995 971 Supervacuum
1011 899 1071 959 ior·

43 1060 46 1065 ¹
98 983 168 1042 sitan
191 990 285 1057 putas
307 981 339 1040 id
353 979 491 1055 discere,
515 998 576 1057 quo
593 984 688 1041 semel
703 981 849 1042 utendum
865 990 926 1043 est=
948 983 1007 1043 hoo
1024 993 1072 1045 est

97 1066 202 1143 ipsum,
219 1081 318 1141 quare
333 1065 471 1126 meditari
488 1065 669 1126 debeamus:
686 1082 808 1140 semper
822 1066 1002 1127 discendum
1014 1077 1069 1144 est,

43 1146 45 1203 ἓ
97 1151 174 1227 quod
204 1167 244 1211 an
268 1150 418 1225 sciamus,
447 1149 581 1225 experiri
604 1166 664 1210 non
689 1166 867 1225 possumus.
903 1151 1071 1225 „Meditare
1081 1158 1111 1208 lt

43 1242 46 1311 ξ
96 1241 252 1296 mortem.“
274 1234 328 1311 qui
348 1234 407 1295 hoo
430 1233 517 1306 dicit,
540 1232 680 1295 meditari
704 1234 872 1295 libertatem
893 1236 985 1298 iubet.
1019 1238 1071 1311 qui

43 1338 45 1345 ·
95 1317 169 1381 mori
190 1320 311 1392 didicit,
340 1320 456 1380 servire
477 1318 631 1379 dedidicit.
660 1334 755 1393 supra
770 1335 890 1380 omnem
905 1321 1071 1396 potentiam

95 1412 148 1478 est,
169 1410 255 1464 uerte
270 1410 357 1465 extra
372 1419 502 1464 omnem.
527 1401 600 1478 quid
615 1403 655 1462 ad
670 1403 752 1464 iilum
768 1419 872 1464 career
887 1412 916 1465 et
932 1406 1072 1468 custodia

43 1500 47 1515 '
94 1496 122 1548 et
134 1491 292 1549 claustrae
312 1487 440 1550 liberum
456 1488 567 1548 ostium
582 1486 682 1548 habet.
705 1489 773 1548 Una
787 1496 834 1548 est
849 1496 971 1561 eatena,
992 1505 1071 1565 quae

95 1589 149 1633 nos
171 1573 325 1647 adligatos
346 1580 442 1646 tenet,
464 1588 550 1633 amor
568 1572 664 1648 vitae,
687 1572 739 1647 qui
753 1579 862 1633 utnon
878 1580 925 1633 est
938 1573 1070 1633 abicien-

95 1657 159 1729 dus,
175 1657 219 1719 ita
229 1656 414 1719 minuendus
426 1665 481 1730 est,
493 1664 535 1729 ut
551 1655 578 1716 si
594 1657 718 1732 quaudo
731 1672 781 1716 res
796 1656 906 1731 exiget,
925 1657 998 1717 nihii
1013 1673 1071 1717 nos

43 1774 45 1781 ·
95 1741 226 1804 detineat
253 1756 311 1801 neo
335 1741 485 1817 inpediat,
516 1741 699 1816 quominus
727 1739 824 1815 parati
845 1740 956 1815 simus,
988 1741 1072 1816 quod

43 1834 45 1903 ζ
95 1827 281 1902 quandoque
296 1827 468 1887 iaciendum
483 1834 546 1899 est,
568 1827 669 1887 statim
685 1827 795 1885 iacere.
830 1826 918 1885 Vaie.

394 1963 611 2022 EPISTULA
631 1963 679 2019 vt.
702 1964 772 2035 (at.)

351 2058 462 2110 Saurea
477 2062 588 2111 Luomro
607 2070 659 2110 suo
679 2070 818 2114 saturum.

153 2159 219 2235 „Tu
234 2173 299 2231 me,
325 2155 444 2234 inquis,
466 2170 595 2223 monesi
622 2163 683 2223 iam
697 2163 775 2223 euim
791 2170 821 2224 te
835 2163 904 2238 ipse
919 2163 1071 2236 monuisti
1084 2179 1095 2230 1

93 2243 149 2304 iam
166 2241 352 2305 correxistit
373 2242 444 2306 ideo
465 2245 591 2308 aliorum
607 2246 811 2308 emendationi
832 2252 974 2308 vaeasi“
1005 2246 1071 2308 Non

92 2344 159 2389 sum
170 2334 234 2388 tam
248 2326 414 2402 inprobus,
441 2337 474 2390 ut
488 2333 664 2393 curationes
679 2347 770 2408 aeger
785 2332 910 2404 obeam,
929 2334 986 2393 sed
997 2340 1071 2393 tam-

92 2429 183 2487 quam
198 2413 230 2472 in
246 2412 357 2473 eodem
369 2413 581 2479 valitudinario
597 2417 728 2491 iaceam,
749 2416 788 2477 de
805 2417 956 2478 communi
971 2425 1071 2477 tecum

91 2499 169 2565 maio
186 2498 374 2572 conloquor,
404 2499 454 2576 [et]
471 2502 605 2562 remedia
619 2501 821 2563 eommunieo.
845 2502 891 2561 sie
905 2500 1009 2575 itaque
1023 2515 1072 2559 me

92 2582 170 2655 audi,
194 2589 352 2657 tamquam
366 2598 484 2645 meeum
502 2585 620 2661 loquar.
643 2587 672 2646 in
688 2592 839 2646 secretum
856 2593 887 2645 te
901 2600 1002 2644 meum
1018 2584 1072 2644 ad-

92 2666 173 2727 mitto
202 2672 235 2725 et
261 2672 292 2726 te
319 2666 455 2728 adhibito
483 2686 602 2730 meeum
626 2671 727 2746 exigo.
762 2671 865 2732 Ciamo
890 2668 962 2728 mihi
989 2669 1100 2744 ipseza

91 2750 412 2823 „Numeraannos
434 2760 538 2826 tuos,
566 2763 601 2816 et
623 2753 786 2830 pudebit
806 2755 939 2815 eadem
960 2755 1070 2830 velie,

92 2836 519 2911 quaevolueraspuer‚
543 2839 674 2900 eadem
690 2855 836 2914 parare.
862 2838 1072 2915 hoedenique

92 2917 143 2979 tibi
157 2917 242 2979 eirea
262 2920 368 2980 mortis
390 2919 471 2990 diem
491 2931 629 2998 praesta:
660 2923 826 2985 moriantur
847 2930 917 2984 aute
939 2929 968 2983 te
989 2922 1072 2986 vitia.

92 3001 207 3064 dimitte
229 3003 306 3064 istas
327 3003 501 3080 voluptates
523 3009 675 3082 turbidas,
703 3024 813 3084 magno
835 3008 981 3069 luendas:
1011 3026 1072 3070 uon

92 3094 238 3148 venturae
252 3095 380 3164 tantum,
398 3092 454 3151 sed
469 3094 651 3168 praeteritae
664 3100 785 3154 nocent.
815 3093 1073 3169 quemadmodum

91 3172 210 3233 seelera
228 3174 349 3235 etiamsi
369 3191 431 3236 non
446 3175 507 3236 sint
520 3177 716 3252 deprehensa
731 3193 801 3238 eum
816 3177 940 3250 tierent,
959 3177 1072 3239 soiiioi·

93 3258 164 3318 tudo
186 3274 251 3319 nou
274 3275 345 3320 eum
371 3259 448 3334 ipsis
474 3260 562 3322 abiit:
595 3262 636 3322 ita
658 3262 855 3337 inprobarum
881 3263 1072 3338 voluptatum

93 3341 181 3402 etiam
197 3349 271 3419 post
291 3341 379 3420 ipsas
401 3345 587 3420 poenitentia
607 3352 664 3407 est.
687 3363 748 3408 non
765 3354 836 3407 sunt
851 3345 986 3421 solidae,
1011 3363 1072 3407 nou

95 3433 164 3487 sunt
178 3426 306 3489 fidelesz
337 3427 531 3491 etiamsinon
550 3440 676 3504 nocent,
700 3428 830 3510 fugiunt.
869 3429 1012 3509 iiiiquod
1021 3439 1113 3506 pst-t

94 3509 152 3573 tius
172 3511 287 3573 bouum
304 3527 481 3576 marsorum
504 3517 724 3600 circumspice.
758 3520 886 3586 uuiium
910 3525 1022 3582 autem
1043 3522 1110 3586 est„
