2422 3862
124 153 164 218 ra
408 155 441 213 n.
462 155 608 216 nunaut
632 154 806 216 sunacna
834 225 838 234 ,

126 307 197 367 vina
218 309 393 367 noscantur.
428 305 495 364 Hoc
515 312 564 366 cst
581 322 731 366 summum
750 306 874 367 bonum.
898 308 992 383 quod
1006 309 1034 369 si
1048 325 1098 370 oc·

95 397 237 465 ccupas,
258 390 367 465 incipis
383 389 509 449 deornm
524 389 627 450 socius
642 405 727 462 csse,
749 406 810 451 non
826 392 968 467 supplex.
999 393 1098 467 „Quo-

126 475 233 548 modo,
256 473 375 548 inquis,
397 472 456 532 islo
473 471 686 547 perveniturr‘
719 488 781 533 non
795 490 852 549 per
865 473 1010 536 Papinum
1026 476 1099 537 Gra·

125 557 226 617 iumve
245 563 378 617 montem
395 571 453 616 nec
475 571 530 630 per
551 557 673 615 deserta
694 555 879 632 Candaviae,
909 574 966 617 nec
990 558 1098 638 Syrtes

125 641 178 700 tibi
193 656 250 700 nee
265 639 370 718 Scylla
383 647 435 700 aut
445 637 616 717 Charybdis
631 640 790 700 adeundae
804 648 889 716 sunt,
908 658 987 718 quae
998 650 1098 703 lamen

121 723 229 784 omnia
248 723 382 785 transisti
403 723 685 798 procuratiunculae
707 723 821 798 pretio:
850 732 945 786 lutum
964 727 1021 786 iter
1043 737 1099 802 est,

126 808 292 869 iucundum
307 816 368 880 est,
389 807 429 866 ad
441 806 526 882 quod
540 815 647 867 natura
659 813 689 866 te
703 808 854 870 instruxit.
876 808 959 871 dedit
973 810 1026 871 tibi
1040 811 1099 883 illa,

90 905 206 968 toquae
227 890 254 952 si
273 908 336 952 non
357 891 545 963 deserueris,
568 907 624 965 par
645 891 703 950 deo
724 907 842 967 surges.
878 891 984 954 Parem
1000 901 1100 954 autem

127 976 186 1036 deo
208 976 340 1050 pecunia
355 990 416 1034 non
432 974 536 1034 laniet:
559 974 636 1035 deus
651 973 724 1034 nihil
738 975 839 1036 habet.
866 983 1025 1052 praetexta
1039 993 1100 1038 non

127 1060 231 1119 saciet:
261 1059 337 1120 dous
358 1059 459 1119 nudus
480 1065 536 1119 est
571 1058 731 1119 lamando
754 1060 846 1121 saciet
865 1075 921 1120 neo
938 1063 1100 1122 ostentatio

127 1142 170 1203 lui
191 1150 220 1203 ct
243 1143 273 1202 in
299 1144 433 1218 populos
458 1142 588 1202 nominis
609 1143 735 1203 dimissa
754 1143 878 1204 nolitia:
907 1160 996 1205 nemo
1018 1144 1103 1206 novit

129 1227 234 1300 deum,
255 1227 339 1288 multi
353 1227 393 1287 de
406 1226 458 1287 illo
474 1226 552 1285 male
566 1225 752 1302 existimant,
775 1227 941 1302 etinpune.
965 1244 1026 1288 non
1041 1237 1101 1289 tur-

130 1309 168 1368 ba
189 1327 348 1371 servorum
369 1311 505 1370 lecticam
525 1317 607 1370 tuam
628 1326 683 1385 per
704 1310 811 1372 itinera
830 1310 947 1371 urbana
961 1328 999 1372 ao
1013 1327 1100 1387 perc-

128 1393 215 1467 grina
235 1393 434 1468 portantium:
464 1393 541 1454 deus
565 1392 615 1453 ille
638 1393 788 1456 maximus
810 1394 1102 1471 potentissimusque

129 1477 197 1550 ipse
212 1477 294 1538 vehit
308 1477 416 1538 omnia.
440 1493 478 1536 ne
492 1478 590 1538 forma
604 1477 725 1553 quidem
740 1486 770 1539 et
784 1480 864 1538 vires
877 1479 998 1538 beatum
1014 1489 1044 1540 te
1059 1482 1072 1539 l
1088 1510 1100 1521 ·

88 1570 198 1622 llcere
220 1569 365 1637 possuntt
386 1561 458 1621 nillil
476 1561 583 1621 horum
597 1561 710 1637 patitur
724 1571 911 1624 vetustatem.
948 1564 1100 1637 Quaeren-

130 1647 202 1706 dum
217 1654 279 1721 est,
302 1646 386 1720 quod
401 1662 462 1706 non
478 1645 531 1706 liat
544 1645 574 1720 in
590 1647 656 1706 dics
671 1647 775 1722 peiuS,
797 1650 847 1708 cul
859 1662 919 1706 non
934 1647 1036 1722 possit
1049 1647 1101 1708 ob·

130 1729 212 1790 stari.
249 1729 406 1806 quidhoc
431 1736 498 1789 estt
530 1729 663 1805 animus,
697 1731 822 1791 sedhic
845 1738 961 1805 rectus,
989 1731 1100 1803 bonus,

130 1830 267 1890 magnus.
304 1814 377 1889 quid
397 1813 480 1873 aliud
499 1829 595 1873 voces
615 1813 696 1874 hunc
713 1830 803 1890 quam
817 1814 908 1875 deum
924 1814 955 1875 in
970 1831 1101 1891 corpore

129 1898 260 1960 humano
275 1898 501 1973 hospitantem
532 1897 588 1957 llic
602 1898 721 1958 animus
734 1899 835 1959 tamin
847 1899 978 1975 equitem
990 1900 1101 1962 Roma·

129 1998 200 2042 nom
216 1998 307 2058 quam
321 1983 351 2041 in
371 1982 557 2055 libertinum,
584 1998 675 2056 quam
686 1983 717 2041 in
736 1999 857 2043 servum
869 1990 971 2059 potest
982 1985 1102 2044 cadere.

131 2066 204 2140 quid
226 2074 274 2126 est
289 2065 370 2125 enim
385 2081 481 2140 eques
495 2065 651 2126 Romanus
670 2075 721 2139 aut
734 2066 891 2128 libertinus
905 2076 958 2128 aut
972 2074 1103 2128 servus?

129 2148 251 2208 nomina
266 2165 304 2208 ex
318 2148 481 2209 ambitione
497 2158 548 2210 aul
561 2165 600 2210 ex
614 2148 722 2210 iniuria
735 2157 818 2211 nata.
836 2152 977 2212 subsilire
989 2152 1019 2212 in
1033 2168 1102 2212 ooc-

131 2233 191 2290 lunr
205 2247 245 2291 ex
260 2234 372 2307 angulo
387 2232 466 2292 licet.
492 2247 622 2309 exsurge
637 2235 729 2294 modo

445 2322 475 2376 et
486 2322 513 2377 te
526 2333 639 2393 quoquc
653 2319 774 2393 dianam

333 2403 415 2475 finde
432 2401 495 2460 deo.

132 2485 231 2560 finges
252 2492 430 2546 autemnon
453 2500 527 2544 auro
549 2487 758 2560 velamento:
786 2503 848 2548 non
869 2494 971 2562 potest
992 2502 1031 2546 ex
1047 2486 1104 2545 imo

133 2654 195 2728 pilii
212 2660 329 2726 essent,
351 2652 459 2712 fictiles
475 2653 580 2713 luisse.
614 2653 701 2714 Vale.

421 2787 636 2847 EPISTULA
662 2792 709 2847 ΙΙΙ.
738 2793 808 2863 (dl.)

382 2881 491 2934 Seneca
510 2883 622 2934 Lucum
642 2896 693 2935 suo
714 2896 851 2936 sanurau.

104 3001 115 3052 1
190 2986 314 3061 inquiro
336 2986 366 3045 in
388 2994 417 3046 te
432 2995 461 3047 ct
474 2988 513 3048 ab
528 2986 669 3049 omnibus
688 2987 841 3061 sciscitor,
863 2987 915 3062 qui
930 3003 970 3048 ex
984 2988 1042 3049 ista
1056 3004 1102 3049 rc

130 3070 221 3146 gione
240 3070 378 3145 veniunt,
401 3071 474 3146 quid
495 3087 593 3147 agas,
608 3070 661 3132 ubi
683 3079 712 3131 ct
738 3088 806 3133 curn
828 3072 938 3147 quibus
964 3073 1101 3133 moreris.

132 3154 225 3214 verba
245 3154 319 3214 dare
339 3171 399 3216 non
420 3164 523 3230 potes:
552 3163 651 3217 lecum
666 3172 743 3216 sum.
778 3154 829 3216 Sio
843 3156 929 3231 vive,
950 3165 1102 3232 tamquam

132 3237 203 3313 quid
217 3238 312 3298 iacias
323 3240 480 3301 auditurus
492 3238 565 3314 sim,
579 3241 670 3300 immo
682 3247 834 3316 tamquam
847 3239 981 3301 visurus.
1007 3239 1103 3315 Quae·

129 3323 172 3381 ris
196 3323 267 3396 quid
288 3339 336 3384 me
356 3325 486 3385 maxime
503 3325 607 3400 exiis,
631 3339 709 3399 quae
724 3324 763 3384 dc
778 3332 808 3384 te
822 3324 930 3398 audio,
953 3324 1104 3386 delectelt

130 3406 215 3482 quod
234 3406 306 3468 nihil
327 3408 432 3482 audio,
457 3409 541 3484 quod
556 3410 693 3483 plerique
707 3424 745 3468 ex
761 3408 823 3483 his,
845 3425 925 3484 quos
940 3410 1102 3485 interrogo,
