2422 3862
130 223 191 294 196
416 228 449 286 L.
471 227 618 286 ΑΝΝΑΕΙ
640 225 815 286 SENECAE

130 383 242 442 tionem
254 380 359 440 mortis
369 394 406 439 ac
420 387 532 440 metum
544 377 688 454 subripit=
701 394 762 438 non
773 377 944 438 iudicabam
957 395 1015 454 mc,
1032 396 1101 441 cum

129 466 198 526 illos
220 464 400 539 superstites
416 464 635 538 relinquerem,
662 463 749 524 mori.
785 462 945 538 putabam,
967 463 1102 539 inquam,

128 565 177 610 me
192 548 342 608 victurum
357 563 417 609 non
437 563 505 607 cum
520 547 595 618 illis,
616 547 671 605 sed
684 546 835 621 perillus.
866 562 927 606 non
942 546 1102 609 effundere

128 631 200 692 mihi
216 631 354 707 spiritum
368 630 511 704 videbar,
533 629 589 689 scd
604 631 734 689 tradere.
767 629 851 689 Haec
866 629 939 689 milri
955 631 1103 692 dederunt

128 717 315 777 voluntalem
337 713 502 774 adiuvandi
523 728 572 772 me
593 720 622 774 et
643 712 777 788 patiendi
800 728 890 773 omne
904 722 1102 776 tormentum:

129 798 263 875 alioquin
280 796 480 858 miserrimum
495 805 557 872 est,
572 811 640 856 cum
655 797 787 856 animum
801 797 949 856 moriendi
964 800 1101 872 proiece-

101 881 188 957 5ris‚
211 899 271 943 non
289 880 403 941 habere
418 880 551 940 vivendi.
585 880 635 939 Ad
655 880 732 940 haec
746 895 819 954 ergo
834 881 1014 942 remediale
1029 899 1101 943 con-

131 967 184 1026 111.
205 967 343 1026 medicus
358 965 411 1025 libi
427 972 571 1039 quantum
587 964 740 1038 ambules,
756 970 901 1038 quantum
917 965 1100 1037 exercearis,

45 1075 50 1125 j
129 1049 319 1111 monstrabit.
355 1064 394 1108 ne
409 1048 570 1123 indulgeas
586 1047 663 1119 otio,
684 1046 723 1106 ad
740 1048 823 1121 quod
839 1049 937 1121 vergit
951 1049 1032 1109 iners
1049 1065 1100 1107 va-

129 1135 234 1194 litudo.
263 1140 296 1193 ut
315 1134 402 1206 legas
422 1132 534 1192 clarius
550 1137 579 1191 et
593 1129 750 1206 spiritum,
771 1132 858 1192 cuius
880 1131 935 1190 iter
956 1135 993 1191 11
1013 1146 1097 1191 1111·

130 1219 284 1294 piaculum
299 1217 432 1290 laborat,
454 1230 610 1276 exerceas.
637 1223 671 1275 ut
684 1215 811 1289 naviges
826 1222 857 1275 el
878 1215 996 1275 viscera
1015 1215 1098 1274 molli

130 1301 292 1362 iactatione
308 1299 475 1361 concutias.
505 1299 616 1374 quibus
632 1297 709 1359 cibis
723 1299 827 1359 utaris.
860 1298 962 1358 vintim
976 1298 1098 1374 quando

130 1384 238 1444 virium
259 1399 354 1443 causa
369 1384 519 1456 11111111,
541 1382 664 1457 quando
682 1382 874 1457 intermittas,
896 1398 935 1443 ne
950 1380 1051 1442 inritet
1071 1390 1101 1441 et

130 1476 293 1543 exasperet
313 1467 437 1528 tussim=
469 1464 600 1542 egotibi
629 1466 702 1526 illud
729 1466 899 1541 praecipio,
934 1466 1017 1540 quod
1038 1481 1100 1526 non

130 1559 244 1612 tantum
259 1553 349 1613 huius
364 1551 477 1623 morbi,
493 1551 548 1610 sed
565 1550 656 1610 totius
672 1550 751 1609 vilae
764 1548 931 1610 remedium
950 1557 1011 1609 est:
1028 1565 1099 1608 con-

130 1643 230 1695 temne
244 1642 381 1695 mortem.
409 1635 482 1695 nihil
497 1634 582 1694 triste
597 1641 659 1705 est,
676 1649 744 1693 cum
761 1632 851 1694 huius
866 1642 977 1694 metum
993 1632 1100 1708 effugi-

102 1735 207 1794 ⁶mus
237 1717 1005 1791 Triahaecinorrtnimorbograviasunl=
1027 1733 1099 1776 me·

59 1805 61 1808 ’
132 1811 192 1864 tus
216 1803 366 1874 mortis,
399 1802 510 1862 dolor
535 1800 730 1876 corporis,
763 1798 1007 1861 intermissio
1034 1817 1097 1860 vo·

131 1887 333 1961 luptalum.
361 1885 412 1944 De
432 1885 663 1946 morlesatis
679 1886 910 1945 dictumest:
931 1884 1100 1944 hocunum

131 1968 245 2043 dicam,
268 1986 328 2028 non
345 1968 442 2028 morbi
457 1968 538 2029 hunc
553 1983 639 2043 esse,
662 1969 718 2027 sed
732 1975 856 2029 naturae
872 1976 993 2029 melum.
1024 1969 1100 2028 mul-

131 2061 229 2114 torum
254 2061 381 2113 mortem
403 2051 518 2112 distulit
543 2052 666 2113 morbus
691 2059 720 2111 et
740 2050 831 2113 saluti
849 2052 908 2111 illis
929 2049 984 2112 fuit
1003 2051 1100 2111 videri

132 2135 242 2211 perire.
282 2133 438 2210 Moriens,
462 2152 524 2196 non
550 2136 621 2212 quia
645 2143 803 2209 aegrotas,
828 2135 885 2195 sed
916 2135 987 2211 quia
1009 2134 1098 2194 vivis.

47 2215 53 2231 ‘
131 2218 190 2278 ista
205 2226 298 2278 teres
312 2227 342 2279 et
356 2226 494 2278 sanatum
508 2227 623 2279 manet:
640 2235 707 2278 cum
723 2219 929 2294 convalueris,
944 2234 1005 2280 non
1022 2235 1100 2278 mor-

103 2309 206 2378 7tem‚
233 2303 288 2362 sed
302 2302 499 2362 valitudinem
520 2302 659 2379 effugies.
691 2303 741 2362 Ad
755 2304 828 2363 illud
841 2310 927 2363 ‘nunc
942 2303 1100 2377 proprium

131 2385 568 2447 incommodumrevertamur=
595 2399 753 2460 magnos
769 2386 967 2446 cruciatus
984 2386 1100 2445 habet

131 2471 294 2530 morbus.
334 2470 390 2528 sed
416 2469 474 2528 hos
502 2469 675 2531 tolerabiles
693 2469 852 2530 intervalla
870 2469 993 2530 iaciunt.
1029 2485 1098 2527 nam

130 2555 240 2615 summi
256 2553 371 2614 doloris
386 2553 510 2612 intentio
526 2553 640 2613 invenit
653 2553 753 2613 linem.
787 2569 875 2614 nemo
893 2558 995 2628 potest
1007 2552 1099 2611 valde

131 2638 236 2698 dolere
252 2647 282 2699 et
297 2638 364 2697 dius
391 2637 437 2696 sic
452 2653 510 2698 nos
525 2634 732 2697 amantissime
753 2635 850 2698 nostri
865 2645 971 2697 natura
992 2636 1098 2711 dispo-

102 2721 203 2796 gsuit‚
220 2730 253 2781 ut
269 2722 406 2783 dolorem
422 2729 475 2781 aut
486 2719 672 2781 tolerabilem
686 2728 737 2781 aut
751 2721 874 2781 brevem
886 2721 1009 2780 laceret.
1034 2719 1097 2777 Ma-

130 2802 203 2862 ximi
219 2804 343 2865 dolores
359 2803 389 2863 in
403 2803 589 2864 macerrimis
601 2804 772 2865 consistunt
788 2804 927 2880 corporis
944 2802 1097 2879 partibus:

121 2886 216 2947 nervi
241 2886 421 2962 articulique
441 2895 472 2948 et
492 2887 637 2985 quicquid
663 2888 744 2948 aliud
767 2889 846 2948 exile
866 2887 927 2960 est,
950 2886 1097 2947 acerrime

131 2969 244 3044 saevit,
266 2985 335 3029 cum
354 2971 384 3030 in
406 2979 470 3031 arto
492 2970 564 3030 vitio
582 2971 731 3046 11111ρί1.
767 2973 823 3032 sed
846 2972 904 3032 cilo
918 2969 978 3031 hae
994 2977 1097 3045 partes

131 3053 355 3151 obstupescunt
380 3062 410 3114 et
437 3054 506 3129 ipso
531 3055 638 3115 dolore
658 3070 783 3116 sensum
810 3054 924 3115 doloris
950 3054 1096 3124 omittunt,

131 3137 197 3197 sive
212 3136 285 3212 qula
299 3137 423 3212 spiritus
437 3137 566 3198 naturali
581 3137 750 3213 prohibitus
767 3154 859 3200 cursu
873 3145 903 3198 el
918 3143 1053 3198 mutatus
1066 3135 1096 3196 in

131 3221 219 3296 peius
236 3221 296 3279 vim
310 3238 407 3295 suam,
424 3237 485 3296 qua
499 3223 581 3296 viget
594 3223 798 3298 admonetque
812 3237 880 3296 nos,
900 3220 1010 3297 perdit,
1031 3221 1097 3281 sive

131 3302 203 3379 quia
217 3312 379 3380 corruptus
396 3304 519 3378 humor,
535 3321 603 3366 cum
619 3306 708 3366 desiit
724 3306 851 3382 habere,
874 3322 936 3382 quo
953 3302 1095 3375 confluat,

131 3388 200 3463 ipse
215 3403 250 3448 se
265 3388 349 3449 elidit
366 3395 396 3448 et
407 3390 456 3463 iis,
478 3405 557 3465 quae
572 3388 660 3451 nimis
677 3390 817 3465 inplevit,
833 3389 947 3450 excutit
961 3401 1096 3450 sensum.

89 3470 328 3549 offepodagra
342 3481 371 3534 et
380 3472 521 3552 olriragra
528 3483 558 3538 et
565 3472 663 3538 omnis
670 3474 875 3535 uertebrarum
888 3473 976 3535 dolor
986 3479 1017 3535 et
1027 3487 1096 3535 ner·
