2422 3862
352 247 402 305 AD
424 246 572 304 PAULUM
592 245 799 307 EPISTOLAE,
1006 245 1070 309 479

94 403 187 458 minae
208 401 311 468 inulas,
335 399 414 455 cuius
431 398 544 470 quidem
566 398 677 456 offensa
698 416 789 472 neque
807 402 906 471 oberit,
925 402 949 458 si
969 419 1068 475 perse-

94 486 243 550 veraverit,
265 499 366 556 neque,
392 484 486 539 sinon
501 483 551 553 sit,
572 483 710 555 prodente
732 486 756 539 si
774 493 816 541 ost
830 485 937 558 regina,
956 502 1012 542 non
1027 485 1069 543 in·

95 570 264 642 dignabitur,
281 569 305 625 si
320 568 419 624 mulier
434 573 485 636 est,
506 566 673 624 offendetur.
702 568 778 623 Beue
795 571 869 627 vale.

448 713 648 766 EPISTOLA
667 715 712 767 rit.

406 783 507 835 Srrrcn
526 784 609 836 Panno
628 798 753 836 susurru.
849 794 853 800 ·

154 887 219 946 Sero
236 896 263 946 tc
277 907 333 947 non
355 895 411 946 tam
428 891 467 945 tui
486 906 573 945 eausa
588 897 757 947 commotum
772 891 885 958 litteris,
901 908 970 965 quas
988 893 1025 948 ad
1042 898 1069 948 ta

95 974 130 1029 de
152 974 274 1029 editione
298 975 479 1046 epistolarum
501 980 610 1029 tuarum
632 973 747 1030 Caesari
771 976 841 1044 ieci,
862 993 945 1048 quam
968 982 1069 1033 natura

94 1053 250 1134 [ipsarum]
268 1075 376 1126 rerum,
393 1073 466 1128 quac
480 1057 519 1112 ita
529 1063 637 1112 mentes
652 1056 796 1114 hominum
812 1062 848 1115 ab
859 1061 989 1117 omnibus
1005 1061 1069 1117 arti·

92 1143 145 1197 bus
158 1148 185 1196 et
193 1142 316 1197 moribus
327 1140 411 1197 rectis
421 1147 546 1209 revocat,
558 1146 587 1196 ut
597 1156 653 1195 non
664 1140 750 1197 hodie
760 1141 890 1214 admirer,
903 1145 1005 1216 quippo
1015 1137 1067 1222 [ut]

94 1226 141 1295 qui
159 1227 252 1280 multis
269 1225 446 1280 documentis
466 1224 521 1281 hoe
542 1225 597 1279 iam
615 1225 791 1281 notissimum
811 1225 940 1283 habeam.
981 1225 1069 1300 Igitur

94 1324 168 1364 nove
182 1324 314 1379 agamus,
332 1315 358 1364 ct
373 1309 397 1364 si
414 1307 482 1380 quid
496 1308 577 1363 facile
592 1309 621 1364 in
634 1310 814 1381 praeteritum
831 1311 935 1367 iactum
950 1317 1002 1381 est,
1019 1327 1068 1367 va·

95 1392 170 1447 niam
191 1393 337 1464 irrogabis.
367 1393 432 1448 Misi
452 1393 501 1448 tibi
524 1393 624 1448 librum
644 1393 680 1448 de
700 1396 851 1450 verborum
871 1395 964 1467 copia.
996 1396 1067 1451 Vale

96 1476 183 1532 Paule
198 1477 354 1532 carissime.

414 1634 420 1647 „
455 1587 655 1640 EPISTOLA
672 1588 707 1640 X-

393 1656 512 1709 Serrana
528 1657 625 1710 Pinnos
644 1673 767 1710 aaronem.

158 1763 405 1834 Quotienscunque
425 1763 473 1819 tibi
489 1765 587 1845 'scribo
611 1771 638 1819 et
662 1780 763 1819 nomen
784 1781 877 1820 meum
897 1765 945 1822 tibi
969 1767 1068 1822 subsc·

93 1846 202 1917 cundo,
221 1863 337 1918 gravem
353 1853 380 1902 et
396 1851 489 1902 sectae
504 1864 584 1903 meae
596 1848 827 1920 incongruentem
839 1865 898 1904 rcrn
915 1850 996 1904 iaeio.
1020 1848 1068 1904 de-

93 1936 147 1989 beo
164 1931 255 1994 onim,
271 1937 300 1986 ut
315 1947 401 2002 saepo
415 1932 562 2003 professus
579 1949 655 2001 sum,
671 1948 733 1988 eum
749 1933 877 1989 omnibus
893 1933 986 1989 omnia
1002 1949 1067 1989 esse

94 2021 122 2070 et
137 2014 166 2069 id
183 2017 335 2072 observare
351 2015 379 2069 in
396 2021 596 2087 inspersum,
613 2015 689 2089 quod
705 2017 751 2071 iux
765 2016 893 2073 Romana
906 2016 1007 2072 honori
1022 2033 1067 2073 aa·

93 2105 175 2154 natus
191 2101 347 2168 concessit,
362 2101 489 2171 perlecta
504 2101 624 2172 epistola
641 2099 767 2157 ultimum
780 2103 872 2158 locum
889 2101 1007 2173 eligere,
1029 2116 1067 2157 ne

93 2200 156 2238 curn
171 2185 269 2255 aporia
284 2190 311 2239 et
328 2183 468 2241 dedecore
484 2186 596 2257 cupiam
612 2180 710 2260 [illud]
725 2184 847 2255 efficere,
864 2185 940 2259 quod
957 2186 1012 2241 mei
1024 2200 1068 2240 ar·

91 2267 165 2321 bitrii
183 2269 275 2325 tuerit.
301 2268 386 2339 Vale,
404 2268 586 2327 devotissime
602 2269 745 2342 magister.
770 2269 840 2325 Data
861 2270 955 2341 quinto
968 2270 1067 2327 Galen·

94 2348 192 2404 darum
208 2349 269 2405 Iulii
285 2351 397 2406 Nerone
411 2350 450 2405 IV
466 2358 493 2407 et
506 2353 631 2408 Messala
646 2354 818 2409 oonsulibus.

453 2479 650 2532 aplsroun
667 2481 711 2530 XI.

410 2546 512 2599 Saurea
528 2549 612 2601 Puuao
630 2563 752 2600 susurru.

156 2654 220 2711 Ave
234 2654 272 2710 mi
286 2654 371 2711 Paule
389 2654 544 2711 carissime.
572 2652 603 2710 Si
619 2654 687 2710 mihi
699 2653 861 2725 nominique
876 2668 938 2707 meo
953 2652 998 2708 vir
1008 2658 1067 2709 tan·

95 2756 137 2796 tus
153 2745 180 2794 ct
196 2739 313 2796 dilectus
329 2737 457 2794 omnibus
472 2736 564 2793 modis
580 2753 636 2793 non
653 2737 715 2795 dieo
730 2737 817 2793 tueris
829 2737 938 2793 iunctus
956 2736 1008 2794 sed
1019 2753 1067 2793 ne·

94 2825 219 2882 cessario
235 2825 353 2892 mixtus,
377 2823 479 2894 optime
497 2827 588 2878 aetum
606 2821 657 2878 erit
672 2822 707 2878 de
723 2821 834 2879 Seneca
847 2827 905 2879 tuo.
940 2820 1008 2879 Cum
1025 2821 1065 2879 sis

94 2909 177 2982 igitur
192 2913 332 2964 verteret
349 2908 547 2964 altissimorum
560 2907 683 2962 omnium
698 2912 833 2962 montrum
849 2922 994 2974 cacumen,
1009 2921 1067 2960 non

94 3010 149 3065 ego
165 2994 210 3049 vis
231 2995 335 3060 laeter,
356 2992 380 3048 si
398 2992 435 3048 ita
451 2992 504 3047 sim
522 2991 568 3047 tibi
584 2993 744 3062 proximus,
769 2996 799 3046 ut
818 2992 886 3046 alter
908 2989 1006 3046 similis
1027 2989 1066 3045 tui

95 3074 231 3149 deputer?
259 3075 341 3131 Haud
361 3077 455 3149 itaque
475 3082 503 3131 te
520 3074 667 3148 indignum
684 3075 775 3147 prima
793 3075 864 3132 faeie
885 3075 1065 3147 epistolarum

94 3158 296 3216 nominandum
311 3176 445 3229 censeas,
471 3175 506 3214 ne
522 3164 578 3215 tarn
592 3165 729 3232 temptare
750 3177 795 3215 me
811 3176 894 3232 quam
909 3158 1005 3214 ludere
1022 3158 1067 3213 vi·

95 3244 205 3312 deeris,
222 3244 325 3316 quippe
342 3260 405 3299 cum
428 3243 502 3299 scias
518 3243 609 3300 civem
625 3261 690 3300 esse
705 3251 732 3300 te
744 3244 908 3300 Romanum.
930 3237 1066 3316 [uuquam

95 3327 141 3399 qui
153 3343 242 3394 meus,
255 3334 317 3383 tuus
330 3327 406 3401 apud
419 3326 545 3396 telonus,
558 3329 604 3398 qui
619 3334 692 3399 tuus,
703 3329 788 3386 velim
800 3333 829 3383 ut
838 3344 927 3383 meus.
949 3324 1019 3379 Vale
1029 3321 1067 3378 mi

93 3411 180 3467 Paule
194 3411 347 3470 carissime.
379 3413 448 3468 Data
458 3410 494 3469 X.
513 3409 572 3468 Cal.
583 3412 673 3486 April.
705 3412 868 3486 Aproniano
886 3416 913 3465 et
931 3406 1067 3480 Capitone

94 3495 266 3552 consulibus.
