2422 3862
129 202 196 300 202¹
420 235 453 294 t.
472 235 619 294 aunam
642 233 817 294 sunnone

129 386 265 461 interest,
280 392 379 453 utrum
391 385 430 446 ad
440 386 821 460 consumptammateriam
837 402 876 445 an
892 386 932 446 ad
947 387 1108 468 subactam

130 471 403 534 accedas=orescit
415 468 444 529 in
460 470 527 529 dies
541 478 570 529 et
583 469 752 529 inventuris
761 469 884 530 inventa
897 487 959 531 non
972 471 1112 533 obstant,

129 557 291 616 Praeterea
306 552 448 614 oondieio
464 553 580 628 optima
595 561 643 614 est
656 554 766 614 ultimi:
790 561 896 629 parata
915 554 1010 614 verba
1024 556 1109 615 inve-

128 641 186 713 nit,
202 654 282 714 quae
297 638 383 698 aliter
400 639 547 698 instructa
562 653 673 697 novam
689 637 799 697 faeiem
820 637 941 698 habent.
977 654 1036 708 neo
1050 639 1110 700 illis

128 739 237 784 manus
258 722 343 782 inioit
358 729 510 797 tamquam
526 719 643 781 alienis.
669 730 740 782 sunt
757 719 836 780 enim
853 720 995 804 publicat]
1021 723 1110 783 iuris·

64 874 67 878 ,
102 807 265 871 loonsulti
292 813 405 881 negant
430 805 595 881 quiequam
626 805 782 880 publicum
803 806 943 880 usucapi.
975 804 1037 867 Aut
1052 823 1109 881 ego

127 899 158 952 te
186 907 247 950 non
269 889 342 951 novi
362 897 414 950 aut
432 891 532 949 Aetna
554 889 607 949 tibi
633 890 761 948 salivam
784 898 895 949 movet.
936 891 996 950 iam
1018 892 1108 965 oupis

128 976 246 1051 grande
261 973 377 1049 aliquid
395 981 425 1033 et
440 990 495 1049 par
508 972 663 1047 prioribus
676 972 821 1033 seribere.
856 976 926 1049 plus
943 975 1022 1033 enim
1037 991 1108 1049 spe-

48 1108 50 1115 .
128 1076 197 1120 rare
211 1058 362 1119 modestia
381 1058 459 1117 tibit
447 1064 499 1117 tua
513 1073 575 1117 non
591 1057 748 1154 permittit,
772 1072 852 1132 quae
867 1059 971 1118 tanta'
964 1075 993 1118 rn
1009 1066 1038 1118 te
1051 1067 1107 1129 est,

128 1151 162 1204 ut
174 1143 308 1203 videaris
325 1140 396 1224 mihi
411 1142 623 1201 retracturus
612 1141 728 1238 Jngenii
743 1142 784 1200 tui
802 1140 898 1215 vireS,
923 1143 949 1202 si
965 1142 1107 1201 vincendi

18 1227 19 1231 ’
98 1226 299 1302 opericulum
320 1212 374 1286 sit:
396 1232 480 1286 tanta
498 1222 552 1286 tibi
574 1225 710 1299 priorum
725 1227 897 1286 reuerentia
911 1232 967 1286 est
983 1225 1107 1285 lnter

129 1317 191 1371 oet
196 1327 262 1371 era
287 1310 358 1370 hoe
382 1308 498 1371 habet
522 1309 610 1370 boni
636 1309 852 1406 sapientia:
879 1327 951 1370 non
978 1316 1109 1383 potest

128 1392 243 1454 vinei.
271 1394 366 1454 Nemo
382 1393 421 1453 ab
437 1394 531 1455 altero
547 1402 649 1468 potest
665 1392 761 1466 vinei,
784 1393 842 1453 nisi
858 1394 930 1453 dum
945 1393 1108 1453 adscendi-

129 1486 187 1540 tur.
223 1494 292 1539 eum
316 1477 356 1537 ad
377 1494 527 1538 summum
554 1478 747 1553 perveneris,
763 1477 850 1552 paria
866 1485 951 1550 sunt,
976 1493 1037 1536 nou
1062 1485 1110 1536 est

130 1563 318 1623 incremento
333 1561 435 1635 loono,
452 1569 564 1622 statur:
587 1559 734 1636 numquid
754 1563 802 1622 sol
818 1561 1018 1636 magnitudini
1033 1578 1109 1621 suae

131 1645 244 1707 adicit?
280 1646 428 1721 numquid
443 1647 521 1706 ultra
536 1661 627 1720 quam
645 1647 738 1718 solet,
762 1647 834 1704 luna
850 1645 1011 1720 procedit?
1046 1663 1108 1705 nra-

130 1731 176 1790 ria
196 1748 257 1791 non
279 1738 431 1791 creseunt.
466 1730 600 1790 mundus
620 1730 761 1790 eumdem
777 1727 916 1791 habitum
931 1746 968 1790 ao
982 1731 1108 1790 modurn

6 1864 32 1871 .,
100 1822 242 1882 oservat.
279 1815 434 1875 Extollere
455 1829 505 1888 se,
533 1829 613 1890 quae
630 1815 740 1874 iustam
756 1812 996 1889 magnitudinem
1012 1814 1108 1889 inple·

128 1915 216 1974 vere,
238 1916 299 1960 non
316 1907 461 1975 possunt:
491 1899 676 1974 quicumque
694 1897 807 1958 luerint
820 1898 992 1973 sapientes,
1017 1914 1108 1974 pares

129 1992 218 2044 erunt
232 1992 262 2045 et
278 1984 435 2059 aequales.
469 1981 601 2044 Habebit
614 1982 831 2057 unusquisque
847 1999 885 2042 ex
901 1983 948 2042 his
964 1983 1108 2058 proprias

130 2067 235 2127 dotes:
251 2067 329 2128 alius
345 2068 402 2127 erit
415 2066 581 2140 affabilior,
603 2066 681 2126 alius
700 2066 889 2157 expeditior,
913 2065 990 2127 alius
1006 2061 1108 2162 p‘rom

131 2149 232 2225 ptior
224 2168 254 2210 m
271 2152 460 2226 eloquendo,
477 2152 553 2212 alius
569 2150 751 2211 facundior:
750 2142 850 2224 illud,
867 2151 905 2210 de
923 2167 984 2226 quo
1000 2149 1109 2226 agitur,

89 2234 215 2309 loquod
229 2233 354 2295 beatum
375 2234 462 2309 laoit,
482 2234 658 2310 aequalem
675 2233 844 2313 omnibus,
866 2237 914 2293 An
936 2236 1037 2296 Aetna
1057 2243 1109 2295 tua

130 2317 231 2394 possit
252 2317 371 2378 sublabi
392 2320 450 2379 et
442 2334 640 2393 inseruere,
661 2335 699 2379 an
714 2317 774 2378 hoo
788 2276 945 2379 exoelsum
961 2335 1108 2380 cacumen

130 2409 160 2462 et
181 2401 388 2499 conspicuum
405 2419 459 2477 per
479 2404 557 2463 vasti
578 2401 672 2463 maris
698 2403 798 2478 spatia
818 2403 958 2463 detrahat
977 2404 1110 2464 adsidua

129 2485 333 2562 visignium,
367 2488 486 2548 neseio:
526 2486 807 2551 virtutemnon
835 2488 1003 2560 flamma,
1034 2504 1107 2549 non

128 2572 240 2631 ruina
260 2570 617 2633 inferiusadduoet.
648 2571 724 2631 haee
739 2588 799 2631 una
814 2571 960 2633 maiestas
976 2571 1107 2646 deprimi

129 2656 236 2716 nescit.
279 2671 337 2715 neo
353 2656 483 2730 proferri
500 2657 578 2716 ultra
596 2671 654 2715 neo
671 2656 777 2715 relerri
794 2663 906 2731 potest.
943 2655 989 2716 sio
1005 2656 1106 2727 huius,

128 2745 162 2799 ut
176 2728 363 2814 coelestium,
380 2747 493 2801 statuta
507 2739 683 2814 magnitudo
699 2746 755 2799 est
785 2740 831 2798 ad
846 2739 941 2799 hano
957 2754 1027 2799 nos
1044 2755 1106 2799 oo·

38 2876 41 2881 ,
90 2824 453 2885 llnemureduoere.
478 2823 542 2883 lam
556 2825 680 2884 multum
693 2838 795 2899 operis
808 2823 910 2884 effecti
928 2831 989 2885 est
1004 2823 1107 2897 immo,

130 2906 157 2966 si
176 2921 281 2966 verum
308 2908 394 2969 lateri
420 2907 507 2979 volo,
535 2923 596 2968 non
621 2909 757 2969 multum.
793 2923 851 2967 neo
876 2908 955 2967 enirn
985 2907 1107 2968 bonitas

130 2995 178 3050 est
200 2991 343 3065 pessimis
364 3007 436 3053 esse
455 2991 720 3068 melioremque
743 2992 841 3052 oeulis
862 2992 1023 3075 glorietur,
1055 2992 1109 3066 qui

128 3075 305 3150 suspioetur
324 3077 418 3148 diem,
446 3076 495 3136 oui
515 3078 563 3141 sol
584 3091 639 3151 per
659 3074 833 3152 caliginem
840 3067 1003 3150 splendet?⁴
1032 3071 1109 3135 lioet

129 3165 291 3219 contentus
303 3160 422 3221 interim
434 3161 473 3220 sit
484 3160 633 3236 effugisse
642 3160 795 3233 tenebras
811 3160 912 3219 adhue
925 3175 985 3219 non
1000 3158 1107 3219 lruitur

89 3240 212 3302 inbono
227 3242 315 3303 luois.
339 3244 423 3303 Tune
440 3245 559 3305 animus
575 3253 680 3305 noster
691 3243 822 3317 habebit,
839 3244 923 3318 quod
939 3245 1109 3318 gratuletur

130 3322 204 3396 sibi,
226 3340 296 3385 eum
311 3327 444 3386 emissus
459 3327 507 3388 his
522 3328 671 3399 tenebris,
688 3327 846 3404 inquibus
861 3329 1027 3400 volutatur,
1045 3345 1106 3388 non

129 3407 212 3467 tenui
237 3408 305 3469 visu
327 3411 409 3470 clara
430 3413 639 3488 prospexerit,
661 3413 717 3472 sed
738 3419 833 3473 totum
854 3411 935 3472 diem
950 3410 1108 3472 admiserit

115 3497 150 3546 et
162 3492 254 3553 eaelo
267 3493 412 3557 redditus
427 3512 487 3560 suo
504 3495 611 3575 luerit,
632 3513 703 3559 oum
714 3497 867 3574 reeeperit
879 3498 992 3569 lorum,
1014 3512 1106 3571 quem
