2422 3862
179 250 243 314 292
470 249 503 308 L.
521 248 670 308 ANNAEI
692 247 867 309 SENECAE

180 405 306 477 pareo.“
336 399 503 475 proficiunt
515 415 600 460 vcro:
628 397 734 474 itaque
754 398 842 458 malis
863 400 1001 460 moribus
1018 401 1060 461 uti
1076 401 1159 463 vide-

136 486 227 553 abbis
249 485 388 546 civitates
410 499 486 545 usas
508 483 596 542 malis
614 482 744 556 legibus.
783 483 851 556 „At
872 499 933 544 non
955 484 1039 559 apud
1061 488 1159 548 omnis

180 570 373 646 proliciunt.“
399 568 444 627 Ne
466 565 662 642 philosophia
677 565 815 640 quidem:
836 582 895 626 uec
915 567 987 628 ideo
1002 569 1115 630 inutilis
1131 580 1161 633 et

180 651 350 715 formandis
365 652 474 712 animis
490 651 634 711 inellicax
648 658 706 710 est.
728 649 804 726 quid
818 658 941 712 auteml
963 652 1159 729 philosophia

180 755 241 799 non
258 739 338 798 vitae
351 739 403 796 lex
415 742 483 796 estt
505 734 567 795 Sed
579 740 726 810 putemus
737 749 800 794 non
815 735 967 810 proficere
982 738 1083 812 leges:
1098 754 1159 798 non

179 820 251 883 ideo
274 821 429 896 sequitur,
448 828 482 881 ut
504 835 544 879 ne
561 816 748 879 monitiones
763 816 887 893 quidem
905 819 1083 894 proficiant:
1110 831 1160 883 aut

181 908 227 967 sic
255 913 286 966 et
308 904 537 966 consolationes
560 917 640 977 nega
662 902 813 977 prolicere
834 901 1111 981 dissuasionesque
1131 914 1160 965 et

180 990 411 1051 adhortationes
426 996 457 1048 et
472 984 700 1062 obiurgationes
715 993 746 1047 et
759 984 964 1048 laudationes.
987 991 1089 1050 omnia
1103 991 1161 1050 ista

179 1073 380 1136 monitionum
404 1088 519 1148 genera
548 1078 627 1132 sunt.
657 1086 713 1145 per
737 1071 797 1131 ista
816 1071 856 1130 ad
879 1073 1048 1146 perlectum
1071 1074 1160 1134 animi

138 1166 291 1226 testatum
307 1156 493 1234 pervenitur.
515 1156 604 1216 Nulla
618 1170 668 1214 res
684 1155 783 1229 magis
795 1155 903 1216 animis
918 1156 1051 1218 honesta
1065 1159 1160 1219 induit

181 1243 355 1318 dubiosque
372 1250 402 1302 et
423 1241 453 1299 in
476 1256 604 1314 pravum
626 1239 816 1299 inclinabiles
839 1248 965 1301 revocat
985 1242 1025 1302 ad
1045 1251 1158 1305 rectum

181 1343 272 1402 quam
292 1326 444 1387 bonorum
464 1325 602 1386 virorum
615 1323 820 1385 conversatio.
848 1326 994 1399 paulatim
1010 1327 1090 1386 enirn
1108 1327 1158 1386 de-

180 1411 301 1472 scendit
320 1411 350 1469 in
371 1418 497 1485 pectora
518 1417 548 1470 et
562 1409 620 1468 vim
639 1415 874 1483 praeceptorum
889 1408 1005 1470 obtinet
1018 1411 1160 1486 trequen-

180 1503 226 1556 ter
241 1492 375 1569 adspici,
392 1491 491 1554 audiri
505 1494 692 1568 frequenter.
723 1508 873 1554 occursus
888 1494 1077 1554 mehercules
1093 1496 1160 1570 ipse

180 1580 365 1655 sapientium
385 1579 470 1638 iuvat
483 1585 515 1638 et
529 1585 577 1638 est
591 1575 724 1652 aliquid,
750 1578 835 1651 quod
850 1593 889 1637 ex
904 1593 1014 1653 magno
1029 1579 1095 1638 viro
1111 1581 1161 1638 vel

137 1673 172 1726 41
180 1671 299 1726 tacente
314 1661 470 1738 proficias.
496 1663 559 1721 Nec
582 1660 634 1721 tibi
651 1661 741 1720 facile
756 1661 885 1722 dixerim
901 1662 1159 1738 quemadmodum

181 1747 292 1824 prosit,
315 1747 394 1808 sicut
411 1745 484 1806 illud
505 1746 692 1821 intellegam,
716 1747 879 1821 proluisse.
909 1745 1049 1822 „Minuta
1065 1763 1160 1822 quae·

180 1834 267 1904 dam,
288 1838 322 1891 ut
339 1833 380 1892 ait
389 1830 551 1904 Phaedon,
571 1829 727 1904 animalia,
747 1845 815 1890 cum
837 1831 989 1905 mordent,
1010 1846 1072 1891 non
1092 1847 1160 1892 sen-

179 1917 307 1977 tiuntur:
336 1916 415 1975 adeo
435 1915 535 1975 tenuis
556 1914 615 1974 illis
632 1921 663 1974 et
680 1914 789 1975 fallens
807 1915 837 1974 in
851 1915 1021 1990 periculum
1034 1916 1082 1976 vis
1098 1923 1159 1977 est=

179 2007 281 2061 tumor
301 1999 416 2059 indicat
436 2015 572 2060 morsum
593 1996 672 2058 etin
693 1997 763 2073 ipso
784 2007 903 2060 tumore
921 2000 1035 2061 nullum
1050 2002 1159 2061 volnus

180 2085 319 2158 adparet.
352 2084 436 2144 Idem
458 2081 513 2142 tibi
533 2083 564 2142 in
579 2083 814 2143 conversatione
827 2084 962 2145 virorum
978 2084 1159 2161 sapientium

180 2168 317 2227 eveniet=
345 2184 407 2228 non
429 2167 663 2240 deprehendes,
686 2167 945 2244 quemadmodum
969 2178 1022 2230 aut
1037 2169 1159 2244 quando

138 2251 234 2315 tatibi
264 2252 377 2325 prosit,
406 2249 562 2325 proluisse
583 2251 828 2327 deprehendes.“
864 2253 1019 2328 Quorsus,
1048 2255 1159 2329 inquis,

180 2335 241 2395 hoc
256 2334 409 2410 pertinen
426 2350 525 2411 aeque
539 2343 707 2410 praecepta
717 2337 815 2411 bona,
829 2335 857 2396 si
871 2353 967 2413 saepe
978 2345 1080 2399 tecum
1092 2337 1159 2410 sint,

181 2420 341 2496 profutura
357 2435 449 2494 quam
461 2419 543 2479 bona
559 2421 709 2494 exempla.
729 2420 922 2499 Pythagoras
935 2422 977 2481 ait
991 2423 1082 2483 alium
1098 2423 1159 2482 ani·

179 2522 262 2567 mum
281 2505 348 2569 lieri
368 2504 548 2565 intrantibus
572 2507 715 2579 templum
732 2505 922 2580 deorumque
942 2506 1107 2567 simulacra
1122 2522 1159 2566 ex

180 2588 282 2650 vicino
306 2589 501 2650 cernentibus
523 2597 553 2650 et
572 2587 702 2649 alieuius
728 2591 844 2650 oraculi
869 2589 1083 2665 operientibus
1107 2607 1157 2652 vo·

31 2666 36 2675 '
136 2679 256 2733 lacem.
286 2674 359 2748 Quis
381 2680 481 2734 autem
502 2673 661 2748 negaverit
681 2673 763 2733 feriri
784 2673 969 2749 quibusdam
985 2675 1158 2751 praeceptis

180 2758 346 2817 efficaciter
361 2758 451 2817 etiam
466 2757 725 2832 inperitissimos?
742 2761 824 2819 velut
837 2757 886 2818 his
898 2758 1091 2821 brevissimis
1107 2776 1158 2820 vo-

181 2839 282 2913 cibus,
299 2839 356 2899 scd
372 2842 497 2901 multum
512 2833 695 2902 habentibus
711 2843 875 2917 ponderis=

538 2927 622 2987 Nihil
634 2929 730 2987 nimis.

331 3007 450 3069 Avarus
461 3012 579 3070 animus
593 3014 674 3070 nullo
689 3014 817 3095 satiatur
831 3014 924 3072 lucro.

332 3092 376 3152 Ab
392 3094 728 3170 attemperatum
741 3097 822 3170 quod
829 3095 951 3168 seceris.

179 3175 262 3234 Haec
284 3190 351 3235 cum
372 3177 434 3236 ictu
456 3178 589 3251 quodam
610 3177 753 3239 audimus
774 3194 831 3238 neo
851 3180 903 3238 ulli
928 3178 999 3240 licet
1020 3181 1159 3241 dubitare

179 3266 231 3319 aut
245 3260 435 3336 interrogare
449 3267 630 3336 „quaret“.
654 3263 732 3323 adeo
752 3263 841 3323 etiam
863 3262 931 3324 sine
950 3264 1071 3326 ratione
1092 3265 1161 3339 ipsa

136 3345 289 3407 liveritas
311 3346 403 3406 ducit.
439 3345 472 3406 Si
493 3347 665 3408 reverentia
683 3347 781 3408 lrenat
800 3347 919 3409 animos
941 3365 977 3408 ac
996 3348 1072 3408 vitia
1087 3365 1160 3409 eon·

177 3431 291 3506 pescit,
307 3446 361 3491 cur
376 3445 440 3490 non
455 3438 486 3491 et
498 3429 666 3492 admonitio
681 3430 762 3491 idem
781 3433 901 3507 possita
923 3433 950 3493 si
967 3434 1087 3506 inponit
1103 3451 1158 3509 pu·

179 3515 286 3575 dorem
302 3514 477 3589 castigatio,
500 3530 556 3575 cur
577 3514 744 3576 admonitio
765 3532 826 3577 non
842 3518 948 3591 iaciat,
967 3517 1089 3579 etiamsi
1106 3534 1160 3580 nu·
