2422 3862
200 239 370 316 tri'stui.
386 240 479 315 iton.
502 244 800 320 unvammai.
823 264 880 329 (aa
896 260 954 327 59.)
1004 252 1065 317 127

94 407 320 471 monstrandam
336 408 427 467 animi
440 408 564 468 hilarem
579 409 791 469 adfectionem.
830 408 917 482 Soio,
933 410 1065 483 inquam,
1078 422 1095 474 t

94 502 121 555 et
137 496 392 568 voluptatem,
413 494 440 553 si
461 494 500 552 ad
519 501 656 553 nostrum
678 494 774 554 aldum
790 494 886 555 verba
900 493 1065 568 dirigimus,

92 595 152 638 rem
167 579 310 637 infamem
326 592 397 636 esse
412 578 572 651 el-gaudi
583 594 636 637 um
653 578 711 636 nisi
727 577 858 653 sapienti
874 594 933 637 non
950 578 1066 637 contin·

94 679 173 738 gere.
212 669 260 722 est
275 659 354 719 enim
372 659 463 720 animi
478 661 566 720 elatio
584 662 648 721 suis
664 660 754 721 bonis
775 662 920 736 verisque
935 661 1066 721 fidentis.

93 747 182 821 volgo
199 753 299 805 tamen
317 745 362 804 sic
376 745 544 820 loquimur,
568 752 599 803 ut
613 745 750 805 dicamus
766 762 906 821 magnum
923 745 1067 819 gaudium

93 848 147 895 nos
163 845 203 889 ex
218 829 299 888 illius
322 830 483 889 consulatu
497 837 550 888 aut
561 829 624 907 [ex]
640 830 753 903 nuptiis
769 839 821 890 aut
835 847 872 890 ex
889 837 977 905 partu
991 844 1068 889 uxo-

92 917 131 974 ris
156 913 353 989 percepisse,
377 929 456 987 quae
482 912 560 972 adeo
583 929 642 973 non
669 920 740 973 sunt
765 915 892 989 gaudia,
915 921 948 972 ut
973 929 1070 988 saepe

92 997 174 1058 initia
198 998 318 1057 suturae
337 996 478 1058 tristitiae
499 997 573 1056 sint:
602 997 714 1070 gaudio
736 1006 836 1058 autem
863 999 997 1058 iunctum
1022 1005 1082 1070 est,

92 1100 151 1143 non
173 1081 318 1143 desinere
333 1096 390 1141 neo
412 1081 440 1140 in
464 1081 645 1140 contrarium
663 1083 747 1141 verti.
788 1083 896 1157 ltaque
914 1098 982 1141 oum
999 1079 1097 1141 dicits

91 1167 246 1240 Vergilius
262 1163 367 1224 noster

462 1252 702 1309 etmalomentis

104 1391 106 1396 .
297 1333 420 1405 pendia,

92 1418 206 1477 diserte
224 1415 348 1491 quidem
368 1415 455 1488 dicit,
473 1417 529 1476 sed
551 1433 657 1490 parum
679 1416 813 1491 proprie.
854 1418 967 1476 nullum
989 1417 1069 1475 enim

92 1503 204 1561 malum
222 1499 366 1574 gaudium
380 1508 443 1559 est:
469 1501 675 1576 voluptatibus
691 1500 749 1559 hoc
765 1515 875 1559 nomen
890 1498 1027 1575 inposuit
1041 1506 1071 1559 et

93 1585 177 1661 quod
200 1582 296 1643 voluit
322 1583 486 1658 expressit.
524 1584 707 1659 significavit
728 1585 807 1643 enim
830 1584 968 1642 homines
991 1585 1069 1643 malo

92 1686 149 1730 suo
165 1670 274 1727 laetos.
306 1666 418 1726 Tamen
433 1684 491 1742 ego
506 1684 567 1728 non
582 1669 720 1728 inmerito
736 1669 873 1727 dixeram
886 1668 1007 1742 cepisse
1022 1683 1071 1726 me
1085 1685 1102 1736 4

92 1768 234 1827 magnam
257 1767 296 1810 ex
317 1751 447 1826 epistula
467 1759 518 1812 tua
539 1754 739 1827 voluptatem:
769 1751 908 1826 quamvis
930 1752 1008 1810 eninr
1032 1767 1071 1810 ex

91 1837 221 1898 honesta
243 1850 338 1895 causa
352 1836 500 1910 inperitus
516 1835 607 1896 homo
627 1836 773 1910 gaudeat,
797 1842 897 1895 tamen
918 1835 1071 1895 adlectum

92 1923 158 1981 eius
182 1920 367 1994 inpotentem
388 1927 419 1979 et
439 1920 467 1998 in
491 1921 645 1979 diversum
666 1918 766 1980 statim
789 1917 999 1979 inclinaturum
1018 1936 1070 1979 vo-

93 2008 241 2080 luptatem
256 2019 350 2074 voco,
374 2003 520 2078 opinione
536 2005 605 2063 salsi
619 2004 692 2063 boni
708 2009 835 2075 motam,
851 2004 1071 2063 inmoderatam

93 2098 122 2150 et
143 2088 338 2149 inmodicam.
374 2089 446 2160 sed,
469 2096 502 2148 ut
522 2089 561 2147 ad
584 2089 775 2163 propositum
796 2097 947 2161 revertar,
965 2088 1070 2161 audi,

94 2173 186 2248 quid
213 2186 266 2230 me
295 2170 332 2230 in
360 2172 533 2247 epistula
561 2180 624 2232 tna
645 2174 922 2232 delectaverit:
950 2173 1070 2232 habes

93 2256 213 2317 verba
234 2256 269 2313 in
291 2254 503 2330 potestate.
540 2274 600 2317 non
619 2256 707 2316 effert
721 2265 749 2316 te
765 2257 861 2317 oratio
878 2272 934 2316 neo
950 2257 1071 2332 longius

94 2358 186 2417 quarn
201 2339 360 2399 destinasti
373 2332 472 2400 trahit.
506 2340 589 2400 Multi
607 2350 691 2413 sunt,
717 2342 767 2415 qui
784 2340 824 2399 ad
840 2341 884 2412 id,
910 2343 994 2415 quod
1009 2358 1070 2401 non
1086 2364 1102 2415 5

93 2431 323 2502 proposuerant
346 2424 497 2498 scribere,
521 2426 649 2485 alicuius
674 2425 760 2484 verbi
785 2424 933 2498 placentis
959 2425 1072 2484 decore

93 2515 258 2579 vocentur,
283 2509 366 2581 quod
381 2507 433 2567 tibi
449 2524 510 2568 non
526 2510 641 2568 evenit:
658 2525 768 2584 pressa
783 2517 854 2569 sunt
869 2509 970 2567 omnia
984 2516 1014 2567 et
1027 2508 1071 2566 rei

93 2600 207 2669 aptata.
236 2592 372 2665 loqueris
394 2599 537 2665 quantum
555 2593 601 2652 vis
616 2601 646 2653 et
661 2595 728 2668 plus
746 2591 902 2667 signitioas
921 2607 1011 2667 quam
1028 2592 1071 2651 lo-

95 2678 209 2753 queris.
245 2676 312 2735 Hoc
333 2677 458 2735 maioris
479 2678 522 2736 rei
543 2675 686 2736 indicium
710 2685 771 2737 est:
794 2676 924 2750 adparet
940 2676 1072 2736 animum

95 2777 221 2837 quoque
242 2760 314 2819 nihil
332 2760 445 2820 habere
467 2762 667 2836 supervacui,
690 2761 762 2820 nihil
790 2759 904 2820 tumidi.
946 2761 1071 2821 invenio
1086 2775 1108 2830 6.
1153 2795 1161 2810 ·

94 2855 194 2907 tamen
218 2843 503 2905 translationes
526 2845 728 2904 verborum
750 2852 782 2905 ut
804 2861 864 2905 non
886 2845 1072 2918 temerarias

94 2931 134 2991 ita
161 2944 242 3004 quae
268 2928 433 3004 periculum
460 2930 507 2988 sui
534 2929 668 2989 iecerint.
711 2930 833 2989 invenio
866 2928 1072 3004 imagines,

96 3015 209 3090 quibus
233 3013 259 3073 si
283 3013 352 3088 quis
375 3013 432 3073 rios
453 3014 495 3073 uti
516 3021 599 3073 vetat
613 3021 642 3073 et
663 3014 763 3088 poetis
784 3014 851 3073 illas
870 3014 944 3074 solis
960 3014 1074 3073 iudicat

96 3114 167 3159 esse
190 3113 379 3167 concessas,
403 3098 554 3157 neminem
574 3095 647 3157 milri
668 3098 788 3158 videtur
808 3113 847 3156 ex
873 3098 1005 3171 antiquis
1030 3098 1072 3155 le-

94 3185 193 3257 gisse,
217 3182 301 3256 apud
319 3198 397 3255 quos
420 3183 554 3243 nondum
569 3182 748 3256 captabatur
769 3180 938 3256 plausibilis
960 3179 1072 3242 oratio:

93 3267 149 3341 illi,
176 3266 229 3341 qui
255 3266 432 3341 simpliciter
453 3275 483 3326 et
503 3267 758 3327 demonstrandae
780 3265 824 3324 rei
839 3281 933 3325 causa
948 3267 1074 3338 eloque-

94 3350 221 3423 bantur,
246 3350 400 3424 parabolis
416 3351 519 3410 referti
538 3356 622 3421 sunt,
647 3367 723 3425 quas
739 3349 921 3409 existimo
937 3363 1073 3408 neees-

94 3435 241 3506 sarias,
264 3450 324 3493 non
347 3450 386 3494 ex
406 3435 513 3494 eadem
536 3450 631 3496 eausa
653 3451 715 3514 qua
737 3433 857 3514 poetis,
873 3434 934 3494 sed
945 3439 985 3494 ut
997 3429 1092 3490 ‘inue-

92 3518 223 3575 elllitatls
240 3524 365 3576 nostrae
381 3519 568 3583 adminicula
592 3522 656 3585 sint
680 3531 711 3586 et
732 3531 771 3586 ut
793 3522 982 3585 discentem
999 3522 1036 3575 et
1054 3526 1116 3569 au·-
