2422 3862
209 245 376 307 llPlSTUL.
391 245 484 307 bibli.
506 244 628 306 LlB.v.
647 245 704 308 lli).
717 254 743 308 c.
757 256 798 307 ro.
820 254 876 321 (49.
889 253 947 318 aa.)
1006 246 1067 310 103

92 399 242 471 ridemus,
270 397 411 460 mnibus
432 397 521 459 nobis
541 398 683 458 accidere
704 397 817 473 liqueat
835 397 902 456 tibi:
925 412 1014 459 nemo
1033 415 1068 460 se

92 498 217 543 evanum
228 495 302 542 esse
311 482 463 557 intellegit,
477 497 566 542 nemo
578 481 730 557 cupidum.
752 480 836 541 caeci
847 490 946 542 tamen
959 482 1067 542 ducem

93 572 259 642 quaerunt,
281 581 344 626 nos
361 567 430 626 sine
446 565 526 627 duee
545 581 683 625 erramus
703 571 735 625 et
756 565 900 626 dicimus:
928 581 989 625 non
1009 582 1067 640 ego

92 651 273 710 ambitiosas
294 666 375 724 sum,
402 650 458 710 sed
480 665 569 710 nemo
590 649 676 708 aliter
696 649 812 709 Romae
832 657 934 724 potest
954 651 1067 710 vivere.

92 750 150 795 nen
172 749 233 809 ego
257 742 454 809 sumptuosus
470 751 553 806 sum,
576 734 630 793 sed
647 732 721 793 urbs
735 734 804 807 ipsa
818 749 945 807 magnas
961 732 1067 808 inpen-

93 834 142 878 sas
164 817 270 893 exigit
305 834 367 877 nan
387 824 435 878 est
453 833 552 877 meum
569 817 688 889 vitium,
711 817 794 892 quod
809 817 975 878 iracundas
989 833 1066 890 sum,

93 901 175 977 quod
191 902 329 962 nondum
344 902 486 962 constitui
502 908 616 961 cerium
631 899 837 976 generatae:
860 901 1069 963 adulescentia

92 985 167 1046 baec
182 984 264 1045 facit.
302 985 379 1058 Quid
391 1001 447 1046 nos
461 986 651 1060 decipimus?
672 1001 731 1045 nou
745 992 792 1044 est
803 986 995 1045 extrinsecus
1007 992 1099 1045 mal

92 1071 152 1130 lum
167 1078 321 1130 nostram=
343 1071 421 1133 intra
434 1087 492 1131 nas
507 1077 569 1141 est,
592 1070 620 1128 in
636 1068 805 1129 visceribus
821 1068 898 1145 ipsis
917 1069 1018 1142 sedet,
1039 1078 1069 1130 et

92 1152 161 1214 ideo
177 1154 402 1214 difficulter
416 1154 462 1213 ad
478 1155 684 1213 sanitatem
701 1153 961 1228 pervenimus,
980 1154 1069 1228 quia

93 1253 163 1298 uos
198 1243 403 1312 aegrotare
435 1238 641 1298 nescimus.
683 1236 715 1296 Si
741 1239 839 1296 curari
865 1240 1067 1312 coeperimus,

94 1321 219 1397 quando
239 1328 285 1380 tot
305 1321 428 1380 morbos
450 1328 509 1380 tam
521 1328 639 1381 veteres
655 1321 872 1381 discutiemus?
898 1336 979 1381 nunc
993 1335 1068 1380 vero

91 1421 130 1465 ne
146 1405 322 1480 quaerimus
339 1404 461 1479 quidem
476 1404 643 1479 medicum,
666 1403 718 1479 qui
732 1404 832 1465 minus
847 1404 960 1480 negotii
975 1404 1068 1464 habe·

91 1496 151 1563 ret,
179 1489 207 1548 si
226 1487 421 1549 adhiberetur
435 1488 474 1548 ad
489 1503 599 1548 recens
616 1489 729 1549 viuum.
758 1497 960 1563 sequerentur
973 1486 1069 1548 teneri

91 1580 122 1632 et
141 1572 237 1634 rudes
259 1570 350 1633 animi
369 1579 453 1632 reela
472 1579 709 1632 monstrantem..
735 1572 831 1631 Nemo
847 1571 1008 1631 difficulter
1029 1570 1096 1636 ads

92 1663 231 1717 naturam
251 1653 415 1730 reducitur,
443 1655 502 1715 nisi
522 1657 575 1731 qui
592 1656 629 1715 ab
644 1657 695 1715 illa
710 1655 836 1715 defecit:
859 1654 1068 1715 erubescimus

93 1741 214 1800 discere
230 1740 343 1800 bonam
359 1746 498 1799 mentem.
530 1749 561 1800 at
575 1739 780 1812 mehercules,
799 1739 826 1797 si
842 1746 931 1812 turpe
945 1744 993 1797 est
1006 1753 1069 1796 uta·

92 1825 221 1898 gistrum
236 1823 326 1884 huius
338 1824 381 1883 rei
395 1838 556 1898 quaerere,
574 1822 650 1882 illud
662 1822 886 1898 desperandum
900 1828 956 1894 est,
975 1837 1070 1896 posse

92 1906 184 1969 nobis
206 1908 536 1968 casutantaunbunum
553 1905 701 1966 influere:
734 1905 984 1966 laborandum
1011 1912 1071 1964 est

94 1999 147 2066 el,
169 1998 202 2052 ut
217 2006 321 2053 veram
334 1992 447 2065 dicam,
470 1990 638 2050 nelabor
654 1990 806 2065 quidem
820 2004 980 2064 magnus
996 1997 1069 2061 est,

93 2077 120 2136 si
140 2075 252 2148 modo,
279 2083 313 2136 ut
332 2073 409 2148 dlxi,
432 2082 502 2134 ante
519 2076 651 2135 animum
666 2081 804 2133 nostram
819 2074 950 2135 formare
964 2073 1069 2147 incipi·

93 2175 163 2221 urus
178 2167 209 2220 et
225 2160 428 2234 recorrigere,
453 2175 544 2234 quam
558 2159 734 2219 indurescat
749 2159 884 2232 pravitas
897 2158 973 2218 eius.
1007 2155 1098 2227 Sede

93 2259 151 2304 nce
166 2244 308 2304 indurata
321 2243 465 2318 despero.
487 2243 560 2303 nihil
575 2251 636 2316 est,
656 2242 738 2317 qaod
755 2257 814 2302 nen
831 2249 985 2317 expugnet
1000 2257 1068 2316 per-

93 2329 178 2389 tinax
200 2343 296 2403 opera
310 2335 341 2386 et
354 2327 467 2388 intenta
480 2343 517 2387 ac
531 2328 660 2402 diligens
676 2341 763 2386 caras
784 2326 898 2386 robora
910 2327 941 2385 in
956 2333 1071 2386 rectum

95 2411 236 2488 quamvis
256 2411 339 2471 ilexa
359 2410 530 2471 revocabis.
558 2419 700 2471 curvatas
721 2410 824 2470 trabes
841 2412 925 2470 calor
939 2409 1072 2482 explicat

94 2503 125 2556 et
143 2497 231 2557 aliter
252 2502 341 2556 natae
361 2495 392 2553 in
414 2495 446 2554 id
465 2494 627 2569 linguntur,
649 2494 733 2569 quod
751 2509 827 2554 usus
844 2502 948 2569 noster
963 2492 1070 2564 exigit:

96 2587 211 2655 quanto
227 2577 345 2639 facilius
361 2579 479 2638 animas
494 2578 606 2654 accipit
622 2580 764 2649 formam,
787 2576 930 2637 flexibilis
946 2583 976 2635 et
990 2575 1071 2634 omni

95 2664 223 2724 hamore
243 2663 482 2738 obsequentiam
508 2663 580 2738 quid
594 2663 673 2722 euim
690 2669 737 2722 est
751 2661 832 2722 aliud
846 2661 964 2721 animus
980 2675 1071 2734 quam

97 2747 232 2823 quodam
246 2747 338 2808 modo
354 2763 389 2807 se
403 2746 520 2806 haberm
532 2745 680 2821 spiritus?
701 2745 788 2806 vides
799 2752 899 2805 autern
912 2751 994 2804 tanto
1008 2744 1070 2818 spi·

95 2833 184 2892 ritum
205 2847 278 2891 esse
298 2832 463 2891 faciliorem
485 2832 566 2890 omni
587 2831 646 2890 alia
659 2829 800 2902 materia,
824 2835 937 2905 quanto
952 2828 1072 2888 tenuior

96 2923 152 2975 est.
186 2915 280 2987 illud,
300 2916 342 2974 mi
357 2914 467 2987 Lucili,
491 2930 553 2974 non
567 2921 615 2974 est
631 2915 714 2990 quod
728 2921 759 2973 te
773 2913 922 2990 inpediat,
942 2929 1003 2988 quo
1018 2912 1098 2974 mil

95 3016 153 3059 nus
175 2999 215 3058 de
237 2999 326 3059 nobis
347 3000 427 3059 bene
447 3014 571 3074 speres,
595 2998 679 3073 quod
700 2998 812 3057 malitia
833 3013 889 3058 noa
907 2995 966 3057 iam
981 3002 1072 3069 tenet,

96 3084 180 3158 quod
193 3083 245 3143 diu
256 3084 286 3142 in
299 3083 501 3158 possessione
512 3084 609 3144 nostri
620 3090 682 3142 est:
697 3083 736 3142 ad
748 3083 899 3142 neminem
909 3088 980 3141 ante
990 3080 1073 3141 bona

96 3183 183 3228 mens
200 3168 281 3228 venit
297 3183 387 3242 quam
402 3169 491 3227 mala.
520 3183 627 3228 omnes
643 3165 857 3242 praeoccupati
872 3180 988 3226 sumus.
1013 3164 1073 3222 virn

95 3259 175 3312 tutes
197 3251 317 3311 discere
336 3259 380 3312 est
399 3250 471 3312 vitia
493 3252 662 3311 dediscere.
703 3248 764 3310 Sed
785 3265 822 3310 eo
841 3250 956 3311 maiore
973 3248 1102 3308 animoli

72 3369 76 3378 ·
95 3336 135 3395 ad
157 3335 401 3396 emendationem
419 3333 515 3397 nostri
530 3336 678 3395 debemus
693 3334 856 3407 accedere,
875 3333 964 3407 qaod
978 3330 1073 3391 semel

96 3419 196 3480 traditi
209 3418 300 3481 nobis
314 3419 387 3480 boni
402 3427 552 3495 perpetua
567 3418 730 3495 possessio
746 3424 810 3480 esla
829 3433 897 3480 non
910 3415 1081 3478 dediscimus

96 3504 196 3562 virtus.
229 3504 377 3563 contraria
393 3504 473 3564 enim
485 3506 568 3567 mala
588 3506 620 3570 in
642 3505 749 3570 alienu
767 3505 918 3569 haerent.
946 3501 1027 3561 ideo
1047 3496 1104 3554 be·
