2422 3862
155 235 218 302 154
440 236 474 295 L.
495 235 642 296 ANNAEI
665 233 841 296 SENECAE

154 391 292 466 effugere
307 405 369 450 non
385 389 505 465 possis,
522 403 612 463 quarn
630 386 795 451 fortissime
810 389 898 447 ierne.
920 386 982 448 illic
995 396 1044 449 est
1059 404 1133 450 con·
1184 403 1186 406 ·

155 472 283 547 stantia,
307 489 387 550 quae
409 472 490 534 deici
509 474 577 531 loco
593 488 654 532 non
673 479 775 547 potest
792 478 823 531 el
838 472 1031 547 propositum
1048 475 1132 534 nulla

154 561 185 620 vi
200 564 402 634 extorquente
418 556 544 616 dimittit.
572 553 633 615 illic
649 563 697 617 est
711 554 890 619 individuus
905 556 955 615 ille
969 555 1131 620 comitatus

154 642 314 704 virtutum:
338 639 485 716 quicquid
506 640 635 700 honeste
654 639 702 713 fit,
725 655 788 702 una
799 639 896 700 virtus
910 638 997 715 iacit,
1021 643 1133 702 sedex

155 724 277 789 consilii
301 724 459 786 sententia.
502 724 587 798 quod
614 730 714 783 autem
739 722 778 783 ab
803 724 951 784 omnibus.
971 724 1133 788 virtutibus

156 809 381 888 conprobatur,
404 807 523 868 etiamsi
547 807 585 869 ab
605 822 667 867 una
681 806 748 867 fieri
770 806 903 880 videtur,
927 808 1063 883 optabile
1077 819 1134 872 est

114 895 256 971 110uidl
279 901 311 954 ιιι
328 892 486 954 existimas
507 908 544 952 ea
559 897 675 952 tantum
697 890 842 967 optabilia
863 907 951 967 esse,
976 909 1057 967 quae
1079 910 1134 970 per

156 980 344 1054 voluptatem
366 983 396 1037 et
417 976 511 1038 olium
532 975 678 1035 veniunt?
702 990 782 1050 quae
802 974 995 1050 excipiuntur
1016 977 1134 1039 loribus

156 1060 293 1124 ornatis?
319 1068 391 1122 sunt
411 1059 562 1135 quaedam
583 1058 677 1121 tristis
698 1061 799 1120 voltus
819 1059 911 1119 bona.
948 1069 1020 1122 sunt
1041 1077 1134 1137 quae·

157 1146 227 1208 dam
241 1153 328 1219 voto,
347 1159 426 1220 quae
440 1160 501 1204 non
517 1143 731 1218 gratulantium
746 1148 850 1216 coetu,
865 1145 922 1203 scd
940 1144 1133 1206 adorantium

116 1246 149 1300 la
157 1229 428 1303 venerantiumque
450 1227 650 1288 celebrantur.
685 1227 731 1287 lta
754 1233 862 1287 tuncn
879 1235 969 1302 putas
983 1230 1135 1304 Regulum

158 1321 300 1391 optasse,
322 1322 356 1374 ut
381 1312 420 1371 ad
445 1310 566 1373 Poenos
595 1311 788 1387 pervenirota
824 1311 922 1372 Indue
948 1314 1051 1388 magni
1077 1313 1134 1377 viri

158 1399 290 1459 animum
311 1403 341 1457 et
355 1396 393 1456 ab
408 1395 606 1472 opinionibus
622 1394 704 1469 voigi
719 1394 832 1456 secede
846 1393 1013 1471 paulisper.
1046 1413 1134 1473 cape,

158 1489 302 1558 quantam
327 1480 440 1555 debes,
462 1480 580 1541 virtutis
597 1477 820 1555 pulcherrimae
840 1494 876 1539 ac
896 1481 1134 1555 magnificentis-

158 1569 254 1630 simae
268 1566 418 1640 speciem,
433 1579 513 1639 quae
528 1562 618 1626 nobis
634 1580 696 1624 non
711 1563 800 1624 thure
812 1579 869 1624 nec
884 1564 989 1636 sertis,
1011 1566 1067 1626 sed
1084 1583 1135 1627 su·

117 1652 236 1722 radone
261 1658 292 1714 el
316 1650 466 1724 sanguine
495 1648 626 1711 colenda
655 1655 712 1709 est.
760 1647 898 1723 Adspice
922 1647 963 1722 Μ.
990 1649 1135 1712 Oatonem

159 1752 250 1799 sacro
271 1735 312 1794 illi
335 1734 452 1810 pectori
471 1732 653 1808 purissimas
668 1748 777 1793 manus
792 1732 1006 1792 admonentem
1024 1738 1055 1794 et
1071 1736 1136 1794 vol·

158 1836 252 1890 nera,
278 1834 383 1893 parum
405 1824 505 1880 aulem
534 1815 669 1877 demissa
688 1817 850 1877 laxantem.
893 1824 992 1877 utnum
1012 1818 1135 1879 landent

159 1905 201 1964 illi
217 1903 353 1965 dicturus
369 1901 594 1977 es=,‚vellem
610 1900 881 1976 quaerelles.⁶‘
903 1908 934 1960 et
949 1903 1136 1977 „moleste

119 1989 280 2058 ιιιιιιοέι
315 2003 370 2047 ana
392 1985 587 2060 „leliciter
608 1985 711 2061 quod
733 1983 856 2059 ogisc‘
891 1975 958 2045 Hoc
977 1987 1049 2048 loco
1064 1987 1136 2046 mibi

159 2070 331 2133 Demetrius
357 2077 462 2132 noster
487 2069 633 2141 occurrit,
661 2067 713 2144 qui
729 2066 822 2128 vitam
845 2083 986 2130 securam
1009 2079 1040 2133 et
1070 2070 1136 2130 sine

159 2156 229 2215 ullis
246 2156 384 2215 fortunae
402 2152 633 2215 occursionibus
648 2168 752 2225 „mare
764 2158 936 2212 mortuum“
959 2162 1058 2216 uocat.
1086 2155 1136 2214 Ni·

159 2239 201 2299 hil
212 2236 341 2312 habere,
358 2238 397 2297 ad
414 2237 497 2313 quod
512 2237 673 2311 exciteris,
688 2237 726 2296 ad
742 2236 826 2311 quod
839 2243 869 2297 te
883 2238 1033 2314 concites,
1049 2240 1136 2300 cuius

160 2321 389 2385 denuntiatione
413 2328 444 2382 et
467 2322 592 2382 incursu
620 2319 793 2383 firmitatem
820 2318 912 2380 animi
932 2322 975 2382 tui
995 2328 1137 2400 temptes,

160 2407 217 2466 sed
238 2406 267 2466 in
290 2403 351 2466 olio
374 2406 560 2466 inconcusso
576 2406 677 2465 iacere
695 2422 756 2466 ιιοιι
774 2411 822 2465 est
839 2406 1059 2480 tranquillitas:
1074 2423 1137 2467 ma·

120 2491 236 2560 15laoia
256 2497 312 2553 est.
348 2491 470 2552 Attalus
485 2487 610 2552 Stoicus
630 2488 733 2549 dicore
749 2488 884 2559 solebam
898 2492 1000 2564 ,malo
1013 2507 1065 2552 me
1078 2492 1137 2552 lor-

159 2583 233 2652 tuna
254 2573 284 2636 ia
309 2575 418 2636 castris
444 2574 509 2636 suis
528 2589 620 2650 quam
640 2573 670 2634 in
687 2571 805 2634 deliciis
826 2572 947 2635 lrabeat
978 2582 1137 2653 torqueor,

160 2659 218 2720 sed
238 2657 369 2721 fortiter:
392 2657 471 2719 bene
488 2666 545 2719 est.
578 2656 718 2732 occidor,
741 2656 798 2718 sed
812 2657 943 2718 fortiter:
965 2657 1046 2719 bene
1061 2665 1137 2721 est.“

160 2743 232 2803 audi
240 2741 521 2818 Epicurumdicet:
536 2749 593 2814 „et
608 2741 720 2802 dulce
735 2745 829 2803 esti‘-
844 2756 902 2817 ego
917 2749 978 2802 torn
989 2744 1138 2805 honestae

121 2824 204 2895 torel
226 2841 262 2885 ac
281 2841 411 2887 severae
431 2833 596 2900 numquam
612 2826 705 2886 molle
725 2841 836 2886 nomen
857 2826 1012 2902 inponam.
1048 2829 1136 2900 Uror,

161 2909 219 2970 sed
234 2909 374 2971 invictus.
412 2908 518 2983 quidni
539 2909 619 2986 [hoc]
637 2910 771 2986 optabile
793 2910 853 2971 siti
873 2911 1021 2988 [optabile]
1037 2922 1138 2974 autem

160 3008 222 3053 non
239 2993 324 3068 quod
340 2991 399 3053 urit
413 3008 461 3052 me
475 2993 569 3069 ignis,
587 2995 643 3055 sed
664 2995 749 3069 quod
762 3011 825 3055 non
841 2992 943 3056 vincit.
979 2995 1054 3057 nibil
1068 3001 1137 3072 [est]

161 3077 270 3138 virtute
292 3078 513 3152 praestantius,
543 3078 617 3138 nihil
640 3078 806 3154 pulchrius.
848 3086 879 3139 et
900 3079 1015 3140 bonurn
1042 3089 1090 3143 est
1111 3089 1140 3143 et

162 3160 312 3237 optabile,
335 3159 483 3237 quicquid
498 3162 642 3223 eximius
657 3163 772 3239 geritur
786 3161 924 3238 imperio.
961 3166 1050 3227 Vale.

458 3297 778 3375 solstitiali(
816 3305 836 3371 .)

413 3393 523 3461 Seneca
542 3398 655 3463 Lucum
676 3410 728 3463 suo
746 3412 888 3466 sennenn,

119 3504 139 3553 1
214 3495 352 3560 dbnsilro
368 3506 422 3562 tuo
444 3503 580 3565 aceedm
605 3502 810 3568 absconde
831 3512 869 3566 te
885 3504 928 3566 ἰιι-
945 3503 1036 3564 otio.
1072 3504 1144 3564 sed
