2422 3862
246 217 416 278 unsrun.
430 216 523 278 uon.
544 217 617 279 nra.
631 219 710 281 xvi.
732 219 789 279 nn.
802 227 829 281 r.
845 222 918 302 (a.)
1008 222 1072 287 aaa

94 370 216 445 aliquos
232 368 345 441 videre,
361 366 391 426 in
406 366 497 427 ssetus
514 383 612 428 novos
627 369 805 429 excitantur.
827 377 899 430 tunc
911 372 1002 446 capiti
1014 388 1071 434 suo

94 468 202 513 manus
217 452 372 526 ingerunt,
391 451 474 525 quod
495 457 658 526 potuerant
676 452 777 512 iacere
793 453 875 514 nullo
892 454 1072 529 prohibente

93 535 229 597 liberius.
253 542 324 595 tunc
339 542 465 594 mortem
482 541 705 608 conprecantur
718 534 785 595 sibi.
805 542 877 596 tunc
893 538 1003 598 lectulo
1019 538 1071 599 de-

93 620 272 679 volvuntur:
294 617 361 677 sine
376 624 550 692 spectatore
565 624 667 677 cessat
680 618 778 678 dolor.
808 617 953 694 Sequitur
968 636 1026 682 nos
1040 629 1074 682 ut
1084 625 1112 683 li

94 703 124 762 in
140 703 206 761 aliis
220 701 329 774 rebus,
350 700 391 759 ita
404 700 434 759 in
450 700 508 761 hac
526 715 651 776 quoque
665 700 725 761 hoe
747 700 864 774 vitium,
886 702 925 762 ad
942 703 1072 778 plurium

95 786 236 860 exempla
251 784 385 858 conponi
400 798 458 844 nec
473 784 547 859 quid
562 790 715 858 oporteat,
731 784 787 844 sed
803 786 877 861 quid
890 788 1002 861 soleat,
1019 788 1072 847 ad·-

95 867 224 943 spicere.
253 884 272 926 a
290 874 398 927 natura
412 866 615 942 discedimus,
633 868 748 942 populo
764 884 821 929 nos
837 869 946 930 damus
961 870 1072 931 nullius

92 952 137 1010 rei
151 953 233 1012 bono
248 951 365 1011 auctori
378 959 408 1010 et
424 950 452 1009 in
468 949 525 1010 hac
540 966 574 1010 re
589 951 668 1010 sicut
680 952 710 1011 iu
727 951 798 1024 [his]
810 953 950 1014 omnibus
967 954 1072 1015 incon-

94 1035 296 1096 stantissimo=
326 1035 409 1094 videt
428 1032 561 1108 aliquem
580 1034 688 1094 sortem
707 1035 737 1093 in
758 1036 841 1097 luctu
862 1053 934 1097 suo:
955 1037 1072 1112 inpium

93 1127 183 1179 vocat
203 1126 233 1179 et
247 1116 415 1178 efferatum.
436 1117 521 1177 videt
535 1117 665 1192 aliquem
681 1118 891 1193 conlabentem
906 1127 936 1180 et
950 1120 1072 1196 corpori

94 1203 250 1263 adfusum:
274 1200 478 1261 effeminatum
493 1201 535 1260 ait
552 1209 581 1262 et
594 1217 746 1261 enervem.
788 1200 894 1262 Omnia
915 1203 1019 1279 itaque
1034 1204 1073 1264 ad
1082 1205 1114 1260 te

94 1287 240 1346 rationem
261 1285 438 1343 revocanda
457 1291 537 1344 sunt.
581 1284 708 1345 Stultius
730 1301 803 1346 vero
825 1285 897 1346 nihil
919 1296 967 1349 est
981 1304 1072 1363 quam

94 1369 203 1429 sarnam
225 1375 349 1444 captare
370 1367 507 1428 tristitiae
527 1374 557 1427 et
577 1369 757 1429 lacrimas
779 1369 966 1446 adprobare,
994 1387 1072 1446 quas

94 1452 224 1532 iudico
251 1451 423 1525 sapienti
449 1452 533 1512 viro
556 1452 653 1511 alias
681 1453 893 1527 permissas
915 1454 1071 1528 cadere,

94 1536 195 1596 alias
214 1536 249 1596 vi
270 1551 339 1595 sua
353 1536 470 1594 latas=
493 1535 591 1595 dicam
608 1535 681 1610 quid
696 1536 821 1595 intersit.
867 1535 940 1595 Cum
955 1537 1071 1610 primus

94 1635 151 1680 ncs
167 1619 291 1680 nuntius
306 1618 409 1678 acerbi
423 1618 538 1679 funeris
554 1617 699 1694 perculit,
719 1634 786 1678 cum
803 1625 942 1679 tenemus
956 1635 1071 1694 corpus

94 1705 280 1776 econplexu
301 1709 408 1762 nostro
428 1701 459 1761 in
480 1702 579 1777 ignem
597 1701 794 1768 transiturum
800 1724 807 1757 ε
829 1701 969 1762 lacrimas
984 1709 1071 1763 natu·

96 1787 166 1846 ralis
187 1786 356 1846 necessitas
378 1784 520 1861 exprimit
534 1793 564 1846 et
582 1786 706 1861 spiritus
723 1785 785 1846 ictu
800 1785 914 1846 doloris
930 1786 1070 1862 inpulsus

97 1869 352 1944 quemadmodum
374 1875 468 1929 totum
489 1884 603 1944 corpus
619 1870 727 1943 quatit,
749 1869 790 1928 ita
813 1871 936 1943 oculos,
961 1869 1071 1945 quibus

95 1953 283 2013 adiacentem
298 1953 454 2013 humorem
471 1951 636 2028 perpremit
657 1959 687 2012 et
702 1954 835 2028 expellit.
856 1952 916 2012 hae
929 1951 1072 2014 lacrimae
1083 1956 1113 2012 te

96 2052 151 2111 per
164 2036 322 2097 elisionem
338 2038 451 2098 cadunt
465 2036 637 2098 nolentibus
650 2036 755 2098 uobis:
777 2036 855 2096 aliae
867 2043 945 2109 sunt,
960 2036 1071 2112 quibus

95 2119 206 2180 exitum
223 2121 345 2194 damus,
368 2137 436 2181 cum
451 2121 597 2181 memoria
611 2136 731 2192 eorum,
749 2136 829 2196 quos
843 2120 1010 2195 amisimus,
1024 2135 1072 2180 re·

94 2211 239 2265 tractatur
252 2212 283 2264 et
296 2205 378 2264 inest
392 2205 538 2280 quiddam
554 2205 643 2266 dulce
658 2203 804 2278 tristitiae,
824 2220 892 2265 cum
908 2212 1073 2265 occurrunt

95 2303 254 2348 sermones
281 2303 385 2348 eorum
406 2287 546 2363 iucundi,
573 2289 766 2350 conversatio
787 2287 906 2362 hilaris,
931 2288 1072 2348 officiosa

95 2371 208 2445 pietas:
228 2375 297 2429 tunc
312 2370 391 2430 oculi
405 2372 485 2432 velut
499 2371 528 2431 iu
543 2371 656 2446 gaudio
668 2374 852 2432 relaxantur.
874 2371 922 2430 his
933 2370 1071 2444 indulge-

94 2470 170 2522 mus,
184 2452 243 2510 illis
254 2452 411 2511 vincimur.
437 2454 502 2514 Non
515 2462 562 2514 est
573 2455 685 2529 itaque,
699 2455 782 2529 quod
795 2454 935 2515 lacrimas
947 2460 1114 2528 propterea
1155 2454 1167 2466 “

95 2535 233 2609 [turbam]
250 2535 493 2595 circumstantem
513 2536 764 2611 adsidentemque
783 2544 835 2596 aut
849 2537 1007 2597 contineas
1020 2543 1073 2596 aut

94 2619 264 2694 exprimas:
292 2632 350 2676 nec
371 2625 495 2678 cessant
513 2633 569 2677 uec
592 2617 691 2679 fluunt
709 2634 853 2693 umquam
870 2625 930 2678 tam
945 2618 1072 2693 turpiter

95 2719 185 2778 quam
202 2702 372 2776 finguntur:
394 2706 465 2761 eant
478 2717 535 2762 sua
550 2709 669 2776 sponte.
692 2701 736 2760 ire
751 2708 850 2761 autem
866 2707 997 2777 possunt
1009 2703 1071 2777 pla·

94 2787 169 2846 cidis
185 2792 277 2861 atque
293 2785 472 2860 conpositis.
501 2801 596 2860 saepe
617 2785 704 2845 salva
724 2783 872 2859 sapientis
893 2784 1072 2846 auctoritate

94 2870 247 2931 fluxerunt
261 2876 344 2930 tauto
359 2876 613 2944 temperamento,
632 2876 665 2929 ut
679 2869 737 2929 illis
756 2883 813 2928 nec
827 2868 999 2930 humanitas
1014 2883 1071 2930 nec

94 2954 223 3027 dignitas
239 2954 373 3014 deesset.
417 2954 516 3027 Licet,
532 2954 670 3028 inquam,
687 2960 812 3012 naturae
827 2951 958 3030 obsequi
972 2953 1110 3027 gravi-ll

92 3045 152 3098 tete
168 3044 298 3098 servata.
322 3037 383 3097 vidi
398 3053 456 3113 ego
471 3037 501 3096 in
517 3039 623 3098 sunere
635 3052 759 3096 suorum
772 3037 936 3110 verendos,
952 3036 981 3095 iu
995 3053 1071 3112 quc-

92 3138 158 3182 rum
187 3137 240 3181 ore
261 3138 347 3181 amor
367 3122 518 3182 eminebat
537 3129 653 3181 remota
674 3119 755 3181 omni
776 3119 941 3195 lugentium
967 3135 1070 3180 scena.

93 3205 166 3264 nihil
182 3212 255 3278 erat,
274 3205 333 3265 nisi
351 3207 433 3279 quod
450 3205 531 3265 veris
545 3204 675 3265 dabatur
693 3203 873 3265 adfectibus.
917 3202 984 3263 Est
1001 3203 1070 3264 ali-

93 3288 179 3361 quis
194 3297 230 3348 et
247 3289 409 3350 dolendi
430 3289 561 3349 decora
584 3289 633 3349 hic
648 3287 778 3364 sapienti
792 3288 963 3349 servandus
979 3293 1027 3346 est
1042 3291 1072 3345 et

94 3372 350 3445 quemadmodum
372 3373 402 3432 in
419 3374 528 3434 ceteris
544 3374 652 3448 rebus,
667 3373 708 3432 ita
722 3373 810 3433 etiam
825 3371 856 3433 in
871 3369 1070 3447 lacrimisxali-

94 3450 168 3528 quid
189 3461 237 3516 sat
257 3464 319 3517 estc
348 3457 574 3532 inprudentium
597 3465 631 3518 ut
649 3456 759 3534 gaudia
776 3457 821 3517 sic
836 3456 960 3573 dolqres
976 3467 1069 3512 exun
