2422 3862
114 215 193 289 'ato
422 221 456 282 L.
478 221 625 282 nunnur
647 219 823 281 sansone

130 375 275 439 fiduciam
300 391 362 436 non
387 374 529 435 habent.“
580 374 624 433 lta
649 381 710 446 est,
735 380 819 434 tuta
843 375 996 436 scelera
1023 393 1113 438 esse

89 466 561 536 1tp0ssunt,seeuranon
580 465 757 532 possunt.
785 458 852 517 Hoc
868 473 925 532 ego
940 474 1112 537 repugnare
1160 461 1162 468 '

131 552 235 605 sectae
255 550 394 615 nostroe,
422 543 516 603 sisic
543 541 739 618 expediatur,
765 557 825 600 non
852 541 965 602 iudico.
996 551 1114 620 queret

132 626 1114 704 quiaprimaillaetmaximapeccantiumestpoena,

131 726 323 788 peccasse
344 727 402 771 nec
422 711 516 772 ullum
533 711 650 784 scelus,
670 710 741 771 licet
759 709 834 771 illud
850 710 971 770 lortuna
986 719 1114 772 exornet

131 795 309 857 muneribus
324 797 404 868 suis,
425 794 497 856 licet
512 801 632 855 tueatur
647 809 683 854 ac
698 794 844 867 vindicet,
868 794 1040 869 inpunitum
1056 802 1112 870 est,

133 879 275 957 quoniam
295 879 421 939 sceleris
440 879 470 938 in
494 879 611 939 scelere
632 877 817 953 supplicium
835 885 896 938 est:
925 881 994 940 sed
1015 879 1112 940 nihi-

131 961 1105 1039 lominusetheoillanmalammentemtsecundaepoe

131 1063 201 1108 nae
225 1055 402 1122 premunt
426 1062 462 1107 nc
485 1055 670 1123 sequuntur,
695 1048 800 1107 timere
826 1062 948 1122 semper
970 1055 1000 1108 et
1020 1063 1113 1125 expa-

130 1146 259 1192 vescere
282 1138 313 1192 et
333 1130 487 1192 securitati
509 1130 659 1190 diffidere.
687 1146 781 1205 quare
802 1146 860 1206 ego
883 1131 943 1192 hoc
960 1132 1113 1208 supplicio

132 1215 297 1290 nequitiam
318 1215 465 1275 liberem?
487 1230 582 1291 quare
602 1232 664 1274 non
678 1231 802 1290 semper
815 1216 896 1274 illam
911 1215 942 1275 in
958 1232 1111 1292 suspenso

90 1299 324 1374 15relluquamt
365 1299 429 1358 lllic
454 1299 671 1359 dissentiamus
700 1315 767 1360 cum
790 1299 938 1374 Epicuro,
964 1300 1016 1360 ubi
1041 1300 1114 1360 dicit

132 1379 226 1457 „nihil
246 1382 359 1443 iustum
380 1398 452 1444 esse
474 1390 582 1442 natura
604 1390 635 1443 et
654 1381 780 1443 crimina
793 1383 918 1444 vitanda
933 1398 1019 1458 esse,
1042 1383 1115 1459 quia

131 1466 219 1527 vitari
234 1473 332 1527 metus
345 1483 406 1527 non
422 1472 553 1542 posse“=
575 1466 625 1526 bic
641 1469 870 1529 consentiamus
884 1468 963 1527 mala
978 1468 1115 1528 facinora

132 1549 322 1612 conscientia
342 1550 490 1626 flagellari
510 1557 540 1611 et
559 1549 722 1625 plurimum
741 1551 783 1611 illi
803 1558 1020 1612 tormentorum
1041 1567 1114 1611 esse

133 1650 186 1708 eo,
215 1636 299 1710 quod
326 1643 475 1710 perpetua
501 1635 582 1695 illam
603 1634 776 1696 sollicitudo
798 1644 887 1710 urget
906 1650 942 1694 ac
961 1634 1113 1708 verberat,

133 1719 217 1794 quod
242 1719 448 1795 sponsoribus
473 1719 646 1779 securitatis
671 1736 747 1779 suae
771 1735 831 1778 non
855 1724 955 1795 potest
974 1718 1108 1778 credere.

132 1802 192 1863 boc
208 1803 288 1864 enim
303 1803 403 1879 ipsum
420 1809 644 1879 argumentum,
665 1802 812 1878 Epicure,
837 1808 910 1878 [est]
930 1809 1038 1862 natura
1053 1818 1112 1862 nos

132 1903 151 1946 a
166 1888 284 1948 scelere
298 1888 472 1962 abhorrere,
490 1888 574 1963 quod
589 1887 662 1947 nulli
677 1903 736 1946 non
754 1887 842 1948 etiam
858 1887 936 1948 inter
949 1893 1014 1948 tuta
1024 1887 1116 1946 timor

90 1976 124 2032 16
132 1979 188 2032 est.
212 1973 334 2039 ‚Multos
350 1973 471 2034 fortuna
485 1973 593 2032 liberat
604 1987 713 2047 poene,
732 1978 813 2031 metu
825 1972 985 2031 neminem.
1010 1986 1116 2045 quare,

133 2053 193 2115 nisi
208 2057 280 2131 quia
295 2055 390 2117 infixa
404 2057 493 2117 nobis
508 2055 576 2116 eius
590 2056 635 2115 rei
649 2057 802 2117 aversatio
820 2063 875 2129 est,
900 2070 991 2131 quarn
1007 2063 1115 2115 natura

134 2140 308 2199 damnavit?
331 2140 402 2201 ideo
423 2157 589 2215 numquam
612 2140 691 2199 fides
712 2140 823 2199 latendi
841 2140 875 2199 fit
892 2139 981 2199 etiam
997 2138 1115 2199 latenti-

135 2223 207 2293 bus,
225 2224 297 2297 quia
312 2225 449 2299 coarguit
464 2224 532 2285 illos
548 2224 735 2284 conscientia
750 2231 780 2284 et
794 2224 882 2299 ipsos
897 2223 956 2284 sibi
971 2223 1114 2283 ostendit.

134 2306 293 2383 proprium
309 2314 409 2366 autem
425 2313 472 2368 est
488 2308 661 2368 nocentium
676 2308 839 2382 trepidare.
873 2306 953 2366 Male
969 2308 1008 2367 de
1024 2306 1116 2366 nobis

134 2398 234 2452 actum
255 2397 333 2462 erat,
361 2392 445 2466 quod
465 2391 558 2451 multa
578 2392 696 2452 scelera
713 2393 811 2466 legem
826 2399 856 2452 et
871 2389 1023 2451 vindicem
1039 2389 1115 2450 eiiu-

133 2475 218 2550 giunt
239 2482 280 2535 et.
290 2475 403 2550 scripta
418 2474 582 2550 supplicia,
604 2476 663 2535 nisi
684 2475 735 2535 illa
748 2474 897 2537 naturalia
911 2482 941 2535 et
954 2475 1060 2550 gravio
1076 2473 1116 2533 de

133 2560 348 2635 praesentibus
364 2561 520 2620 solverent
534 2564 564 2618 et
579 2559 609 2618 in
624 2561 724 2620 locum
740 2560 904 2635 patientiae
917 2560 1008 2620 timor
1023 2557 1117 2619 cede-

132 2650 187 2703 ret.
215 2645 301 2705 Vale.

432 2780 648 2838 EPISTULA
671 2781 716 2838 111.
741 2781 813 2852 (98.)

393 2872 502 2924 Seneca
518 2875 630 2926 Lucum
647 2886 698 2925 suo
718 2876 857 2928 sacurdtt.

103 2988 118 3040 1
193 2975 1117 3051 Numquamcrediderislelicemquemquamex

134 3059 586 3137 felicitatesuspensum.
611 3060 768 3136 fragilibus
780 3060 922 3133 innititur,
937 3060 988 3134 qui
1001 3058 1116 3118 adven-

132 3143 203 3206 ticio
222 3144 320 3204 laetus
340 3151 403 3206 est:
432 3146 525 3206 exibit
545 3146 703 3220 gaudium,
726 3144 809 3219 quod
831 3142 960 3204 intravit.
989 3150 1020 3202 at
1041 3142 1116 3202 illud

133 3243 172 3288 ex
193 3243 227 3288 se
249 3237 346 3289 ortum
367 3229 458 3290 fidele
480 3230 662 3305 firmumque
683 3235 730 3289 est
745 3235 776 3289 et
790 3227 901 3289 crescit
915 3233 946 3286 et
960 3226 998 3284 ad
1015 3232 1115 3285 extre·

132 3328 215 3372 mum
235 3329 336 3389 usque
357 3315 569 3389 prosequitur:
593 3321 710 3386 cetera,
733 3329 863 3387 quorum
885 3309 1045 3371 admiratio
1067 3315 1117 3371 est

131 3397 235 3473 volgo,
250 3398 280 3457 in
296 3398 377 3458 diem
393 3397 476 3458 bono
492 3404 571 3458 sunt.
616 3396 715 3471 „Quid
730 3402 826 3472 ergot
847 3412 909 3458 uon
921 3393 992 3455 usui
1007 3409 1044 3454 ae
1059 3409 1114 3454 vo-

132 3482 238 3557 luptati
260 3497 332 3542 esse
357 3485 534 3556 possuntt“
577 3481 651 3555 Quis
673 3487 785 3556 negati
812 3481 869 3541 sed
890 3480 946 3554 ita,
965 3477 993 3544 si
1008 3478 1061 3538 illa
1075 3492 1116 3538 ex
