<?xml version="1.0" encoding="UTF-8"?>
<!DOCTYPE html PUBLIC "-//W3C//DTD XHTML 1.0 Transitional//EN"
    "http://www.w3.org/TR/xhtml1/DTD/xhtml1-transitional.dtd">
<html xmlns="http://www.w3.org/1999/xhtml" xml:lang="en" lang="en">
 <head>
  <title>
</title>
<meta http-equiv="Content-Type" content="text/html;charset=utf-8" />
  <meta name='ocr-system' content='tesseract 3.04.00' />
  <meta name='ocr-capabilities' content='ocr_page ocr_carea ocr_par ocr_line ocrx_word'/>
</head>
<body>
  <div class='ocr_page' id='page_1' title='image "./lannaeisenecaeo06senegoog_0100.png"; bbox 0 0 2422 3862; ppageno 0'>
   <div class='ocr_carea' id='block_1_1' title="bbox 207 267 1069 348">
    <p class='ocr_par' dir='ltr' id='par_1_1' title="bbox 207 267 1069 348">
     <span class='ocr_line' id='line_1_1' title="bbox 207 267 1069 348; baseline 0.015 -20"><span class='ocrx_word' id='word_1_1' title='bbox 207 267 382 329; x_wconf 82' lang='lat' dir='ltr'><strong>EPISTUL.</strong></span> <span class='ocrx_word' id='word_1_2' title='bbox 396 268 490 331; x_wconf 87' lang='lat' dir='ltr'><strong>MOR.</strong></span> <span class='ocrx_word' id='word_1_3' title='bbox 511 271 648 331; x_wconf 87' lang='lat' dir='ltr'><strong>LIB.111.</strong></span> <span class='ocrx_word' id='word_1_4' title='bbox 670 272 728 333; x_wconf 87' lang='grc' dir='ltr'><strong>ΕΡ.</strong></span> <span class='ocrx_word' id='word_1_5' title='bbox 743 280 769 334; x_wconf 83' lang='grc'><strong>7.</strong></span> <span class='ocrx_word' id='word_1_6' title='bbox 780 281 807 335; x_wconf 84' lang='grc'><strong>8.</strong></span> <span class='ocrx_word' id='word_1_7' title='bbox 827 281 953 348; x_wconf 48' lang='lat'>(2829)</span> <span class='ocrx_word' id='word_1_8' title='bbox 1027 277 1069 341; x_wconf 87' lang='grc'><strong>65</strong></span> 
     </span>
    </p>
   </div>
   <div class='ocr_carea' id='block_1_2' title="bbox 47 420 1101 3524">
    <p class='ocr_par' dir='ltr' id='par_1_2' title="bbox 47 420 1069 581">
     <span class='ocr_line' id='line_1_2' title="bbox 47 420 1069 500; baseline 0.007 -18"><span class='ocrx_word' id='word_1_9' title='bbox 47 472 49 489; x_wconf 63' lang='lat'><strong>,</strong></span> <span class='ocrx_word' id='word_1_10' title='bbox 99 439 148 484; x_wconf 88' lang='lat' dir='ltr'><strong>nec</strong></span> <span class='ocrx_word' id='word_1_11' title='bbox 170 421 275 482; x_wconf 88' lang='lat' dir='ltr'><strong>minus</strong></span> <span class='ocrx_word' id='word_1_12' title='bbox 296 420 337 481; x_wconf 91' lang='lat' dir='ltr'><strong>de</strong></span> <span class='ocrx_word' id='word_1_13' title='bbox 356 421 422 482; x_wconf 91' lang='lat' dir='ltr'><strong>ntiis</strong></span> <span class='ocrx_word' id='word_1_14' title='bbox 443 422 581 499; x_wconf 81' lang='lat' dir='ltr'><strong>Cynicis,</strong></span> <span class='ocrx_word' id='word_1_15' title='bbox 608 425 660 500; x_wconf 91' lang='lat' dir='ltr'><strong>qui</strong></span> <span class='ocrx_word' id='word_1_16' title='bbox 677 423 813 484; x_wconf 88' lang='lat' dir='ltr'><strong>libertate</strong></span> <span class='ocrx_word' id='word_1_17' title='bbox 830 425 1005 499; x_wconf 88' lang='lat' dir='ltr'><strong>promiscua</strong></span> <span class='ocrx_word' id='word_1_18' title='bbox 1020 431 1069 489; x_wconf 89' lang='lat' dir='ltr'><strong>usi</strong></span> 
     </span>
     <span class='ocr_line' id='line_1_3' title="bbox 99 504 1069 581; baseline 0.006 -14"><span class='ocrx_word' id='word_1_19' title='bbox 99 515 163 568; x_wconf 85' lang='lat' dir='ltr'><strong>sunt</strong></span> <span class='ocrx_word' id='word_1_20' title='bbox 179 513 210 567; x_wconf 89' lang='lat' dir='ltr'><strong>et</strong></span> <span class='ocrx_word' id='word_1_21' title='bbox 225 504 338 567; x_wconf 88' lang='lat' dir='ltr'><strong>obvios</strong></span> <span class='ocrx_word' id='word_1_22' title='bbox 352 513 548 581; x_wconf 88' lang='lat' dir='ltr'><strong>monuerunt,</strong></span> <span class='ocrx_word' id='word_1_23' title='bbox 574 508 705 569; x_wconf 89' lang='lat' dir='ltr'><strong>dubitari</strong></span> <span class='ocrx_word' id='word_1_24' title='bbox 719 510 813 581; x_wconf 90' lang='lat' dir='ltr'><strong>solet,</strong></span> <span class='ocrx_word' id='word_1_25' title='bbox 839 523 878 569; x_wconf 89' lang='lat' dir='ltr'><strong>an</strong></span> <span class='ocrx_word' id='word_1_26' title='bbox 893 509 952 570; x_wconf 90' lang='lat' dir='ltr'><strong>hoc</strong></span> <span class='ocrx_word' id='word_1_27' title='bbox 968 512 1069 573; x_wconf 85' lang='lat' dir='ltr'><strong>iacere</strong></span> 
     </span>
    </p>

    <p class='ocr_par' dir='ltr' id='par_1_3' title="bbox 47 587 1068 671">
     <span class='ocr_line' id='line_1_4' title="bbox 47 587 1068 671; baseline 0.005 -21"><span class='ocrx_word' id='word_1_28' title='bbox 47 666 49 671; x_wconf 23' lang='grc' dir='ltr'>Ι</span> <span class='ocrx_word' id='word_1_29' title='bbox 99 587 265 650; x_wconf 86' lang='lat' dir='ltr'><strong>debuerint</strong></span> <span class='ocrx_word' id='word_1_30' title='bbox 290 588 364 664; x_wconf 85' lang='lat' dir='ltr'><strong>quid</strong></span> <span class='ocrx_word' id='word_1_31' title='bbox 379 591 467 663; x_wconf 88' lang='lat' dir='ltr'><strong>enim,</strong></span> <span class='ocrx_word' id='word_1_32' title='bbox 484 588 511 651; x_wconf 89' lang='lat' dir='ltr'><strong>si</strong></span> <span class='ocrx_word' id='word_1_33' title='bbox 527 592 596 665; x_wconf 88' lang='lat' dir='ltr'><strong>quis</strong></span> <span class='ocrx_word' id='word_1_34' title='bbox 611 593 723 652; x_wconf 92' lang='lat' dir='ltr'><strong>surdos</strong></span> <span class='ocrx_word' id='word_1_35' title='bbox 740 591 880 666; x_wconf 83' lang='lat' dir='ltr'><strong>obiurget</strong></span> <span class='ocrx_word' id='word_1_36' title='bbox 893 600 945 655; x_wconf 86' lang='lat' dir='ltr'><strong>aut</strong></span> <span class='ocrx_word' id='word_1_37' title='bbox 960 603 1068 655; x_wconf 88' lang='lat' dir='ltr'><strong>natura</strong></span> 
     </span>
    </p>

    <p class='ocr_par' dir='ltr' id='par_1_4' title="bbox 47 672 1101 3269">
     <span class='ocr_line' id='line_1_5' title="bbox 47 672 1097 753; baseline 0.007 -20"><span class='ocrx_word' id='word_1_38' title='bbox 47 674 49 711; x_wconf 57' lang='grc' dir='ltr'>Ι</span> <span class='ocrx_word' id='word_1_39' title='bbox 98 673 242 735; x_wconf 83' lang='lat' dir='ltr'><strong>morbove</strong></span> <span class='ocrx_word' id='word_1_40' title='bbox 262 678 386 733; x_wconf 80' lang='lat' dir='ltr'><strong>mutosi</strong></span> <span class='ocrx_word' id='word_1_41' title='bbox 411 672 548 748; x_wconf 61' lang='lat' dir='ltr'><strong>„Quare</strong></span> <span class='ocrx_word' id='word_1_42' title='bbox 571 676 688 750; x_wconf 86' lang='lat' dir='ltr'>inquis,</span> <span class='ocrx_word' id='word_1_43' title='bbox 710 674 814 736; x_wconf 89' lang='lat' dir='ltr'><strong>verbis</strong></span> <span class='ocrx_word' id='word_1_44' title='bbox 830 683 974 751; x_wconf 69' lang='lat' dir='ltr'><strong>parcam?</strong></span> <span class='ocrx_word' id='word_1_45' title='bbox 1000 689 1097 753; x_wconf 79' lang='lat' dir='ltr'><strong>gra-2</strong></span> 
     </span>
     <span class='ocr_line' id='line_1_6' title="bbox 98 758 1068 837; baseline 0.005 -19"><span class='ocrx_word' id='word_1_46' title='bbox 98 758 164 818; x_wconf 81' lang='lat' dir='ltr'><strong>trdta</strong></span> <span class='ocrx_word' id='word_1_47' title='bbox 174 765 259 818; x_wconf 86' lang='lat' dir='ltr'><strong>sunt</strong></span> <span class='ocrx_word' id='word_1_48' title='bbox 284 772 345 818; x_wconf 92' lang='lat' dir='ltr'><strong>non</strong></span> <span class='ocrx_word' id='word_1_49' title='bbox 362 772 489 832; x_wconf 92' lang='lat' dir='ltr'><strong>possum</strong></span> <span class='ocrx_word' id='word_1_50' title='bbox 504 758 592 832; x_wconf 87' lang='lat' dir='ltr'><strong>scire,</strong></span> <span class='ocrx_word' id='word_1_51' title='bbox 607 775 645 819; x_wconf 94' lang='lat' dir='ltr'><strong>an</strong></span> <span class='ocrx_word' id='word_1_52' title='bbox 661 759 689 820; x_wconf 91' lang='lat' dir='ltr'><strong>ei</strong></span> <span class='ocrx_word' id='word_1_53' title='bbox 702 758 878 835; x_wconf 81' lang='lat' dir='ltr'><strong>profuturus</strong></span> <span class='ocrx_word' id='word_1_54' title='bbox 894 760 960 833; x_wconf 90' lang='lat' dir='ltr'><strong>sim,</strong></span> <span class='ocrx_word' id='word_1_55' title='bbox 977 779 1068 837; x_wconf 87' lang='lat' dir='ltr'><strong>quem</strong></span> 
     </span>
     <span class='ocr_line' id='line_1_7' title="bbox 97 839 1066 919; baseline 0.006 -18"><span class='ocrx_word' id='word_1_56' title='bbox 97 841 261 902; x_wconf 77' lang='lat' dir='ltr'>admoneo:</span> <span class='ocrx_word' id='word_1_57' title='bbox 286 840 361 901; x_wconf 88' lang='lat' dir='ltr'><strong>illud</strong></span> <span class='ocrx_word' id='word_1_58' title='bbox 374 839 450 914; x_wconf 88' lang='lat' dir='ltr'><strong>scio,</strong></span> <span class='ocrx_word' id='word_1_59' title='bbox 466 840 557 901; x_wconf 87' lang='lat' dir='ltr'><strong>alicui</strong></span> <span class='ocrx_word' id='word_1_60' title='bbox 573 859 622 903; x_wconf 91' lang='lat' dir='ltr'><strong>me</strong></span> <span class='ocrx_word' id='word_1_61' title='bbox 637 845 834 919; x_wconf 80' lang='lat' dir='ltr'><strong>profuturum,</strong></span> <span class='ocrx_word' id='word_1_62' title='bbox 852 846 879 904; x_wconf 92' lang='lat' dir='ltr'><strong>si</strong></span> <span class='ocrx_word' id='word_1_63' title='bbox 892 847 1002 907; x_wconf 91' lang='lat' dir='ltr'><strong>multos</strong></span> <span class='ocrx_word' id='word_1_64' title='bbox 1014 848 1066 907; x_wconf 90' lang='lat' dir='ltr'><strong>ad-</strong></span> 
     </span>
     <span class='ocr_line' id='line_1_8' title="bbox 96 926 1068 1003; baseline 0.005 -18"><span class='ocrx_word' id='word_1_65' title='bbox 96 940 252 988; x_wconf 86' lang='lat' dir='ltr'><strong>monuero.</strong></span> <span class='ocrx_word' id='word_1_66' title='bbox 275 926 452 1001; x_wconf 88' lang='lat' dir='ltr'><strong>spargenda</strong></span> <span class='ocrx_word' id='word_1_67' title='bbox 465 940 573 987; x_wconf 84' lang='lat' dir='ltr'><strong>manus</strong></span> <span class='ocrx_word' id='word_1_68' title='bbox 589 935 645 988; x_wconf 87' lang='lat' dir='ltr'><strong>est.</strong></span> <span class='ocrx_word' id='word_1_69' title='bbox 669 944 730 988; x_wconf 94' lang='lat' dir='ltr'><strong>non</strong></span> <span class='ocrx_word' id='word_1_70' title='bbox 745 934 847 1003; x_wconf 91' lang='lat' dir='ltr'><strong>potest</strong></span> <span class='ocrx_word' id='word_1_71' title='bbox 864 930 945 1002; x_wconf 87' lang='lat' dir='ltr'><strong>lieri,</strong></span> <span class='ocrx_word' id='word_1_72' title='bbox 960 938 991 990; x_wconf 89' lang='lat' dir='ltr'><strong>ut</strong></span> <span class='ocrx_word' id='word_1_73' title='bbox 1007 948 1068 992; x_wconf 92' lang='lat' dir='ltr'><strong>non</strong></span> 
     </span>
     <span class='ocr_line' id='line_1_9' title="bbox 94 1009 1096 1088; baseline 0.009 -19"><span class='ocrx_word' id='word_1_74' title='bbox 94 1009 259 1086; x_wconf 85' lang='lat' dir='ltr'><strong>aliquando</strong></span> <span class='ocrx_word' id='word_1_75' title='bbox 278 1009 426 1070; x_wconf 78' lang='lat' dir='ltr'><strong>succedat</strong></span> <span class='ocrx_word' id='word_1_76' title='bbox 446 1011 540 1070; x_wconf 87' lang='lat' dir='ltr'><strong>multa</strong></span> <span class='ocrx_word' id='word_1_77' title='bbox 562 1011 728 1087; x_wconf 88' lang='lat' dir='ltr'><strong>temptanti.</strong></span> <span class='ocrx_word' id='word_1_78' title='bbox 738 1018 756 1045; x_wconf 84' lang='lat'><strong><em>“</em></strong></span> <span class='ocrx_word' id='word_1_79' title='bbox 794 1011 875 1084; x_wconf 86' lang='lat' dir='ltr'><strong>Hoc,</strong></span> <span class='ocrx_word' id='word_1_80' title='bbox 902 1014 942 1072; x_wconf 90' lang='lat' dir='ltr'><strong>mi</strong></span> <span class='ocrx_word' id='word_1_81' title='bbox 963 1014 1096 1088; x_wconf 85' lang='lat' dir='ltr'><strong>Lucili,3</strong></span> 
     </span>
     <span class='ocr_line' id='line_1_10' title="bbox 94 1092 1066 1168; baseline 0.008 -16"><span class='ocrx_word' id='word_1_82' title='bbox 94 1108 151 1154; x_wconf 91' lang='lat' dir='ltr'><strong>non</strong></span> <span class='ocrx_word' id='word_1_83' title='bbox 165 1093 314 1154; x_wconf 88' lang='lat' dir='ltr'><strong>existimo</strong></span> <span class='ocrx_word' id='word_1_84' title='bbox 329 1108 440 1168; x_wconf 87' lang='lat' dir='ltr'><strong>magno</strong></span> <span class='ocrx_word' id='word_1_85' title='bbox 454 1092 520 1153; x_wconf 92' lang='lat' dir='ltr'><strong>viro</strong></span> <span class='ocrx_word' id='word_1_86' title='bbox 536 1094 722 1156; x_wconf 81' lang='lat' dir='ltr'><strong>iaciendum:</strong></span> <span class='ocrx_word' id='word_1_87' title='bbox 745 1095 868 1156; x_wconf 78' lang='lat' dir='ltr'>diluitur</span> <span class='ocrx_word' id='word_1_88' title='bbox 882 1097 948 1158; x_wconf 90' lang='lat' dir='ltr'><strong>eius</strong></span> <span class='ocrx_word' id='word_1_89' title='bbox 963 1106 1066 1160; x_wconf 87' lang='lat' dir='ltr'><strong>aucto·</strong></span> 
     </span>
     <span class='ocr_line' id='line_1_11' title="bbox 93 1176 1067 1256; baseline 0.006 -20"><span class='ocrx_word' id='word_1_90' title='bbox 93 1177 161 1239; x_wconf 86' lang='lat' dir='ltr'><strong>ritas</strong></span> <span class='ocrx_word' id='word_1_91' title='bbox 172 1193 235 1238; x_wconf 88' lang='lat' dir='ltr'><strong>nec</strong></span> <span class='ocrx_word' id='word_1_92' title='bbox 249 1176 344 1238; x_wconf 88' lang='lat' dir='ltr'><strong>habet</strong></span> <span class='ocrx_word' id='word_1_93' title='bbox 360 1177 442 1253; x_wconf 86' lang='lat' dir='ltr'><strong>apud</strong></span> <span class='ocrx_word' id='word_1_94' title='bbox 456 1191 512 1238; x_wconf 91' lang='lat' dir='ltr'><strong>eos</strong></span> <span class='ocrx_word' id='word_1_95' title='bbox 524 1178 598 1239; x_wconf 88' lang='lat' dir='ltr'><strong>satis</strong></span> <span class='ocrx_word' id='word_1_96' title='bbox 616 1177 778 1255; x_wconf 91' lang='lat' dir='ltr'><strong>ponderis,</strong></span> <span class='ocrx_word' id='word_1_97' title='bbox 796 1195 875 1255; x_wconf 90' lang='lat' dir='ltr'><strong>quos</strong></span> <span class='ocrx_word' id='word_1_98' title='bbox 891 1191 999 1256; x_wconf 90' lang='lat' dir='ltr'><strong>posset</strong></span> <span class='ocrx_word' id='word_1_99' title='bbox 1015 1183 1067 1242; x_wconf 82' lang='lat' dir='ltr'><strong>nri-</strong></span> 
     </span>
     <span class='ocr_line' id='line_1_12' title="bbox 94 1260 1066 1339; baseline 0.005 -19"><span class='ocrx_word' id='word_1_100' title='bbox 94 1277 146 1323; x_wconf 89' lang='lat' dir='ltr'><strong>nas</strong></span> <span class='ocrx_word' id='word_1_101' title='bbox 164 1261 361 1324; x_wconf 78' lang='lat' dir='ltr'><strong>obsolefacta</strong></span> <span class='ocrx_word' id='word_1_102' title='bbox 376 1260 545 1337; x_wconf 88' lang='lat' dir='ltr'><strong>corrigere=</strong></span> <span class='ocrx_word' id='word_1_103' title='bbox 576 1262 750 1339; x_wconf 79' lang='lat' dir='ltr'><strong>sagittarius</strong></span> <span class='ocrx_word' id='word_1_104' title='bbox 766 1280 828 1324; x_wconf 89' lang='lat' dir='ltr'><strong>non</strong></span> <span class='ocrx_word' id='word_1_105' title='bbox 843 1265 1007 1339; x_wconf 87' lang='lat' dir='ltr'><strong>aliquando</strong></span> <span class='ocrx_word' id='word_1_106' title='bbox 1024 1267 1066 1325; x_wconf 90' lang='lat' dir='ltr'><strong>le-</strong></span> 
     </span>
     <span class='ocr_line' id='line_1_13' title="bbox 93 1344 1067 1426; baseline 0.006 -22"><span class='ocrx_word' id='word_1_107' title='bbox 93 1344 149 1408; x_wconf 90' lang='lat' dir='ltr'><strong>rire</strong></span> <span class='ocrx_word' id='word_1_108' title='bbox 163 1346 268 1419; x_wconf 85' lang='lat' dir='ltr'><strong>debet,</strong></span> <span class='ocrx_word' id='word_1_109' title='bbox 284 1344 342 1405; x_wconf 88' lang='lat' dir='ltr'><strong>sed</strong></span> <span class='ocrx_word' id='word_1_110' title='bbox 355 1345 520 1421; x_wconf 88' lang='lat' dir='ltr'><strong>aliquando</strong></span> <span class='ocrx_word' id='word_1_111' title='bbox 536 1346 688 1408; x_wconf 82' lang='lat' dir='ltr'><strong>deerrare.</strong></span> <span class='ocrx_word' id='word_1_112' title='bbox 710 1348 776 1408; x_wconf 88' lang='lat' dir='ltr'><strong>Non</strong></span> <span class='ocrx_word' id='word_1_113' title='bbox 793 1355 841 1408; x_wconf 91' lang='lat' dir='ltr'><strong>est</strong></span> <span class='ocrx_word' id='word_1_114' title='bbox 859 1365 924 1422; x_wconf 88' lang='lat' dir='ltr'><strong>ars,</strong></span> <span class='ocrx_word' id='word_1_115' title='bbox 940 1351 968 1409; x_wconf 82' lang='lat' dir='ltr'><strong>si</strong></span> <span class='ocrx_word' id='word_1_116' title='bbox 988 1365 1067 1426; x_wconf 88' lang='lat' dir='ltr'><strong>quae</strong></span> 
     </span>
     <span class='ocr_line' id='line_1_14' title="bbox 93 1427 1066 1506; baseline 0.003 -18"><span class='ocrx_word' id='word_1_117' title='bbox 93 1431 129 1491; x_wconf 91' lang='lat' dir='ltr'><strong>ad</strong></span> <span class='ocrx_word' id='word_1_118' title='bbox 142 1429 292 1491; x_wconf 79' lang='lat' dir='ltr'><strong>effectum</strong></span> <span class='ocrx_word' id='word_1_119' title='bbox 306 1444 382 1489; x_wconf 90' lang='lat' dir='ltr'><strong>casu</strong></span> <span class='ocrx_word' id='word_1_120' title='bbox 405 1427 539 1492; x_wconf 86' lang='lat' dir='ltr'><strong>veniunt.</strong></span> <span class='ocrx_word' id='word_1_121' title='bbox 564 1432 713 1506; x_wconf 76' lang='lat' dir='ltr'><strong>sapientia</strong></span> <span class='ocrx_word' id='word_1_122' title='bbox 730 1448 779 1492; x_wconf 92' lang='lat' dir='ltr'><strong>ars</strong></span> <span class='ocrx_word' id='word_1_123' title='bbox 795 1439 856 1491; x_wconf 85' lang='lat' dir='ltr'><strong>est:</strong></span> <span class='ocrx_word' id='word_1_124' title='bbox 883 1441 997 1493; x_wconf 88' lang='lat' dir='ltr'><strong>certum</strong></span> <span class='ocrx_word' id='word_1_125' title='bbox 1013 1449 1066 1506; x_wconf 87' lang='lat' dir='ltr'><strong>pe-</strong></span> 
     </span>
     <span class='ocr_line' id='line_1_15' title="bbox 92 1513 1067 1590; baseline 0.002 -17"><span class='ocrx_word' id='word_1_126' title='bbox 92 1519 145 1588; x_wconf 87' lang='lat' dir='ltr'><strong>tat,</strong></span> <span class='ocrx_word' id='word_1_127' title='bbox 161 1515 258 1590; x_wconf 84' lang='lat' dir='ltr'><strong>eligat</strong></span> <span class='ocrx_word' id='word_1_128' title='bbox 271 1513 534 1588; x_wconf 72' lang='lat' dir='ltr'><strong>profecturos,.ab</strong></span> <span class='ocrx_word' id='word_1_129' title='bbox 549 1513 614 1589; x_wconf 85' lang='lat' dir='ltr'><strong>his,</strong></span> <span class='ocrx_word' id='word_1_130' title='bbox 629 1531 707 1590; x_wconf 89' lang='lat' dir='ltr'><strong>quos</strong></span> <span class='ocrx_word' id='word_1_131' title='bbox 724 1515 911 1590; x_wconf 85' lang='lat' dir='ltr'><strong>desperavit,</strong></span> <span class='ocrx_word' id='word_1_132' title='bbox 933 1516 1067 1588; x_wconf 75' lang='lat' dir='ltr'><strong>recedat</strong></span> 
     </span>
     <span class='ocr_line' id='line_1_16' title="bbox 93 1597 1069 1675; baseline 0.001 -18"><span class='ocrx_word' id='word_1_133' title='bbox 93 1613 150 1658; x_wconf 92' lang='lat' dir='ltr'><strong>non</strong></span> <span class='ocrx_word' id='word_1_134' title='bbox 165 1606 271 1659; x_wconf 88' lang='lat' dir='ltr'><strong>tamen</strong></span> <span class='ocrx_word' id='word_1_135' title='bbox 286 1597 346 1657; x_wconf 93' lang='lat' dir='ltr'><strong>cito</strong></span> <span class='ocrx_word' id='word_1_136' title='bbox 362 1598 515 1674; x_wconf 87' lang='lat' dir='ltr'><strong>relinquat</strong></span> <span class='ocrx_word' id='word_1_137' title='bbox 529 1605 559 1659; x_wconf 87' lang='lat' dir='ltr'><strong>et</strong></span> <span class='ocrx_word' id='word_1_138' title='bbox 573 1599 603 1658; x_wconf 92' lang='lat' dir='ltr'><strong>in</strong></span> <span class='ocrx_word' id='word_1_139' title='bbox 618 1598 688 1675; x_wconf 89' lang='lat' dir='ltr'><strong>ipsa</strong></span> <span class='ocrx_word' id='word_1_140' title='bbox 701 1600 917 1674; x_wconf 84' lang='lat' dir='ltr'><strong>desperatione</strong></span> <span class='ocrx_word' id='word_1_141' title='bbox 932 1606 1069 1659; x_wconf 83' lang='lat' dir='ltr'><strong>extrema</strong></span> 
     </span>
     <span class='ocr_line' id='line_1_17' title="bbox 92 1681 1097 1757; baseline -0.005 -14"><span class='ocrx_word' id='word_1_142' title='bbox 92 1683 227 1743; x_wconf 87' lang='lat' dir='ltr'><strong>remedia</strong></span> <span class='ocrx_word' id='word_1_143' title='bbox 248 1686 382 1756; x_wconf 81' lang='lat' dir='ltr'><strong>temptet.</strong></span> <span class='ocrx_word' id='word_1_144' title='bbox 415 1681 685 1743; x_wconf 86' lang='lat' dir='ltr'><strong>Marcellinum</strong></span> <span class='ocrx_word' id='word_1_145' title='bbox 705 1690 874 1743; x_wconf 89' lang='lat' dir='ltr'><strong>nostrum</strong></span> <span class='ocrx_word' id='word_1_146' title='bbox 897 1698 966 1757; x_wconf 89' lang='lat' dir='ltr'><strong>ego</strong></span> <span class='ocrx_word' id='word_1_147' title='bbox 982 1685 1097 1742; x_wconf 79' lang='lat' dir='ltr'><strong>non-4</strong></span> 
     </span>
     <span class='ocr_line' id='line_1_18' title="bbox 93 1765 1067 1841; baseline -0.002 -15"><span class='ocrx_word' id='word_1_148' title='bbox 93 1766 176 1828; x_wconf 90' lang='lat' dir='ltr'><strong>dnm</strong></span> <span class='ocrx_word' id='word_1_149' title='bbox 191 1765 379 1839; x_wconf 92' lang='lat' dir='ltr'><strong>despero.</strong></span> <span class='ocrx_word' id='word_1_150' title='bbox 406 1765 578 1826; x_wconf 85' lang='lat' dir='ltr'><strong>etiamnunc</strong></span> <span class='ocrx_word' id='word_1_151' title='bbox 599 1767 715 1827; x_wconf 92' lang='lat' dir='ltr'><strong>servari</strong></span> <span class='ocrx_word' id='word_1_152' title='bbox 742 1773 856 1841; x_wconf 86' lang='lat' dir='ltr'><strong>potest,</strong></span> <span class='ocrx_word' id='word_1_153' title='bbox 883 1766 940 1827; x_wconf 93' lang='lat' dir='ltr'><strong>sed</strong></span> <span class='ocrx_word' id='word_1_154' title='bbox 962 1766 989 1826; x_wconf 93' lang='lat' dir='ltr'><strong>si</strong></span> <span class='ocrx_word' id='word_1_155' title='bbox 1009 1766 1067 1824; x_wconf 88' lang='lat' dir='ltr'><strong>cito</strong></span> 
     </span>
     <span class='ocr_line' id='line_1_19' title="bbox 94 1848 1067 1924; baseline 0.001 -17"><span class='ocrx_word' id='word_1_156' title='bbox 94 1848 133 1910; x_wconf 91' lang='lat' dir='ltr'><strong>illi</strong></span> <span class='ocrx_word' id='word_1_157' title='bbox 147 1866 260 1910; x_wconf 90' lang='lat' dir='ltr'><strong>manus</strong></span> <span class='ocrx_word' id='word_1_158' title='bbox 275 1848 448 1924; x_wconf 78' lang='lat' dir='ltr'><strong>porrigitur.</strong></span> <span class='ocrx_word' id='word_1_159' title='bbox 472 1857 519 1910; x_wconf 88' lang='lat' dir='ltr'><strong>est</strong></span> <span class='ocrx_word' id='word_1_160' title='bbox 534 1850 657 1924; x_wconf 88' lang='lat' dir='ltr'><strong>quidem</strong></span> <span class='ocrx_word' id='word_1_161' title='bbox 670 1851 845 1924; x_wconf 90' lang='lat' dir='ltr'><strong>periculum,</strong></span> <span class='ocrx_word' id='word_1_162' title='bbox 861 1865 900 1909; x_wconf 90' lang='lat' dir='ltr'><strong>ne</strong></span> <span class='ocrx_word' id='word_1_163' title='bbox 913 1849 1067 1924; x_wconf 88' lang='lat' dir='ltr'><strong>porrigen-</strong></span> 
     </span>
     <span class='ocr_line' id='line_1_20' title="bbox 93 1932 1069 2008; baseline -0.001 -14"><span class='ocrx_word' id='word_1_164' title='bbox 93 1940 152 1994; x_wconf 89' lang='lat' dir='ltr'><strong>tem</strong></span> <span class='ocrx_word' id='word_1_165' title='bbox 165 1932 281 1993; x_wconf 74' lang='lat' dir='ltr'><strong>mahat:</strong></span> <span class='ocrx_word' id='word_1_166' title='bbox 303 1947 414 2007; x_wconf 85' lang='lat' dir='ltr'><strong>magna</strong></span> <span class='ocrx_word' id='word_1_167' title='bbox 428 1935 458 1994; x_wconf 92' lang='lat' dir='ltr'><strong>in</strong></span> <span class='ocrx_word' id='word_1_168' title='bbox 472 1933 524 1994; x_wconf 90' lang='lat' dir='ltr'><strong>illo</strong></span> <span class='ocrx_word' id='word_1_169' title='bbox 540 1934 654 2008; x_wconf 90' lang='lat' dir='ltr'><strong>ingenii</strong></span> <span class='ocrx_word' id='word_1_170' title='bbox 667 1933 714 1994; x_wconf 91' lang='lat' dir='ltr'><strong>vis</strong></span> <span class='ocrx_word' id='word_1_171' title='bbox 729 1941 784 2008; x_wconf 87' lang='lat' dir='ltr'><strong>est,</strong></span> <span class='ocrx_word' id='word_1_172' title='bbox 800 1932 857 1993; x_wconf 91' lang='lat' dir='ltr'><strong>sed</strong></span> <span class='ocrx_word' id='word_1_173' title='bbox 871 1934 930 1992; x_wconf 89' lang='lat' dir='ltr'><strong>iam</strong></span> <span class='ocrx_word' id='word_1_174' title='bbox 943 1934 1069 1994; x_wconf 89' lang='lat' dir='ltr'><strong>tenden-</strong></span> 
     </span>
     <span class='ocr_line' id='line_1_21' title="bbox 92 2015 1068 2093; baseline -0.001 -15"><span class='ocrx_word' id='word_1_175' title='bbox 92 2017 129 2080; x_wconf 91' lang='lat' dir='ltr'><strong>tis</strong></span> <span class='ocrx_word' id='word_1_176' title='bbox 150 2017 183 2078; x_wconf 90' lang='lat' dir='ltr'><strong>in</strong></span> <span class='ocrx_word' id='word_1_177' title='bbox 204 2033 343 2093; x_wconf 89' lang='lat' dir='ltr'><strong>pravum.</strong></span> <span class='ocrx_word' id='word_1_178' title='bbox 367 2016 562 2078; x_wconf 88' lang='lat' dir='ltr'><strong>nihilominus</strong></span> <span class='ocrx_word' id='word_1_179' title='bbox 583 2015 674 2078; x_wconf 89' lang='lat' dir='ltr'><strong>adibo</strong></span> <span class='ocrx_word' id='word_1_180' title='bbox 696 2017 755 2078; x_wconf 90' lang='lat' dir='ltr'><strong>hoc</strong></span> <span class='ocrx_word' id='word_1_181' title='bbox 776 2016 944 2093; x_wconf 89' lang='lat' dir='ltr'><strong>periculum</strong></span> <span class='ocrx_word' id='word_1_182' title='bbox 965 2023 996 2077; x_wconf 88' lang='lat' dir='ltr'><strong>et</strong></span> <span class='ocrx_word' id='word_1_183' title='bbox 1016 2032 1068 2077; x_wconf 88' lang='lat' dir='ltr'><strong>au·</strong></span> 
     </span>
     <span class='ocr_line' id='line_1_22' title="bbox 93 2100 1096 2176; baseline 0.002 -13"><span class='ocrx_word' id='word_1_184' title='bbox 93 2103 172 2164; x_wconf 93' lang='lat' dir='ltr'><strong>debo</strong></span> <span class='ocrx_word' id='word_1_185' title='bbox 196 2103 239 2161; x_wconf 93' lang='lat' dir='ltr'><strong>illi</strong></span> <span class='ocrx_word' id='word_1_186' title='bbox 261 2101 342 2162; x_wconf 88' lang='lat' dir='ltr'><strong>mala</strong></span> <span class='ocrx_word' id='word_1_187' title='bbox 363 2117 421 2162; x_wconf 88' lang='lat' dir='ltr'><strong>sua</strong></span> <span class='ocrx_word' id='word_1_188' title='bbox 441 2102 614 2163; x_wconf 89' lang='lat' dir='ltr'><strong>ostendere.</strong></span> <span class='ocrx_word' id='word_1_189' title='bbox 636 2101 740 2161; x_wconf 85' lang='lat' dir='ltr'><strong>Faciet</strong></span> <span class='ocrx_word' id='word_1_190' title='bbox 759 2100 843 2176; x_wconf 90' lang='lat' dir='ltr'><strong>quod</strong></span> <span class='ocrx_word' id='word_1_191' title='bbox 857 2101 950 2162; x_wconf 76' lang='lat' dir='ltr'><strong>solem</strong></span> <span class='ocrx_word' id='word_1_192' title='bbox 974 2100 1096 2165; x_wconf 85' lang='lat' dir='ltr'><strong>advo-5</strong></span> 
     </span>
     <span class='ocr_line' id='line_1_23' title="bbox 93 2184 1067 2262; baseline 0 -16"><span class='ocrx_word' id='word_1_193' title='bbox 93 2187 172 2247; x_wconf 88' lang='lat' dir='ltr'><strong>cabil</strong></span> <span class='ocrx_word' id='word_1_194' title='bbox 196 2184 266 2247; x_wconf 88' lang='lat' dir='ltr'><strong>illas</strong></span> <span class='ocrx_word' id='word_1_195' title='bbox 289 2185 429 2258; x_wconf 83' lang='lat' dir='ltr'><strong>facetias,</strong></span> <span class='ocrx_word' id='word_1_196' title='bbox 458 2202 537 2262; x_wconf 88' lang='lat' dir='ltr'><strong>quae</strong></span> <span class='ocrx_word' id='word_1_197' title='bbox 551 2186 644 2247; x_wconf 88' lang='lat' dir='ltr'><strong>risum</strong></span> <span class='ocrx_word' id='word_1_198' title='bbox 660 2201 792 2245; x_wconf 89' lang='lat' dir='ltr'><strong>evocare</strong></span> <span class='ocrx_word' id='word_1_199' title='bbox 805 2186 977 2260; x_wconf 86' lang='lat' dir='ltr'><strong>lugentibus</strong></span> <span class='ocrx_word' id='word_1_200' title='bbox 996 2201 1067 2259; x_wconf 88' lang='lat' dir='ltr'><strong>pos·</strong></span> 
     </span>
     <span class='ocr_line' id='line_1_24' title="bbox 93 2268 1067 2345; baseline -0.003 -15"><span class='ocrx_word' id='word_1_201' title='bbox 93 2277 178 2344; x_wconf 88' lang='lat' dir='ltr'><strong>sunt,</strong></span> <span class='ocrx_word' id='word_1_202' title='bbox 204 2270 279 2330; x_wconf 88' lang='lat' dir='ltr'><strong>etin</strong></span> <span class='ocrx_word' id='word_1_203' title='bbox 295 2285 331 2330; x_wconf 90' lang='lat' dir='ltr'><strong>se</strong></span> <span class='ocrx_word' id='word_1_204' title='bbox 346 2270 488 2345; x_wconf 89' lang='lat' dir='ltr'><strong>primum,</strong></span> <span class='ocrx_word' id='word_1_205' title='bbox 514 2270 624 2330; x_wconf 91' lang='lat' dir='ltr'><strong>deinde</strong></span> <span class='ocrx_word' id='word_1_206' title='bbox 647 2270 677 2328; x_wconf 93' lang='lat' dir='ltr'><strong>in</strong></span> <span class='ocrx_word' id='word_1_207' title='bbox 699 2286 758 2331; x_wconf 92' lang='lat' dir='ltr'><strong>nos</strong></span> <span class='ocrx_word' id='word_1_208' title='bbox 778 2268 934 2330; x_wconf 89' lang='lat' dir='ltr'><strong>iocabitur.</strong></span> <span class='ocrx_word' id='word_1_209' title='bbox 957 2270 1067 2340; x_wconf 87' lang='lat' dir='ltr'><strong>omnia,</strong></span> 
     </span>
     <span class='ocr_line' id='line_1_25' title="bbox 93 2351 1068 2432; baseline -0.003 -17"><span class='ocrx_word' id='word_1_210' title='bbox 93 2370 172 2432; x_wconf 89' lang='lat' dir='ltr'><strong>quae</strong></span> <span class='ocrx_word' id='word_1_211' title='bbox 186 2354 324 2415; x_wconf 87' lang='lat' dir='ltr'><strong>dicturus</strong></span> <span class='ocrx_word' id='word_1_212' title='bbox 336 2369 413 2427; x_wconf 89' lang='lat' dir='ltr'><strong>sum,</strong></span> <span class='ocrx_word' id='word_1_213' title='bbox 427 2352 598 2428; x_wconf 88' lang='lat' dir='ltr'><strong>occupabit.</strong></span> <span class='ocrx_word' id='word_1_214' title='bbox 615 2351 797 2415; x_wconf 90' lang='lat' dir='ltr'><strong>scrutabitur</strong></span> <span class='ocrx_word' id='word_1_215' title='bbox 808 2352 932 2415; x_wconf 89' lang='lat' dir='ltr'><strong>scholas</strong></span> <span class='ocrx_word' id='word_1_216' title='bbox 945 2360 1068 2412; x_wconf 92' lang='lat' dir='ltr'><strong>nostras</strong></span> 
     </span>
     <span class='ocr_line' id='line_1_26' title="bbox 92 2435 1070 2523; baseline -0.005 -24"><span class='ocrx_word' id='word_1_217' title='bbox 92 2446 120 2499; x_wconf 91' lang='lat' dir='ltr'><strong>et</strong></span> <span class='ocrx_word' id='word_1_218' title='bbox 135 2437 250 2499; x_wconf 91' lang='lat' dir='ltr'><strong>obiciet</strong></span> <span class='ocrx_word' id='word_1_219' title='bbox 266 2436 462 2512; x_wconf 90' lang='lat' dir='ltr'><strong>philosophis</strong></span> <span class='ocrx_word' id='word_1_220' title='bbox 475 2435 640 2512; x_wconf 88' lang='lat' dir='ltr'><strong>congiaria,</strong></span> <span class='ocrx_word' id='word_1_221' title='bbox 655 2437 779 2510; x_wconf 90' lang='lat' dir='ltr'><strong>amicas,</strong></span> <span class='ocrx_word' id='word_1_222' title='bbox 794 2437 905 2523; x_wconf 85' lang='lat' dir='ltr'><strong>gulam.</strong></span> <span class='ocrx_word' id='word_1_223' title='bbox 928 2435 1070 2497; x_wconf 89' lang='lat' dir='ltr'><strong>ostendet</strong></span> 
     </span>
     <span class='ocr_line' id='line_1_27' title="bbox 92 2517 1069 2597; baseline -0.007 -15"><span class='ocrx_word' id='word_1_224' title='bbox 92 2522 163 2582; x_wconf 91' lang='lat' dir='ltr'><strong>mihi</strong></span> <span class='ocrx_word' id='word_1_225' title='bbox 179 2521 273 2583; x_wconf 90' lang='lat' dir='ltr'><strong>aliurn</strong></span> <span class='ocrx_word' id='word_1_226' title='bbox 288 2521 318 2581; x_wconf 90' lang='lat' dir='ltr'><strong>in</strong></span> <span class='ocrx_word' id='word_1_227' title='bbox 338 2522 496 2594; x_wconf 87' lang='lat' dir='ltr'><strong>adulterio,</strong></span> <span class='ocrx_word' id='word_1_228' title='bbox 519 2522 610 2581; x_wconf 89' lang='lat' dir='ltr'><strong>atium</strong></span> <span class='ocrx_word' id='word_1_229' title='bbox 631 2522 660 2581; x_wconf 94' lang='lat' dir='ltr'><strong>in</strong></span> <span class='ocrx_word' id='word_1_230' title='bbox 682 2521 812 2597; x_wconf 90' lang='lat' dir='ltr'><strong>popina,</strong></span> <span class='ocrx_word' id='word_1_231' title='bbox 838 2520 929 2579; x_wconf 90' lang='lat' dir='ltr'><strong>aliurn</strong></span> <span class='ocrx_word' id='word_1_232' title='bbox 944 2517 974 2576; x_wconf 92' lang='lat' dir='ltr'><strong>in</strong></span> <span class='ocrx_word' id='word_1_233' title='bbox 990 2519 1069 2578; x_wconf 89' lang='lat' dir='ltr'><strong>aula.</strong></span> 
     </span>
     <span class='ocr_line' id='line_1_28' title="bbox 92 2602 1101 2681; baseline -0.002 -16"><span class='ocrx_word' id='word_1_234' title='bbox 92 2606 235 2667; x_wconf 88' lang='lat' dir='ltr'><strong>ostendet</strong></span> <span class='ocrx_word' id='word_1_235' title='bbox 255 2602 329 2664; x_wconf 88' lang='lat' dir='ltr'><strong>mihi</strong></span> <span class='ocrx_word' id='word_1_236' title='bbox 355 2605 489 2681; x_wconf 88' lang='lat' dir='ltr'><strong>lepidum</strong></span> <span class='ocrx_word' id='word_1_237' title='bbox 511 2604 729 2680; x_wconf 90' lang='lat' dir='ltr'><strong>philosophum</strong></span> <span class='ocrx_word' id='word_1_238' title='bbox 747 2605 938 2677; x_wconf 85' lang='lat' dir='ltr'><strong>Aristonem,</strong></span> <span class='ocrx_word' id='word_1_239' title='bbox 968 2603 1020 2676; x_wconf 88' lang='lat' dir='ltr'><strong>qui</strong></span> <span class='ocrx_word' id='word_1_240' title='bbox 1042 2602 1101 2663; x_wconf 75' lang='lat' dir='ltr'><strong>inb</strong></span> 
     </span>
     <span class='ocr_line' id='line_1_29' title="bbox 93 2688 1070 2764; baseline -0.007 -13"><span class='ocrx_word' id='word_1_241' title='bbox 93 2689 264 2764; x_wconf 79' lang='lat' dir='ltr'><strong>gestatione</strong></span> <span class='ocrx_word' id='word_1_242' title='bbox 286 2688 467 2749; x_wconf 87' lang='lat' dir='ltr'><strong>disserebat.</strong></span> <span class='ocrx_word' id='word_1_243' title='bbox 491 2688 550 2749; x_wconf 91' lang='lat' dir='ltr'><strong>hoc</strong></span> <span class='ocrx_word' id='word_1_244' title='bbox 567 2689 647 2749; x_wconf 91' lang='lat' dir='ltr'><strong>enim</strong></span> <span class='ocrx_word' id='word_1_245' title='bbox 662 2688 702 2748; x_wconf 89' lang='lat' dir='ltr'><strong>ad</strong></span> <span class='ocrx_word' id='word_1_246' title='bbox 716 2688 854 2749; x_wconf 88' lang='lat' dir='ltr'><strong>edendas</strong></span> <span class='ocrx_word' id='word_1_247' title='bbox 869 2700 980 2761; x_wconf 90' lang='lat' dir='ltr'><strong>operas</strong></span> <span class='ocrx_word' id='word_1_248' title='bbox 996 2692 1070 2746; x_wconf 90' lang='lat' dir='ltr'><strong>tem·</strong></span> 
     </span>
     <span class='ocr_line' id='line_1_30' title="bbox 93 2769 1069 2853; baseline -0.004 -18"><span class='ocrx_word' id='word_1_249' title='bbox 93 2791 150 2849; x_wconf 93' lang='lat' dir='ltr'><strong>pus</strong></span> <span class='ocrx_word' id='word_1_250' title='bbox 165 2775 362 2853; x_wconf 78' lang='lat' dir='ltr'><strong>[aclceperat</strong></span> <span class='ocrx_word' id='word_1_251' title='bbox 384 2772 424 2832; x_wconf 93' lang='lat' dir='ltr'><strong>de</strong></span> <span class='ocrx_word' id='word_1_252' title='bbox 446 2771 534 2834; x_wconf 88' lang='lat' dir='ltr'><strong>cuius</strong></span> <span class='ocrx_word' id='word_1_253' title='bbox 557 2780 642 2834; x_wconf 90' lang='lat' dir='ltr'><strong>secta</strong></span> <span class='ocrx_word' id='word_1_254' title='bbox 656 2788 724 2846; x_wconf 88' lang='lat' dir='ltr'><strong>cum</strong></span> <span class='ocrx_word' id='word_1_255' title='bbox 740 2777 951 2848; x_wconf 85' lang='lat' dir='ltr'><strong>quaereretur,</strong></span> <span class='ocrx_word' id='word_1_256' title='bbox 975 2769 1069 2831; x_wconf 88' lang='lat' dir='ltr'><strong>Scau-</strong></span> 
     </span>
     <span class='ocr_line' id='line_1_31' title="bbox 93 2854 1070 2932; baseline -0.007 -13"><span class='ocrx_word' id='word_1_257' title='bbox 93 2875 143 2919; x_wconf 91' lang='lat' dir='ltr'><strong>rus</strong></span> <span class='ocrx_word' id='word_1_258' title='bbox 164 2859 221 2918; x_wconf 84' lang='lat' dir='ltr'><strong>ait=</strong></span> <span class='ocrx_word' id='word_1_259' title='bbox 243 2856 372 2932; x_wconf 89' lang='lat' dir='ltr'><strong>„utique</strong></span> <span class='ocrx_word' id='word_1_260' title='bbox 392 2855 614 2932; x_wconf 86' lang='lat' dir='ltr'><strong>Peripateticus</strong></span> <span class='ocrx_word' id='word_1_261' title='bbox 635 2872 696 2916; x_wconf 92' lang='lat' dir='ltr'><strong>non</strong></span> <span class='ocrx_word' id='word_1_262' title='bbox 717 2854 794 2917; x_wconf 84' lang='lat' dir='ltr'><strong>est&#39;“</strong></span> <span class='ocrx_word' id='word_1_263' title='bbox 816 2856 855 2916; x_wconf 90' lang='lat' dir='ltr'><strong>de</strong></span> <span class='ocrx_word' id='word_1_264' title='bbox 876 2854 985 2914; x_wconf 89' lang='lat' dir='ltr'><strong>eodem</strong></span> <span class='ocrx_word' id='word_1_265' title='bbox 1001 2870 1070 2915; x_wconf 88' lang='lat' dir='ltr'><strong>curn</strong></span> 
     </span>
     <span class='ocr_line' id='line_1_32' title="bbox 94 2938 1070 3017; baseline -0.005 -15"><span class='ocrx_word' id='word_1_266' title='bbox 94 2943 306 3004; x_wconf 87' lang='lat' dir='ltr'><strong>consuleretur</strong></span> <span class='ocrx_word' id='word_1_267' title='bbox 325 2941 419 3002; x_wconf 90' lang='lat' dir='ltr'><strong>lulius</strong></span> <span class='ocrx_word' id='word_1_268' title='bbox 442 2941 625 3017; x_wconf 85' lang='lat' dir='ltr'><strong>Graecinus,</strong></span> <span class='ocrx_word' id='word_1_269' title='bbox 646 2941 692 3001; x_wconf 86' lang='lat' dir='ltr'><strong>vir</strong></span> <span class='ocrx_word' id='word_1_270' title='bbox 707 2939 864 3015; x_wconf 89' lang='lat' dir='ltr'><strong>egregius,</strong></span> <span class='ocrx_word' id='word_1_271' title='bbox 889 2938 963 3014; x_wconf 87' lang='lat' dir='ltr'><strong>quid</strong></span> <span class='ocrx_word' id='word_1_272' title='bbox 979 2939 1070 2999; x_wconf 89' lang='lat' dir='ltr'><strong>senti·</strong></span> 
     </span>
     <span class='ocr_line' id='line_1_33' title="bbox 95 3021 1071 3101; baseline -0.002 -17"><span class='ocrx_word' id='word_1_273' title='bbox 95 3035 151 3089; x_wconf 68' lang='lat' dir='ltr'><strong>retr</strong></span> <span class='ocrx_word' id='word_1_274' title='bbox 174 3041 259 3101; x_wconf 89' lang='lat' dir='ltr'><strong>„non</strong></span> <span class='ocrx_word' id='word_1_275' title='bbox 277 3040 417 3101; x_wconf 87' lang='lat' dir='ltr'><strong>possum,</strong></span> <span class='ocrx_word' id='word_1_276' title='bbox 431 3022 537 3101; x_wconf 79' lang='lat' dir='ltr'><strong>inquit,</strong></span> <span class='ocrx_word' id='word_1_277' title='bbox 553 3024 606 3086; x_wconf 92' lang='lat' dir='ltr'><strong>tibi</strong></span> <span class='ocrx_word' id='word_1_278' title='bbox 622 3024 733 3085; x_wconf 90' lang='lat' dir='ltr'><strong>dicere.</strong></span> <span class='ocrx_word' id='word_1_279' title='bbox 757 3021 862 3085; x_wconf 90' lang='lat' dir='ltr'><strong>nescio</strong></span> <span class='ocrx_word' id='word_1_280' title='bbox 878 3021 974 3097; x_wconf 80' lang='lat' dir='ltr'><strong>enim,</strong></span> <span class='ocrx_word' id='word_1_281' title='bbox 997 3021 1071 3098; x_wconf 90' lang='lat' dir='ltr'><strong>quid</strong></span> 
     </span>
     <span class='ocr_line' id='line_1_34' title="bbox 96 3107 1071 3186; baseline -0.006 -18"><span class='ocrx_word' id='word_1_282' title='bbox 96 3110 130 3170; x_wconf 88' lang='lat' dir='ltr'><strong>de</strong></span> <span class='ocrx_word' id='word_1_283' title='bbox 144 3110 245 3186; x_wconf 83' lang='lat' dir='ltr'><strong>gradu</strong></span> <span class='ocrx_word' id='word_1_284' title='bbox 268 3108 402 3182; x_wconf 87' lang='lat' dir='ltr'><strong>iaciat‚“</strong></span> <span class='ocrx_word' id='word_1_285' title='bbox 423 3114 578 3184; x_wconf 85' lang='lat' dir='ltr'><strong>tamquam</strong></span> <span class='ocrx_word' id='word_1_286' title='bbox 593 3108 633 3169; x_wconf 87' lang='lat' dir='ltr'><strong>de</strong></span> <span class='ocrx_word' id='word_1_287' title='bbox 647 3107 807 3169; x_wconf 88' lang='lat' dir='ltr'><strong>essedario</strong></span> <span class='ocrx_word' id='word_1_288' title='bbox 823 3107 1071 3180; x_wconf 82' lang='lat' dir='ltr'><strong>interrogaretur.</strong></span> 
     </span>
     <span class='ocr_line' id='line_1_35' title="bbox 95 3190 1098 3269; baseline -0.006 -15"><span class='ocrx_word' id='word_1_289' title='bbox 95 3193 156 3257; x_wconf 89' lang='lat' dir='ltr'><strong>llos</strong></span> <span class='ocrx_word' id='word_1_290' title='bbox 178 3192 253 3254; x_wconf 91' lang='lat' dir='ltr'><strong>mihi</strong></span> <span class='ocrx_word' id='word_1_291' title='bbox 277 3193 491 3266; x_wconf 88' lang='lat' dir='ltr'><strong>circulatores,</strong></span> <span class='ocrx_word' id='word_1_292' title='bbox 517 3194 570 3268; x_wconf 88' lang='lat' dir='ltr'><strong>qui</strong></span> <span class='ocrx_word' id='word_1_293' title='bbox 590 3192 815 3269; x_wconf 89' lang='lat' dir='ltr'><strong>philosophiam</strong></span> <span class='ocrx_word' id='word_1_294' title='bbox 833 3190 995 3251; x_wconf 90' lang='lat' dir='ltr'><strong>honestius</strong></span> <span class='ocrx_word' id='word_1_295' title='bbox 1018 3195 1098 3249; x_wconf 74' lang='lat' dir='ltr'><strong>nel</strong></span> 
     </span>
    </p>

    <p class='ocr_par' dir='ltr' id='par_1_5' title="bbox 47 3272 1100 3524">
     <span class='ocr_line' id='line_1_36' title="bbox 47 3272 1071 3353; baseline -0.007 -15"><span class='ocrx_word' id='word_1_296' title='bbox 47 3316 50 3325; x_wconf 87' lang='lat'><em>·</em></span> <span class='ocrx_word' id='word_1_297' title='bbox 96 3278 264 3351; x_wconf 81' lang='lat' dir='ltr'><strong>glexissent</strong></span> <span class='ocrx_word' id='word_1_298' title='bbox 279 3292 371 3353; x_wconf 88' lang='lat' dir='ltr'><strong>quarn</strong></span> <span class='ocrx_word' id='word_1_299' title='bbox 385 3276 537 3349; x_wconf 92' lang='lat' dir='ltr'><strong>vendunt,</strong></span> <span class='ocrx_word' id='word_1_300' title='bbox 553 3277 583 3337; x_wconf 93' lang='lat' dir='ltr'><strong>in</strong></span> <span class='ocrx_word' id='word_1_301' title='bbox 599 3275 708 3338; x_wconf 86' lang='lat' dir='ltr'><strong>taciem</strong></span> <span class='ocrx_word' id='word_1_302' title='bbox 722 3277 848 3351; x_wconf 87' lang='lat' dir='ltr'><strong>ingeret.</strong></span> <span class='ocrx_word' id='word_1_303' title='bbox 871 3272 1013 3335; x_wconf 88' lang='lat' dir='ltr'><strong>constitui</strong></span> <span class='ocrx_word' id='word_1_304' title='bbox 1028 3281 1071 3332; x_wconf 90' lang='lat' dir='ltr'><strong>ta-</strong></span> 
     </span>
     <span class='ocr_line' id='line_1_37' title="bbox 97 3359 1073 3436; baseline -0.006 -15"><span class='ocrx_word' id='word_1_305' title='bbox 97 3377 162 3423; x_wconf 89' lang='lat' dir='ltr'><strong>men</strong></span> <span class='ocrx_word' id='word_1_306' title='bbox 183 3360 387 3423; x_wconf 88' lang='lat' dir='ltr'><strong>contumelias</strong></span> <span class='ocrx_word' id='word_1_307' title='bbox 408 3361 542 3436; x_wconf 81' lang='lat' dir='ltr'><strong>perpeti:</strong></span> <span class='ocrx_word' id='word_1_308' title='bbox 571 3368 694 3421; x_wconf 90' lang='lat' dir='ltr'><strong>moveat</strong></span> <span class='ocrx_word' id='word_1_309' title='bbox 713 3360 763 3420; x_wconf 92' lang='lat' dir='ltr'><strong>itte</strong></span> <span class='ocrx_word' id='word_1_310' title='bbox 784 3359 855 3419; x_wconf 91' lang='lat' dir='ltr'><strong>mihi</strong></span> <span class='ocrx_word' id='word_1_311' title='bbox 875 3359 989 3431; x_wconf 81' lang='lat' dir='ltr'><strong>risum,</strong></span> <span class='ocrx_word' id='word_1_312' title='bbox 1013 3372 1073 3431; x_wconf 80' lang='lat' dir='ltr'><strong>ego</strong></span> 
     </span>
     <span class='ocr_line' id='line_1_38' title="bbox 97 3439 1100 3524; baseline -0.007 -21"><span class='ocrx_word' id='word_1_313' title='bbox 97 3445 228 3508; x_wconf 85' lang='lat' dir='ltr'><strong>tortasse</strong></span> <span class='ocrx_word' id='word_1_314' title='bbox 241 3443 286 3506; x_wconf 89' lang='lat' dir='ltr'><strong>itti</strong></span> <span class='ocrx_word' id='word_1_315' title='bbox 298 3443 438 3504; x_wconf 84' lang='lat' dir='ltr'><strong>lacrimas</strong></span> <span class='ocrx_word' id='word_1_316' title='bbox 451 3445 599 3519; x_wconf 87' lang='lat' dir='ltr'><strong>movebo,</strong></span> <span class='ocrx_word' id='word_1_317' title='bbox 621 3451 676 3510; x_wconf 87' lang='lat' dir='ltr'><strong>aut</strong></span> <span class='ocrx_word' id='word_1_318' title='bbox 692 3445 721 3509; x_wconf 92' lang='lat' dir='ltr'><strong>si</strong></span> <span class='ocrx_word' id='word_1_319' title='bbox 738 3445 846 3510; x_wconf 91' lang='lat' dir='ltr'><strong>ridere</strong></span> <span class='ocrx_word' id='word_1_320' title='bbox 859 3439 1100 3524; x_wconf 68' lang='lat' dir='ltr'><strong>perseverabit,</strong></span> 
     </span>
    </p>
   </div>
   <div class='ocr_carea' id='block_1_3' title="bbox 91 3521 1115 3679">
    <p class='ocr_par' dir='ltr' id='par_1_6' title="bbox 91 3521 1115 3679">
     <span class='ocr_line' id='line_1_39' title="bbox 91 3521 1115 3614; baseline -0.009 -28"><span class='ocrx_word' id='word_1_321' title='bbox 91 3530 393 3601; x_wconf 70' lang='lat' dir='ltr'><strong>prudebommquam</strong></span> <span class='ocrx_word' id='word_1_322' title='bbox 406 3526 439 3587; x_wconf 91' lang='lat' dir='ltr'><strong>in</strong></span> <span class='ocrx_word' id='word_1_323' title='bbox 452 3527 560 3608; x_wconf 87' lang='lat' dir='ltr'><strong>malis,</strong></span> <span class='ocrx_word' id='word_1_324' title='bbox 589 3535 679 3611; x_wconf 86' lang='lat' dir='ltr'><strong>quod</strong></span> <span class='ocrx_word' id='word_1_325' title='bbox 701 3533 747 3598; x_wconf 91' lang='lat' dir='ltr'><strong>illi</strong></span> <span class='ocrx_word' id='word_1_326' title='bbox 769 3551 881 3614; x_wconf 82' lang='lat' dir='ltr'><strong>genus</strong></span> <span class='ocrx_word' id='word_1_327' title='bbox 892 3526 1050 3595; x_wconf 76' lang='lat' dir='ltr'><strong>insanitas</strong></span> <span class='ocrx_word' id='word_1_328' title='bbox 1057 3521 1115 3579; x_wconf 73' lang='lat' dir='ltr'><strong>hir·</strong></span> 
     </span>
     <span class='ocr_line' id='line_1_40' title="bbox 112 3613 950 3679; baseline 0 -17"><span class='ocrx_word' id='word_1_329' title='bbox 112 3624 215 3664; x_wconf 68' lang='lat' dir='ltr'><strong>ennea</strong></span> <span class='ocrx_word' id='word_1_330' title='bbox 233 3624 302 3663; x_wconf 76' lang='lat' dir='ltr'><strong>rna.</strong></span> <span class='ocrx_word' id='word_1_331' title='bbox 321 3613 366 3667; x_wconf 86' lang='lat' dir='ltr'><strong>Ill.</strong></span> <span class='ocrx_word' id='word_1_332' title='bbox 926 3625 950 3679; x_wconf 69' lang='lat'><strong>5</strong></span> 
     </span>
    </p>
   </div>
   <div class='ocr_carea' id='block_1_4' title="bbox 0 0 1216 3862">
    <p class='ocr_par' dir='ltr' id='par_1_7' title="bbox 0 0 1216 3862">
     <span class='ocr_line' id='line_1_41' title="bbox 0 0 1216 3862; baseline 0 1"><span class='ocrx_word' id='word_1_333' title='bbox 0 0 1216 3862; x_wconf 95' lang='lat' dir='ltr'><strong> </strong></span> 
     </span>
    </p>
   </div>
  </div>
 </body>
</html>
