2422 3862
134 230 176 292 22
411 227 444 286 L.
463 227 609 288 ANNAEI
632 225 806 286 SENECAE

133 383 235 455 [enirn]
248 381 377 451 voltum,
394 378 489 438 verba
504 377 693 451 submittunt,
708 376 804 452 figunt
818 376 847 436 in
859 385 986 436 terrram
999 378 1108 438 oculos

133 474 164 526 et
178 464 360 538 deprimunt.
388 461 530 522 ruborem
546 460 604 520 sibi
620 463 791 536 exprimere
806 478 867 522 non
882 469 1028 536 possunt:
1051 476 1109 521 nec

132 547 312 625 prohibetur
333 546 382 604 hic
405 561 462 604 nec
483 545 652 605 adducitur.
686 544 765 605 Nihil
787 546 937 606 adversus
959 547 1035 604 haec
1058 562 1107 603 sa·

132 631 248 707 pientia
270 628 428 707 promittit,
454 629 527 688 nihil
549 628 683 704 proficit:
717 630 764 689 sui
786 629 860 689 iuris
882 637 966 702 sunt,
991 630 1109 689 iniussa

131 716 272 787 veniunt,
287 714 406 773 iniussa
420 713 592 772 discedunt.

102 812 121 866 s
219 800 282 859 lam
304 797 473 858 clausulam
494 798 626 872 epistula
645 797 755 872 poscit.
790 799 911 873 accipe,
936 799 1109 874 etquidem

132 885 235 944 utilem
248 898 284 942 ac
296 884 474 954 salutarem,
491 897 582 956 quam
594 889 623 940 te
637 880 773 956 adfigere
784 882 885 942 animo
899 885 986 943 volo:
1008 883 1109 956 „Ali-

133 968 219 1044 quis
235 966 431 1026 virbonus
447 965 561 1024 nobis
577 964 786 1040 eligendus
802 973 874 1039 est,
897 961 1109 1042 acsemper

132 1048 1109 1125 anteoculoshabendus,utsietamquamillospe·

133 1141 259 1197 etante
275 1132 933 1209 vivamus,etomniatamquamillo
953 1135 1110 1195 vidente

100 1220 352 1280 olaciamusf‘
374 1218 455 1287 Hoc,
472 1217 512 1275 mi
522 1217 634 1290 Lucili,
651 1218 802 1292 Epicurus
819 1220 983 1294 praecepit.
1005 1227 1108 1280 custo·

132 1307 202 1365 dem
224 1303 313 1364 nobis
336 1309 367 1362 et
387 1300 601 1377 paedagogum
623 1301 800 1377 dedit,=nec
817 1303 971 1365 inmerito:
998 1320 1110 1378 magna

131 1404 205 1464 pars
233 1393 428 1462 peccatorum
453 1386 581 1459 tollitur,
610 1385 637 1445 si
664 1388 837 1460 peccaturis
861 1388 947 1447 testis
976 1387 1107 1449 adsistit.

130 1472 273 1546 Aliquem
284 1470 396 1531 lrabeat
409 1471 542 1545 animus,
559 1479 650 1545 quem
662 1480 817 1544 vereatur,
833 1470 919 1531 cuius
931 1472 1109 1532 auctoritate

133 1555 222 1617 etiam
244 1562 396 1614 secretum
420 1569 510 1615 suum
532 1555 669 1614 sanctius
695 1556 794 1615 faciat.
829 1555 852 1615 Ο
874 1555 993 1616 lelicem
1013 1557 1107 1629 illum,

133 1639 261 1716 quinon
277 1653 427 1714 praesens
442 1644 573 1711 tantum,
596 1638 653 1697 sed
673 1640 763 1699 etiam
783 1639 933 1714 cogitatus
948 1640 1106 1700 emendati.

132 1723 310 1795 Olelicem,
332 1723 384 1798 qui
405 1723 450 1782 sic
470 1721 603 1798 aliquem
624 1723 723 1782 vereri
745 1732 862 1798 potest,
886 1731 918 1784 ut
938 1725 978 1784 ad
992 1740 1101 1785 memo·

129 1810 204 1868 riam
231 1822 356 1883 quoquo
382 1807 448 1866 eius
470 1821 504 1865 se
526 1815 681 1881 conponat
701 1815 792 1882 atque
813 1806 947 1869 ordinet!
988 1809 1040 1884 qui
1062 1810 1107 1869 sic

89 1893 261 1968 1oaliquem
281 1892 381 1951 vereri
402 1897 518 1965 potest,
543 1890 602 1950 cito
624 1892 682 1950 erit
701 1892 865 1952 verendus.
895 1892 981 1967 Elige
1001 1892 1107 1968 itaque

130 1977 289 2037 Catonem:
312 1976 339 2034 si
353 1975 402 2034 hic
416 1975 469 2034 tibi
480 1974 599 2035 videtur
609 1975 697 2035 nimis
708 1976 841 2049 rigidus,
857 1977 934 2049 elige
949 1976 1106 2037 remissio-

44 2126 45 2131 *
128 2059 172 2120 ris
187 2059 278 2118 animi
293 2059 389 2118 virum
403 2059 548 2119 Laelium.
578 2059 657 2134 elige
672 2075 756 2130 cum,
780 2061 866 2121 cuius
881 2061 934 2120 tibi
949 2061 1062 2135 placuit
1077 2069 1107 2121 et

127 2142 191 2202 vita
214 2149 245 2201 et
264 2144 361 2202 oratio
384 2147 414 2200 et
434 2140 503 2216 ipse
523 2143 655 2201 animum
681 2151 751 2202 ante
777 2145 835 2220 [se]
864 2144 966 2204 lereus
985 2147 1105 2206 voltus=

127 2227 211 2287 illum
230 2224 283 2286 tibi
305 2240 427 2300 semper
447 2226 576 2285 ostende
596 2228 646 2285 vel
669 2227 829 2287 custodem
851 2230 899 2288 vel
920 2231 1106 2304 exemplum.

129 2309 215 2386 Opus
230 2317 292 2383 est,
314 2310 453 2383 inquam,
470 2309 587 2384 aliquo,
603 2311 643 2369 ad
661 2326 751 2383 quem
766 2327 867 2372 mores
882 2313 1030 2373 nostrisa
1045 2314 1105 2388 ipsi

128 2395 265 2469 exigant:
281 2393 339 2453 nisi
354 2393 394 2452 ad
408 2394 545 2467 regulam
560 2409 656 2467 prava
670 2410 730 2453 non
746 2397 893 2470 corriges.
916 2396 1004 2456 Vale.

456 2529 676 2588 EPISTULA
698 2533 757 2588 llll.

382 2623 493 2676 Seneca
510 2627 621 2678 Lucrtto
640 2640 693 2679 suo
712 2641 851 2682 saturant.

96 2750 110 2801 1
189 2730 389 2805 Quocumque
404 2747 452 2790 me
466 2732 557 2808 verti,
578 2742 755 2809 argumenta
777 2737 943 2797 senectutis
959 2751 1046 2796 meae
1061 2736 1103 2794 vi·

126 2815 196 2875 deo.
207 2815 359 2873 Veneram
372 2816 402 2875 in
410 2814 618 2878 suburbanum
629 2835 729 2878 meum
742 2827 773 2880 et
784 2820 935 2895 querebar
946 2821 985 2880 de
997 2822 1103 2895 inpen-

126 2898 169 2958 sis
185 2896 317 2958 aedillcii
338 2898 509 2960 dilabentis.
537 2903 578 2963 ait
594 2901 700 2963 vilicus
722 2904 808 2962 milri:
830 2921 893 2979 non
913 2920 984 2964 esse
1000 2905 1103 2978 negle-

125 2980 246 3058 gentiae
261 2997 337 3041 suae
352 2983 464 3043 vitium.
486 2986 587 3046 omnia
601 3001 636 3046 se
652 2989 767 3060 lacere,
783 2989 839 3047 sed
855 2987 954 3048 villam
969 2995 1104 3048 veterem

125 3080 207 3125 esse.
231 3065 319 3124 llaec
337 3067 407 3126 villa
423 3067 501 3128 inter
514 3086 623 3130 manus
642 3087 726 3131 meas
742 3072 851 3131 crevit:
881 3072 955 3147 quid
969 3073 1043 3132 mihi
1057 3073 1102 3131 lu·

93 3157 225 3213 uturum
242 3155 302 3222 est,
325 3150 352 3208 si
372 3153 431 3211 iam
447 3154 546 3228 putria
564 3162 635 3214 sunt
655 3155 762 3216 aetatis
783 3172 870 3216 meae
885 3164 983 3216 sanat
1003 3158 1102 3217 Iratus

123 3233 165 3293 illl
177 3233 348 3308 proximam
359 3237 569 3298 stomachandi
582 3241 776 3300 occasionem
792 3241 920 3315 adripio.
943 3241 1101 3317 „adparet

123 3318 263 3392 iuquam,
288 3318 344 3378 has
371 3321 511 3395 platanos
538 3322 673 3398 neglegi:
705 3326 804 3385 nullas
830 3324 943 3385 habent
964 3324 1101 3385 frondes.

124 3416 214 3476 quam
229 3402 340 3463 nodosi
355 3411 425 3462 sunt
436 3411 466 3463 et
481 3406 622 3467 retorridi
635 3410 724 3480 rami,
742 3425 833 3484 quam
847 3411 947 3469 tristes
965 3417 995 3468 et
1009 3424 1099 3484 squa-

106 3484 296 3546 lrtlitruncil
317 3487 380 3548 lroc
395 3502 456 3548 non
472 3488 645 3565 accideret,
662 3493 692 3553 si
705 3494 774 3571 quis
786 3493 845 3554 lias
855 3494 1101 3567 circumfuderat.
