2422 3862
154 237 221 303 444
463 241 494 296 L.
508 239 647 297 nunaut
659 238 824 299 SENECAE

220 393 315 467 „Nom
332 393 433 465 inquit,
444 392 488 450 bis
498 393 580 464 pueri
590 409 703 463 sumus,
721 400 751 447 ut
761 394 848 464 vulgo
860 391 974 462 dicitur,
991 391 1045 448 sed
1064 410 1141 450 sem·

156 496 224 552 perc
240 493 340 535 verum
356 478 412 534 hoc
429 478 558 546 interest,
578 477 656 548 quod
666 477 773 532 maiora
783 476 934 532 ludimus.“

101 574 152 628 122
220 562 293 619 ltro.
315 577 340 618 c.
358 566 392 630 8,
408 565 453 620 28.
487 560 588 617 Melius
604 561 689 632 igitur
710 558 821 617 Seneca
837 560 961 615 omnium
981 558 1141 617 Stoicorum

159 646 350 714 acutissimus,
362 646 410 716 qui
421 645 505 713 vidit,
517 645 555 700 nil
568 644 644 701 aliud
655 661 720 700 esse
731 651 857 701 naturam
870 659 953 714 quam
962 643 1058 701 deum.

222 730 330 802 „Ergo,
341 730 443 800 inquit,
459 730 543 785 deum
554 745 609 783 non
622 728 812 796 laudabimus,
823 728 868 784 cui
879 728 1012 784 naturalis
1024 735 1068 784 est
1080 730 1138 786 vir—

157 818 226 870 tusi
246 830 299 870 nec
309 815 384 868 illam
396 812 492 868 didicit
503 828 539 867 ex
549 814 615 868 ullo.
626 813 710 867 immo
722 812 905 868 laudabimus.
920 812 1049 881 quamvis
1063 813 1141 868 enim

159 897 292 954 naturalis
306 897 398 963 illisit,
410 896 463 952 sibi
474 896 551 951 illam
562 895 649 966 dedit,
659 896 791 966 quoniam
801 895 872 951 deus
883 897 945 966 ipse
953 902 1053 952 natura
1065 897 1139 952 est.“

102 993 153 1049 123
221 979 292 1038 ltro.
304 980 349 1035 tib.
368 977 424 1045 VI,
435 995 461 1038 c.
472 984 523 1047 25,
533 983 561 1038 ὃ.
584 978 691 1047 Quanto
705 981 804 1036 melius
815 977 926 1036 Seneca
937 984 965 1034 et
973 981 1088 1036 verius!

222 1062 368 1132 „vultisne
380 1080 449 1134 vos,
465 1063 568 1134 inquit,
580 1063 666 1119 deum
676 1063 799 1135 cogitare
812 1079 946 1135 magnum
958 1068 985 1117 et
995 1063 1138 1134 placidum

160 1152 187 1202 el
197 1147 342 1203 maiestate
353 1147 410 1202 leni
420 1146 592 1216 verendum,
603 1148 724 1203 amicum
736 1152 763 1203 et
773 1163 886 1218 semper
896 1147 925 1200 in
935 1148 1075 1217 proximo,
1082 1163 1139 1202 non

159 1229 392 1286 immolationibus
401 1231 664 1302 etsanguiuemulto
675 1232 867 1287 colendum-
874 1246 946 1301 quae
955 1230 1031 1285 enim
1038 1237 1134 1287 extru-

161 1313 299 1370 cidatione
325 1314 529 1370 immerentium
556 1317 686 1386 voluptas
709 1319 773 1370 estt
794 1343 837 1355 -
864 1314 916 1370 sed
940 1319 1033 1369 mente
1057 1331 1139 1386 pura,

160 1399 234 1454 bono
246 1396 420 1469 honestoque
430 1399 585 1470 proposito.
606 1415 663 1454 non
677 1399 782 1471 templa
796 1398 835 1453 illi
846 1399 987 1469 congestis
1002 1399 1032 1453 iu
1049 1400 1140 1455 altitu-

161 1481 256 1537 dinem
270 1482 347 1538 saxis
365 1483 536 1538 exstruenda
552 1488 630 1539 sunta
657 1482 687 1538 in
698 1498 750 1538 suo
762 1483 862 1552 cuique
874 1483 1085 1538 consecrandus
1097 1487 1141 1538 est

159 1567 302 1636 pectore.“

102 1670 154 1725 124
222 1648 293 1704 ibid.
305 1664 329 1706 a.
342 1652 390 1720 17,
403 1654 445 1709 aa
476 1650 554 1706 Vera
568 1649 652 1721 igitur
663 1647 805 1705 Ciceronis
822 1649 869 1705 illa
881 1649 1017 1706 sententia
1031 1655 1074 1703 est
1085 1677 1137 1704 -.

159 1731 225 1786 item
236 1729 364 1788 Senecae
385 1733 419 1789 in
435 1732 543 1790 libris
559 1733 707 1790 moralis
729 1732 989 1805 philosophiae
1004 1731 1125 1805 dicentis

221 1814 291 1886 „Hic
309 1822 350 1871 est
367 1817 413 1873 ille
430 1816 515 1873 homo
533 1816 683 1887 honestus,
705 1833 761 1871 non
784 1818 863 1889 apice
881 1832 1058 1889 purpurave,
1081 1831 1140 1872 non

159 1898 286 1953 lictorum
308 1899 425 1972 insignis
446 1901 614 1970 ministerio,
638 1901 691 1957 sed
709 1902 783 1955 nulla
801 1918 832 1956 re
853 1902 960 1971 minor,
983 1901 1030 1970 qui
1051 1915 1141 1970 quum

159 1990 276 2038 mortem
295 1982 325 2037 in
341 1983 445 2040 vicinia
456 1985 546 2055 videt,
570 2000 626 2040 non
642 1985 684 2041 sic
703 1987 896 2056 perturbatur,
918 1990 1061 2055 tamquam
1078 2000 1141 2039 rem

159 2080 262 2122 novam
277 2066 389 2128 viderit,
412 2069 473 2139 qui,
491 2069 552 2126 sive
570 2074 626 2125 toto
640 2083 758 2139 corpore
771 2074 909 2124 tormenta
918 2067 1054 2140 patienda
1066 2074 1141 2135 sunt,

160 2147 221 2204 sive
237 2147 351 2205 flamma
361 2167 410 2206 ore
421 2151 558 2223 rapienda
570 2158 627 2223 est,
638 2153 699 2209 sive
713 2152 908 2209 extendendae
920 2167 973 2223 per
983 2152 1141 2224 patibulum

159 2246 273 2300 manus,
285 2246 342 2287 non
353 2236 471 2305 quaerit,
489 2236 556 2307 quid
567 2237 700 2309 patiatur,
712 2235 764 2291 sed
776 2251 857 2306 quam
869 2236 971 2291 bene.“

106 2324 155 2379 125
223 2313 349 2371 lactant.
360 2319 450 2374 bratitt
463 2323 525 2392 cpit
542 2336 567 2375 c.
578 2326 609 2391 4,
620 2323 647 2376 3.
675 2321 802 2391 Longum
819 2325 862 2375 est
877 2335 1048 2386 recensere,
1065 2334 1140 2389 quae

161 2395 197 2453 de
215 2414 323 2454 summo
342 2401 396 2456 deo
414 2405 461 2458 vel
477 2403 579 2460 Thales
595 2406 642 2461 vel
652 2403 828 2475 Pythagoras
846 2409 875 2459 et
883 2403 1078 2458 Anaximenes
1091 2418 1141 2457 an—

158 2486 217 2551 tea,
239 2484 286 2539 vel
306 2486 485 2555 postmodum
501 2485 587 2544 Stoici
604 2486 752 2544 Cleanssres
771 2493 798 2543 et
809 2485 985 2559 Chrysippus
1004 2491 1032 2542 et
1044 2486 1142 2541 Zenon

158 2565 205 2620 vel
217 2572 374 2624 nostrorum
386 2567 497 2627 Seneca
507 2569 616 2627 Stoicos
628 2577 740 2629 secutus
754 2576 781 2627 et
797 2571 859 2642 ipse
870 2570 976 2626 Tullius
989 2570 1141 2641 praedica-

158 2649 263 2720 verint,
283 2667 367 2722 quum
383 2653 521 2710 hiomues
533 2654 639 2726 etquid
655 2655 689 2712 sit
707 2655 792 2723 dous,
811 2653 928 2709 definire
941 2654 1143 2726 temptaverint

160 2736 186 2784 et
202 2733 236 2787 ab
259 2751 292 2789 eo
312 2738 373 2792 solo
390 2739 602 2810 regimundum
618 2737 827 2795 adfirmaverim
844 2754 897 2793 noc
915 2738 963 2792 ulli
981 2738 1143 2794 subiectum

160 2828 224 2869 esse
235 2824 365 2889 naturae,
377 2835 462 2891 quum
473 2823 508 2878 ob
519 2823 581 2894 ipso
594 2823 628 2878 sil
639 2822 728 2877 omnis
741 2827 838 2878 natura
848 2826 993 2892 generata.

247 2946 319 3006 XIX.
349 2951 543 3010 POSTREMA
555 2952 803 3093 cffigffiliffl
822 2952 977 3028 MORTEM
996 2954 1046 3010 ET

99 3132 151 3188 ¹²⁶
223 3141 306 3205 Tacit.
324 3149 395 3205 Ann.
411 3151 445 3206 X
447 3150 480 3219 V,
498 3166 523 3206 c.
540 3154 583 3210 63.
626 3149 660 3205 Et
683 3150 836 3206 novissimo
862 3164 974 3219 quoque
996 3157 1145 3207 momento

158 3228 353 3314 suppeditante
372 3234 531 3304 eloquentia
549 3233 694 3289 advocatis
712 3233 893 3305 scriptoribus
903 3233 1043 3303 pleraque
1055 3235 1145 3291 tradi-

158 3298 210 3374 du,
233 3316 351 3379 quaein
368 3319 471 3389 vulgus
493 3316 568 3373 edita
590 3317 649 3372 eius
668 3317 763 3373 verbis
785 3317 925 3373 invertere
948 3318 1144 3388 supersedeo.

156 3380 228 3443 lora
240 3408 265 3448 c.
284 3400 327 3456 67.
359 3399 425 3471 lpsa
441 3400 533 3456 rettuli
550 3401 639 3456 verba
655 3398 763 3469 (Subrii
780 3399 859 3456 Flavi
875 3398 978 3454 tribuni
994 3407 1147 3472 postrema

147 3475 214 3527 ante
225 3485 375 3559 mortem),
391 3484 458 3561 quia
469 3489 584 3558 nou,ul
595 3481 864 3554 Senecacmulgata
874 3488 961 3538 erant.
