2422 3862
122 211 165 274 90
382 211 415 271 L.
435 210 580 271 numam
601 209 777 272 SENECAE

122 366 250 443 cipiunt,
283 364 441 425 fastidiose
465 365 588 438 legunlr
618 362 700 424 bona
726 379 813 424 mans
839 362 983 425 omnibus
1006 361 1098 440 patet,

123 467 230 514 omnes
251 449 290 509 ad
309 449 372 509 hoe
386 463 492 508 sturnus
506 447 634 509 nobiles
663 463 720 509 aaa
733 448 820 508 reicit
834 463 1021 524 quemquam
1035 449 1099 525 phu

92 534 266 610 slosophia
284 548 343 594 neo
362 532 464 607 eligit·
493 533 637 617 omnibus
656 533 746 592 lueet
784 531 937 592 Patricius
955 530 1099 593 Socrates

122 634 184 683 non
200 618 263 678 luit.
301 616 462 678 Cleanthes
477 603 591 692 aquam
592 600 693 675 lraxit
704 622 733 674 et
746 615 875 690 rigando
887 616 976 677 horto
989 617 1101 678 loaavlt

118 718 245 765 Amanus
274 702 432 762 Platonem
451 716 514 760 nou
530 699 650 775 accepit
663 699 795 759 nobilem
809 698 1100 775 philosophasset

122 787 207 849 lesit·
231 786 304 860 quid
326 791 374 845 est
394 799 492 858 qnare
510 783 723 859 desperastis
737 789 878 879 teposso
892 784 958 844 fieri
973 792 1101 860 parem?

122 885 230 933 omnes
243 868 278 928 hi
290 867 423 930 maiores
436 869 479 928 tui
495 876 582 939 sunt
600 866 626 927 si
641 874 674 928 le
683 867 742 927 illis
754 867 836 942 geris
849 867 990 944 dignum·
1009 884 1099 943 geres

123 963 239 1027 autem,
261 954 288 1013 si
301 953 362 1014 hoo
376 952 514 1033 protinus
528 952 582 1012 tibi
596 950 805 1026 persuaseris,
822 954 938 1013 anullo
951 959 981 1013 te
992 953 1099 1014 nobili

91 1046 181 1100 state
207 1036 356 1112 superari
383 1024 547 1099 l'Omnibus
573 1034 662 1097 nohis
688 1035 813 1096 tolidem
837 1043 907 1097 ante
933 1053 993 1097 nos
1015 1044 1110 1105 strata

121 1121 233 1184 nullius
248 1137 309 1182 non
325 1117 411 1195 origo
427 1122 506 1181 moa
519 1119 697 1180 memoriam
709 1119 797 1180 iaoet.
831 1120 915 1181 Plato
930 1121 994 1194 ait,
996 1121 1098 1193 ‚aemi-

121 1222 190 1267 nem
211 1218 314 1279 regem
337 1218 400 1265 non
419 1219 465 1265 ex
473 1203 572 1265 sorvis
586 1219 657 1265 osse
675 1204 852 1313 oriundum
873 1205 1024 1264 neminem
1039 1221 1099 1266 uon

122 1305 245 1351 servum
267 1305 306 1348 ex
327 1289 484 1363 reginus‘
519 1288 628 1348 Omnia
646 1271 824 1363 istatlooga
830 1288 963 1349 amintas
978 1288 1099 1350 miscuit

91 1382 285 1436 setsursum
297 1373 442 1433 deorsum
454 1374 575 1433 fortuna
585 1373 728 1431 versavit.
764 1371 837 1446 Quis
849 1378 897 1433 est
907 1379 1099 1448 generosus?

120 1458 163 1519 ad
174 1456 313 1518 virtutem
331 1456 410 1516 bene
422 1473 441 1516 a
454 1465 562 1517 natura
576 1457 767 1532 conpositus.
800 1455 860 1521 lroa
873 1473 969 1517 unum
982 1456 1097 1518 intuso

121 1542 198 1603 dum
215 1548 281 1601 ests
305 1541 438 1616 alioquin
461 1542 489 1602 si
507 1541 548 1601 ad
562 1548 666 1601 veteru
678 1555 824 1615 aeroma,
845 1557 938 1602 namo
951 1557 1015 1602 non
1029 1542 1098 1601 inde

121 1634 188 1700 ost,¹
210 1634 284 1686 ante
303 1625 392 1700 qaod
410 1624 484 1685 situl
504 1630 560 1685 est
590 1625 722 1700 aprima
744 1625 853 1686 mnndi
870 1634 939 1686 ortu
952 1627 1097 1702 usquein

120 1710 182 1772 hoa
196 1719 315 1784 tempus
330 1708 473 1784 perduxit
486 1724 544 1769 nos
559 1725 601 1769 ex
613 1708 785 1784 splendidis
799 1710 997 1785 sordidisque
1012 1712 1097 1770 alter·

120 1803 193 1855 nala
213 1793 320 1854 sarus.
360 1793 427 1854 Non
449 1792 521 1853 larlt
539 1792 672 1855 nobilem
693 1794 800 1854 atrium
825 1795 948 1870 plenum
970 1794 1097 1854 lrmrosis

119 1876 316 1953 imaginibus
342 1892 432 1939 nemo
446 1878 477 1937 in
491 1885 629 1938 namma]
641 1878 769 1952 gloriam
780 1879 854 1938 uixit
864 1894 921 1939 nea
932 1879 1020 1954 quod
1030 1886 1098 1938 aule

120 1978 179 2023 nos
196 1961 264 2035 luit,
287 1969 429 2023 nostrum·
439 1969 500 2022 est:
523 1962 642 2023 animus
658 1961 729 2021 lesit
742 1962 889 2036 nabilem,
906 1963 955 2022 oul
970 1979 1010 2022 ex
1025 1977 1097 2038 qus·

89 2057 255 2120 serrasque
276 2044 460 2106 eondiaione
479 2061 574 2122 supra
594 2047 747 2107 lacurnam
765 2045 835 2107 lieet
848 2062 986 2122 surgere.
1002 2064 1009 2075 ·
1024 2046 1099 2107 Puta

121 2129 226 2204 itaqua
247 2135 278 2188 ta
298 2145 360 2189 noo
381 2145 453 2190 esse
472 2129 605 2207 equitem
627 2132 816 2204 Romanum,
837 2130 895 2191 sed
910 2130 1097 2192 libertinum:

121 2220 216 2288 potes·
237 2212 297 2273 noo
323 2215 488 2288 consequi,
509 2223 544 2276 ut
568 2217 657 2275 solos
676 2213 724 2274 sis
740 2213 817 2274 lilosr
836 2215 914 2275 iuter
936 2214 1096 2290 ingenuos.

120 2295 345 2372 „Quomodot“
376 2297 489 2374 inquis.
530 2297 563 2360 Si
582 2299 1097 2375 malobonaquenoupapuloau·

122 2388 206 2441 olore
227 2379 413 2442 distinxeris.
449 2382 629 2444 Intuendum
646 2391 694 2444 est
709 2399 771 2444 non
785 2384 868 2443 unde
881 2384 1021 2458 veniant,
1043 2383 1099 2444 sed

122 2480 184 2541 quo
199 2472 278 2525 eant.
317 2464 435 2542 Siquid
449 2475 511 2541 est,
534 2468 618 2542 quod
632 2466 723 2527 vitam
735 2467 855 2528 hesum
870 2473 973 2543 potest
988 2468 1098 2540 lacere,

120 2549 150 2609 id
165 2548 279 2609 bonum
295 2558 342 2610 est
356 2566 413 2612 suo
427 2550 503 2613 iure.
527 2551 688 2625 depravari
703 2550 823 2612 enimin
837 2553 1020 2612 malumnon
1033 2557 1098 2626 pot·

90 2641 176 2700 aest.
214 2631 291 2706 Quid
312 2641 360 2695 est
379 2650 468 2710 ergo,
494 2635 523 2693 in
543 2643 747 2710 quaeruntur,
771 2650 839 2695 eum
855 2650 963 2695 omnes
979 2635 1098 2695 beatam

120 2719 213 2776 vitam
235 2723 363 2791 optentl
391 2718 473 2792 quod
491 2718 690 2779 instrumenta
704 2719 770 2778 eius
786 2734 842 2794 pro
859 2719 928 2794 ipsa
941 2719 1056 2780 habent
1071 2726 1100 2778 el

121 2800 221 2873 illam,
239 2800 314 2861 diua
327 2809 449 2876 potunt,
469 2801 597 2876 lugiunt.
627 2819 698 2862 nam
714 2817 782 2862 cunr
797 2818 916 2864 summa
929 2802 1011 2862 vitas
1027 2801 1097 2862 bea·

120 2890 173 2943 tae
191 2884 231 2943 sit
252 2884 352 2945 solida
372 2885 524 2945 samnitas
537 2893 566 2947 et
583 2885 650 2947 eius
665 2886 994 2960 iaoonoussu'ssdueia‚
1017 2885 1098 2946 solli·

121 2966 268 3028 citudinis
281 2966 426 3042 coliigunt
440 2982 551 3030 causas
564 2978 595 3030 et
609 2986 664 3046 par
678 2971 859 3032 insidiosum
872 2970 1024 3031 itervitao
1038 2985 1098 3029 noo

119 3058 236 3111 tantum
257 3051 358 3111 larrmt
372 3053 525 3128 saraiam,
544 3054 601 3114 sed
615 3054 755 3115 mandata
777 3056 819 3116 ita
833 3056 957 3130 longius
968 3055 1011 3115 ab
1024 3053 1097 3114 elfe-

121 3141 171 3195 atu
193 3135 274 3206 eius,
303 3137 387 3210 qnod
408 3145 529 3212 petunt,
557 3153 680 3214 semper
700 3136 872 3200 abscedunt
891 3147 921 3200 et
942 3154 1005 3215 quo
1030 3139 1099 3214 plus

120 3233 236 3294 operae
258 3219 474 3295 inpenderunt,
496 3222 555 3283 hoo
578 3237 613 3282 ss
629 3221 729 3297 nangis
743 3223 901 3299 inpediunt
915 3231 946 3284 et
961 3223 1101 3284 teruntur

120 3309 213 3366 retro.
236 3303 321 3379 quod
332 3306 434 3367 evenit
444 3307 477 3366 ia
488 3305 661 3384 labyrintho
673 3306 925 3383 properantibus:
947 3307 1100 3383 ipsaillos

121 3387 269 3448 velocitas
283 3388 414 3464 inplicat.
449 3391 538 3451 Vale.
