2422 3862
454 266 696 320 PRAEFATIO.
1040 285 1085 322 rra

58 426 171 478 nuquam
190 409 290 460 audivit
307 409 339 458 (le
356 406 482 459 latinitate
494 405 556 457 libri
570 405 679 457 alienius
697 406 819 458 ludirium
831 407 885 458 fleri
900 424 932 459 ex
941 412 1085 475 argumenti

57 480 226 542 sommariis,
255 492 320 541 qnae
343 477 438 527 librarii
461 476 560 527 barbari
579 491 657 542 saepe
675 476 784 542 mugnis
801 478 928 543 capitibus
946 480 1086 545 appingere

57 552 155 603 solenti
170 549 264 616 petivit
282 553 368 609 antem
382 561 459 599 voees
470 545 528 596 illas
542 561 575 596 ex
588 547 700 611 sapitum
712 547 936 612 inscriptionibus,
950 557 1086 613 quaesunt

57 624 81 672 iu
96 619 243 672 Dresdensi
260 618 364 678 oodieet
384 616 413 666 in
435 616 500 666 meis
523 629 576 665 nou
592 624 667 680 sunt,
688 616 752 680 quia
768 631 818 668 non
837 617 955 673 omnibus
975 618 1086 670 librariis

57 691 124 743 idem
141 689 260 740 studium
273 687 334 738 init.
370 682 618 749 Uenerio-Oranus,
633 692 661 734 ut
678 687 754 736 etiam
767 687 794 736 in
805 687 978 753 praefatione,
997 702 1086 752 quam-

57 777 132 825 quam
152 760 187 809 de
205 773 237 809 ea
254 765 334 818 teret,
350 756 483 807 barbaram
494 753 650 806 :latinitatem
670 757 795 818 inveniat,
812 773 895 820 neque
908 764 993 808 tamen
1006 759 1041 808 ita
1053 759 1086 809 de

57 832 122 882 libro
139 831 199 896 ipso
218 829 358 893 quicquam
375 825 535 891 probaverit,
557 825 605 888 qui
626 826 658 876 ab
679 825 725 876 illa
743 827 836 877 mirum
857 834 979 890 quantum
998 828 1085 879 distat.

57 901 230 962 Quamobrem
253 903 332 948 totam
355 893 542 947 illambsaani
562 896 713 946 sententiam
737 896 769 946 (le
786 896 846 946 libri
864 897 963 965 origine
984 900 1086 949 inanem

57 971 177 1022 existimo
195 982 281 1031 nsque
297 965 520 1032 ulloflargnmento
536 967 675 1025 munitam,
696 967 747 1016 nisi
771 968 828 1029 quis
848 966 914 1017 forte
931 969 1031 1033 putabit
1046 970 1086 1020 ni-

56 1039 92 1091 hil
110 1039 226 1102 referre,
251 1045 337 1088 utrum
349 1037 397 1087 ,de
410 1042 515 1085 austere
538 1034 649 1086 libri;an
670 1036 707 1086 de
721 1036 873 1087 Dresdensis
889 1037 986 1089 oodieis
1002 1040 1086 1090 seriba

59 1118 158 1177 agatnr.
202 1107 256 1158 Sed
278 1106 392 1157 nondum
416 1104 516 1156 dimitto
538 1104 687 1168 Osannum3
715 1106 843 1169 quaesivit
863 1107 932 1158 euim
951 1107 1084 1175 deinceps,

58 1181 114 1244 quis
131 1179 177 1230 ille
197 1177 288 1238 luerit,
306 1174 473 1240 quiSeneeae
487 1174 579 1226 librum
596 1176 623 1225 in
637 1175 705 1226 bane
716 1175 838 1238 formam,
859 1191 935 1240 quam
950 1176 1085 1241 habemus,

58 1250 200 1316 redegerit,
225 1262 256 1298 ae
272 1246 415 1296 lammens
435 1245 487 1295 sibi
505 1253 544 1296 est
561 1244 691 1295 huminem
710 1245 828 1317 manibus
840 1253 925 1297 tenere
944 1256 968 1297 et
986 1255 1086 1314 partem

58 1321 112 1370 eius
127 1320 243 1382 aliquam
261 1317 289 1366 in
301 1316 385 1366 lneem
403 1315 569 1380 protraxisse.
598 1314 650 1368 Sed
667 1315 804 1374 inhaere
821 1316 848 1366 ei
864 1324 892 1365 ut
911 1316 1003 1368 Neroni
1023 1317 1084 1368 olim

60 1405 119 1440 oum,
135 1388 243 1439 divitias
262 1385 289 1436 in
312 1385 393 1452 Libya
413 1394 562 1448 quaereret,
586 1384 692 1436 mirilico
711 1385 814 1436 fortuna
837 1385 931 1446 illusit;
955 1387 1075 1438 nimirum

62 1467 89 1508 ut
102 1457 183 1510 'lariti
202 1456 236 1508 de
254 1453 355 1506 Nerone
373 1455 459 1505 verbis
479 1461 550 1515 uter,
573 1455 704 1506 (lemnon
721 1456 848 1515 auotoris,
872 1470 922 1505 non
944 1456 1028 1521 ipsius
1042 1473 1086 1508 ae·

62 1529 124 1595 getii
141 1528 221 1579 iidem
240 1526 304 1576 satis
315 1531 435 1590 eportet,
449 1525 507 1590 pari
524 1533 615 1575 eventu
633 1526 756 1576 carbones
772 1539 819 1590 pro
836 1523 956 1576 thesauro
976 1528 1083 1583 invenit.

57 1599 169 1648 Anotera
186 1609 279 1647 rursus
293 1610 359 1646 usus
372 1602 411 1647 est
427 1593 581 1644 Dresdensis
601 1595 697 1646 oodieis
721 1595 826 1654 soribu,.
846 1594 890 1656 qui
909 1601 937 1644 ut
956 1594 1004 1645 lu’t
1026 1611 1086 1662 pro·

57 1666 220 1719 laeto-bomo
238 1664 364 1730 diligam
382 1678 434 1715 uon
451 1662 537 1714 solnm
548 1678 621 1715 auam
637 1665 728 1728 cuique
741 1664 819 1729 ospiti
829 1663 928 1714 addidit
942 1664 1085 1730 inseriptio-

56 1753 131 1800 nem,
154 1735 320 1795 sedetiam,
342 1733 371 1785 id
388 1733 458 1796 quod
473 1733 545 1784 multi
562 1733 658 1785 librarii
676 1733 803 1792 iecerunt,
827 1733 873 1782 toti
889 1732 952 1782 libro
968 1733 1085 1798 praefixit

57 1808 173 1873 sopitum
189 1805 302 1856 omnium
320 1803 433 1855 indleem
450 1818 508 1853 oum
523 1802 572 1853 heo
591 1804 771 1868 inseriptioner

202 1917 206 1925 .
218 1873 350 1937 insipient
359 1906 481 1929 .......
495 1872 556 1922 iibri
569 1873 602 1923 da
616 1873 734 1923 remediis
750 1872 923 1936 formitatem.

57 1947 86 1995 ln
104 1944 165 1996 loeo
183 1940 227 1995 illo
246 1958 329 1995 vaouo
353 1957 427 1994 nemo
449 1942 625 2007 suspicabitur
647 1941 720 1992 alind
742 1940 807 2004 quid
830 1940 908 1991 latere
931 1941 981 1991 nisi
1000 1957 1086 1994 rooem

55 2016 146 2078 capita
162 2013 202 2067 sel
218 2012 347 2070 similem,
370 2012 538 2075 nequeenim
555 2011 755 2076 quod'seqnitur
770 2009 830 2061 iibri
847 2011 999 2061 vocabulum
1015 2021 1086 2078 pute-

56 2085 90 2134 rit
105 2083 281 2136 nominativus
303 2094 378 2134 ossus
392 2081 500 2148 pluralis
519 2081 618 2132 numeri
633 2096 691 2131 esse
706 2080 753 2132 sed
771 2089 808 2131 est
819 2081 955 2144 genetivus
971 2082 1086 2149 singula-

57 2158 107 2214 ris,
126 2154 188 2218 quia
205 2154 231 2202 in
249 2151 393 2203 Dresdendi
418 2151 475 2203 cod.
497 2158 526 2203 ut
550 2152 578 2201 in
597 2151 706 2214 reliquls
723 2167 789 2215 quos
806 2153 940 2212 norimus,
965 2167 1032 2203 unus
1048 2161 1087 2203 est

44 2224 122 2276 liber
139 2223 173 2275 de
191 2222 311 2274 remediis
328 2221 506 2281 fortuitorum,
529 2235 581 2272 non
606 2221 701 2286 plures.
743 2220 795 2273 sen
814 2221 842 2271 in
865 2221 922 2272 loco
942 2220 986 2272 illo
1004 2237 1085 2272 vacuo

59 2293 157 2345 Dresd·
171 2290 345 2345 sodex-babet
360 2304 413 2343 nou
431 2304 517 2342 vonam
535 2291 646 2354 aliquam
668 2292 804 2356 perspicus
824 2292 960 2357 scriptam.
984 2291 1031 2342 sed
1051 2294 1086 2342 si-

58 2379 137 2429 gnum
150 2361 300 2426 eumdem,
317 2359 388 2424 quod
402 2361 503 2411 intuens
519 2360 635 2411 Osannus
655 2375 711 2411 oum
728 2362 855 2412 obstinato
873 2363 958 2411 animo
974 2363 1086 2413 rumoris

58 2447 152 2493 nomen
168 2439 303 2495 quaereret
318 2429 466 2493 ,‚-seounda,
484 2431 581 2494 iuquit,
598 2431 704 2495 sortem
715 2431 816 2495 oceidit,
834 2439 862 2481 ut
875 2431 904 2482 id
915 2433 1086 2494 perscriptum

60 2505 86 2551 in
101 2500 322 2555 wd.,Dmdettet'
333 2499 490 2559 debeamus,
513 2500 588 2557 sech·
601 2501 669 2565 prod
687 2514 838 2564 nroprropere
863 2500 1007 2566 dolendum,
1037 2515 1087 2564 per

61 2571 242 2635 mendieos,
260 2571 332 2621 euius
350 2571 470 2621 elementa
486 2573 586 2635 intepre
603 2569 662 2621 mm
678 2571 776 2635 quidam
788 2585 843 2627 uon¹
854 2570 956 2635 eunapii
972 2574 1086 2621 extrica-

62 2643 119 2691 re.“
143 2639 275 2691 <Seounda
292 2655 353 2689 vero
370 2639 472 2691 lortunu
490 2638 534 2689 illa
551 2638 714 2691 vehementer
731 2638 859 2691 Osannum
878 2640 1006 2701 exercuit3
1027 2656 1085 2691 eum

61 2711 128 2761 enirn
148 2710 265 2761 antesin
279 2711 357 2776 signo
378 2707 424 2760 illo
442 2708 595 2760 Petrarcbae
619 2723 712 2761 nomen
735 2709 814 2761 latere
835 2711 984 2774 suspicatus
1009 2719 1085 2773 esset,

62 2780 152 2833 deinde
168 2785 194 2830 et
207 2787 324 2844 tempore
338 2778 438 2829 obstare
453 2777 577 2830 intellexit
591 2786 619 2836 et
635 2780 745 2845 primam
762 2778 871 2829 litteram
887 2779 998 2830 nominis
1014 2781 1086 2831 inre-

62 2850 98 2898 nit
114 2849 271 2906 nonP-sed
289 2847 312 2901 li
330 2862 402 2908 esse3
426 2863 515 2898 rursus
532 2848 624 2899 deinde
641 2848 755 2914 relapsus
774 2848 808 2898 ud
824 2847 984 2899 Petraroham
1001 2850 1086 2915 iuspe-

12 2967 15 2971 .
60 2919 108 2968 otis
126 2918 201 2969 libris
220 2919 277 2969 eius
299 2918 332 2969 (le
356 2917 477 2973 remediis
493 2919 625 2982 utriusque
640 2918 757 2970 fortunae
776 2918 868 2969 iterum
885 2933 943 2969 eum
959 2920 1085 2978 deseruit;

59 2987 324 3053 deniqnedesperata
342 3001 390 3041 sua
409 2987 510 3039 lortuna
528 2996 633 3044 coaetus
650 2996 691 3039 est
704 2989 815 3038 auctoris
829 3002 919 3039 nomen
937 2988 993 3039 aliis
1010 3005 1086 3052 quae·

58 3059 166 3111 rendum
180 3057 333 3122 relinquere.
370 3056 485 3109 Ceterum
498 3057 567 3124 sigui
582 3060 637 3110 eius
654 3057 795 3124 imaginem
808 3059 915 3122 exprimi
932 3059 1007 3108 iussit
1025 3073 1084 3125 pag.

60 3127 102 3183 18.
124 3143 202 3192 quom
221 3134 249 3178 ut
270 3127 336 3188 vidi,
353 3129 416 3179 satis
436 3129 522 3177 mirari
539 3143 589 3183 nun
606 3128 692 3194 potui,
709 3125 779 3190 quod
795 3127 836 3177 vir
851 3128 1024 3192 doctissimus,
1042 3129 1086 3190 qui

61 3198 186 3263 plurimos
203 3197 284 3252 libros
300 3212 364 3250 mss.
381 3197 503 3260 vetavit,
521 3212 571 3249 nou
587 3199 672 3248 statim
687 3197 748 3260 quid
765 3197 793 3247 id
809 3198 846 3247 rei
860 3204 928 3248 esset
944 3197 1085 3258 intellexit3

60 3269 182 3319 nimirum
198 3267 300 3332 scripsit
319 3266 450 3318 librarius:
472 3265 626 3332 „incipiunt
641 3267 760 3318 rubricae
777 3266 837 3316 iibri
852 3268 884 3319 de
900 3267 1016 3319 remediis
1029 3268 1086 3332 sor-

60 3339 213 3394 mitonem
232 3335 296 3387 nihil
312 3336 469 3387 aliudtenim
486 3336 609 3389 est.illnd
624 3338 802 3403 rompondium
822 3352 897 3400 quam
915 3335 974 3395 Ra,
993 3337 1086 3399 quibus

61 3406 151 3458 litteris
166 3407 284 3459 rubricae
298 3420 392 3456 nomeu
406 3407 484 3458 soribi
499 3407 575 3462 solet,

130 3478 218 3540 Itaque
237 3492 285 3541 ego
300 3476 392 3526 librum
409 3477 441 3527 de
457 3492 519 3528 rem.
545 3475 605 3531 tort.
629 3479 749 3548 exeeptis
769 3480 823 3544 iis,
848 3494 920 3546 qnae
938 3475 1033 3529 medio
1049 3487 1120 3523 aeuo

60 3546 275 3607 eiaterensem,
291 3543 405 3597 &neone
423 3547 616 3606 vindicandum
631 3561 708 3608 retus
729 3553 785 3609 leel
805 3553 884 3620 quod
896 3549 998 3619 potuis
1009 3551 1047 3596 bl·
1065 3553 1139 3604 iim

924 3620 976 3686 *u*
