2422 3862
160 225 225 290 216
450 224 483 283 L.
504 223 650 284 ANNAEI
675 222 851 285 SENECAE

119 389 152 448 1⁶1
161 396 263 457 quam.
303 377 359 438 His
384 375 637 450 adversantibus,
665 392 744 452 quac
769 376 860 437 nobis
888 377 1027 441 obtundit
1052 381 1145 457 longa

159 462 340 541 persuasio,
365 461 482 521 fortiter
502 460 565 535 pati
587 467 714 520 mortem
736 461 842 537 quidni
862 461 1031 537 gloriosum
1051 463 1092 525 sit
1115 474 1145 526 et

161 550 240 610 inter
255 545 387 606 maxima
405 560 501 620 opera
514 542 624 604 mentis
641 538 813 613 hnmanae)
828 562 908 620 quae
923 563 1089 623 numquam
1104 550 1144 608 ad

161 634 300 694 virtutem
316 635 476 703 exsurget,
492 627 659 688 simonem
674 630 787 690 malum
802 644 875 690 esse
889 631 1067 691 crediderit:
1090 649 1144 692 ex·

160 723 279 792 surget,
296 715 322 774 si
338 712 454 789 putabit
468 711 647 780 indifferens
660 729 743 772 esse.
772 713 838 774 Non
853 715 963 791 recipit
975 731 1077 776 rerum
1090 734 1144 777 na·

159 811 243 874 tura,
259 807 292 859 ut
307 795 419 872 aliquis
434 812 544 871 magno
560 797 660 856 animo
679 797 805 857 accedat
818 798 858 857 ad
872 799 919 873 ld,
936 800 1020 874 quod
1031 801 1145 861 malum

161 885 291 945 iudicat:
319 883 406 958 pigre
427 881 531 942 veniet
551 887 581 942 et
602 887 787 941 cunctanter.
816 896 877 941 non
899 890 947 942 εει
960 891 1062 944 autem
1078 886 1144 959 glo·

160 970 292 1039 riosum,
324 965 409 1041 quod
429 966 468 1025 ab
489 965 582 1025 invito
605 972 634 1025 et
656 966 876 1040 tergiversante
895 966 943 1026 fitz
974 966 1046 1027 nihil
1072 967 1145 1029 lacit

119 1053 272 1124 revictus,
288 1050 361 1125 quia
374 1064 505 1110 necesse
519 1056 576 1108 est.
604 1049 702 1108 Adice
716 1064 812 1124 nunc,
828 1050 913 1125 quod
926 1050 999 1110 nihil
1013 1050 1143 1111 honeste

160 1137 207 1211 nt,
223 1133 283 1195 nisi
300 1135 349 1194 cui
365 1140 448 1194 totus
463 1133 583 1193 animus
597 1133 734 1193 incubuit
748 1133 850 1208 adque
865 1133 981 1208 adluit‚-
996 1135 1043 1194 oui
1058 1135 1142 1194 nulla

160 1227 245 1296 parte
260 1219 309 1279 sui
322 1217 519 1293 repugnavit:
547 1217 600 1278 ubl
619 1225 720 1278 autem
741 1217 781 1276 ad
795 1219 907 1279 malum
922 1216 1076 1278 acceditur
1091 1225 1142 1277 aut

160 1305 300 1378 pelorum
315 1310 397 1363 metu
412 1309 463 1363 aut
478 1305 535 1377 spe
547 1300 711 1374 bonorum,
734 1302 772 1361 ad
798 1316 878 1376 quae
894 1302 1053 1376 pervenire
1068 1303 1141 1363 tanti

160 1387 200 1448 sit
214 1388 362 1447 devorata
377 1387 464 1446 unius
481 1385 551 1445 mali
566 1383 725 1460 patientia,
745 1384 899 1445 dissident
918 1384 997 1447 inter
1011 1401 1047 1445 se
1063 1386 1142 1446 iudi·

160 1471 209 1531 cia
230 1470 383 1531 iacientis=
409 1470 480 1530 hinc
495 1477 558 1544 est,
580 1469 664 1545 quod
683 1469 786 1530 iubeat
807 1470 967 1545 proposita
981 1469 1142 1544 perficere,

157 1555 255 1626 illinc,
273 1554 358 1631 quod
371 1553 505 1615 retrahat
519 1560 550 1613 et
560 1554 599 1613 ab
612 1569 647 1612 re
659 1561 804 1628 suspecte
816 1569 853 1612 ac
864 1552 1040 1628 periculosa
1051 1555 1143 1628 luget.

158 1638 248 1713 igitur
261 1639 291 1698 in
308 1639 432 1698 diversa
446 1638 636 1699 distrahitur=
659 1636 686 1697 si
700 1636 760 1696 hoc
775 1645 839 1710 est,
855 1638 933 1711 perit
945 1636 1053 1712 gloria.
1082 1638 1142 1696 vir-

157 1730 208 1782 tus
235 1725 316 1783 enlm
341 1722 488 1783 concordi
514 1722 615 1782 animo
647 1722 771 1781 decreta
797 1721 923 1796 peragit.
962 1737 1023 1781 non
1049 1721 1142 1794 timet,

160 1807 243 1882 quod
259 1807 339 1868 lacit

290 1890 334 1951 Tu
348 1908 385 1952 ne
400 1892 472 1952 cede
486 1893 587 1963 melis,
609 1891 664 1950 sed
675 1897 779 1950 contra
793 1889 950 1949 audentior
963 1891 1016 1962 tto,

285 1992 345 2050 qua
359 1982 410 2035 tua
423 1982 451 2036 tc
460 1974 588 2048 fortune
601 1977 686 2035 sinet.

118 2061 151 2116 19
159 2059 226 2118 Non
241 2057 299 2118 ibis
314 2059 490 2133 audentior,
512 2059 537 2118 si
553 2058 634 2118 mala
647 2058 698 2117 illa
712 2072 784 2118 esse
799 2056 978 2116 credideris.
1007 2055 1140 2116 eximen-

86 2145 101 2168 ·
160 2143 232 2203 dum
246 2140 307 2202 hoc
328 2149 486 2217 epectore
501 2151 563 2203 est:
586 2142 722 2217 alioquin
739 2139 901 2201 haesitabit
919 2140 1056 2215 inpetum
1078 2157 1142 2200 mo·

159 2235 263 2286 natura
284 2226 430 2300 suspicio.
461 2226 599 2287 trudetur
623 2226 720 2300 inid,
749 2225 834 2300 quod
853 2224 1062 2285 invadendum
1086 2231 1143 2283 est.

160 2308 262 2369 Nostri
281 2308 405 2384 quidem
420 2310 516 2369 videri
530 2311 636 2370 volunt
651 2310 785 2370 Zenonis
806 2308 1075 2382 interrogationem
1090 2324 1142 2368 vc·

158 2408 223 2453 ram
238 2408 327 2467 esse,
343 2394 480 2452 fallacem
496 2401 596 2454 autem
612 2389 735 2454 alteram
750 2401 781 2453 et
795 2392 918 2464 falsam,
937 2408 1016 2466 quac
1030 2391 1072 2451 illi
1089 2390 1142 2452 ob·
1178 2396 1182 2398 ’

158 2477 296 2552 ponitur:
319 2492 377 2551 ego
398 2492 459 2537 non
480 2477 587 2552 redigo
609 2480 668 2538 ista
687 2477 728 2537 ad
741 2478 838 2550 legem
854 2475 1043 2539 dialecticam
1057 2483 1089 2536 et
1103 2476 1143 2534 ad

156 2562 226 2623 illos
242 2560 361 2622 artificii
375 2561 618 2632 veternosissimi
633 2562 749 2622 nodos:
773 2567 866 2620 totum
881 2573 980 2634 genus
995 2560 1075 2619 istuc
1090 2573 1142 2617 cx-

157 2645 339 2706 turbandum
357 2640 475 2718 iudico,
493 2661 554 2721 quo
570 2642 780 2706 circumscribi
796 2660 847 2717 se,
863 2641 916 2717 qui
930 2644 1142 2718 interrogatur,

158 2728 310 2790 existimat
329 2737 360 2790 et
379 2729 420 2788 ad
440 2729 667 2805 contessionem
684 2727 851 2803 perductus
866 2725 950 2787 allud
963 2726 1141 2803 respondet,
1167 2805 1169 2808 .

158 2813 240 2872 aliud
256 2820 352 2887 putat.
381 2828 438 2886 pro
452 2814 579 2872 veritate
595 2812 764 2888 simplicius
779 2811 933 2886 agendum
949 2818 1012 2883 est,
1035 2817 1143 2872 contra

115 2903 269 2957 temetum
285 2897 404 2956 lortius.
432 2895 516 2955 llaec
530 2897 613 2972 ipsa,
636 2911 716 2972 quae
736 2897 902 2956 volvuntur
923 2894 1054 2969 abillis,
1080 2896 1141 2954 sol·

157 2995 230 3039 vere
248 2980 349 3038 malim
367 2987 397 3039 ct
417 2982 608 3055 expendere,
631 2988 665 3041 ut
680 2979 901 3054 persuadeam,
927 2995 989 3039 non
1004 2987 1038 3040 ut
1052 2978 1141 3052 lnpo-

157 3079 236 3122 nam.
265 3062 299 3121 In
314 3062 411 3122 aciem
424 3064 589 3125 educturus
604 3065 771 3125 exercitum
786 3080 842 3139 pro
859 3062 1040 3138 coniugibus
1056 3078 1093 3121 ac
1107 3062 1140 3120 li-

156 3146 240 3206 beris
260 3155 386 3208 mortem
408 3146 559 3208 obiturum
583 3148 739 3224 quomodo
767 3146 996 3208 exhortabiturt
1024 3147 1065 3206 do
1089 3144 1141 3206 tibi

155 3229 269 3290 Fabios
291 3239 386 3293 totum
406 3231 595 3307 reipublicae
613 3231 728 3293 bellum
753 3233 783 3292 in
809 3244 901 3292 unam
922 3231 1141 3291 transierentes

157 3315 291 3375 domum.
319 3316 460 3376 Laconas
482 3315 536 3376 tibi
558 3317 688 3376 ostendo
714 3317 744 3375 in
765 3315 844 3391 ipsis
866 3315 1141 3392 Thermopylarum

156 3399 305 3473 angustiis
321 3401 452 3476 positos.
478 3416 535 3461 nec
547 3401 704 3460 victoriam
720 3407 846 3476 sperant
857 3413 914 3459 nec
928 3399 1067 3458 reditum.
1091 3398 1141 3456 ille

90 3480 503 3599 Msoff'ffifssffbifffljffleivm
519 3484 643 3550 lutums
658 3491 722 3548 est=
745 3482 1009 3562 quemadmodum
1028 3479 1140 3541 exhor·
