2422 3862
116 225 179 289 474
285 227 316 283 L.
335 226 507 285 ANNAEUS
522 225 666 284 SENECA
682 225 929 285 CORDUBENSIS

119 383 192 438 enim
207 387 237 437 ut
252 381 308 451 sis,
322 396 379 435 non
395 382 485 436 solum
501 395 557 434 non
573 379 698 450 nocebis,
716 377 862 435 sedetiam
878 383 1013 435 nocentes
1025 395 1093 450 pro-

116 465 236 522 hibebis.
269 481 333 520 narn
355 463 423 519 nihil
444 479 545 519 nocere
567 469 679 518 nonest
700 463 819 533 iustitia,
846 462 899 518 sed
919 462 1093 519 abstinentia

118 551 203 606 alieni
220 554 271 604 est.
300 548 344 605 Ab
361 547 405 603 his
422 563 490 620 ergo
505 547 611 619 incipe,
626 553 657 603 ut
671 564 727 602 non
739 548 860 607 auferas.
886 550 914 600 et
927 544 965 601 ad
980 547 1093 601 maiora

115 633 291 705 provehere,
314 637 344 686 ut
369 632 451 686 otiam
473 633 507 687 ab
529 632 591 687 aliis
621 632 712 686 ablata
732 632 878 699 restituas3
903 634 1092 702 raptoresque

88 718 194 789 lipsos
210 733 245 771 ne
264 716 326 771 aliis
340 714 455 769 timendi
474 715 538 784 sint,
554 716 663 786 castiga
678 721 705 769 et
719 713 829 770 cohibe.
861 715 903 768 Ex
918 715 995 768 nulla
1009 715 1092 770 vocis

118 801 299 872 ambiguitate
315 799 535 853 controversiam
552 805 660 868 nectes,
680 798 732 853 sed
747 798 905 869 qualitatem
922 798 1008 853 animi
1027 815 1092 869 spe·

117 886 221 939 culare.
249 880 325 939 Nihil
339 883 386 937 tibi
403 881 520 949 intersit,
535 882 686 950 adfirmes,
702 899 738 937 an
755 883 844 937 iures:
861 881 897 937 de
912 882 1053 953 religione
1065 887 1093 936 et

116 966 172 1022 tide
203 967 277 1022 scias
304 966 351 1038 agi
372 967 539 1037 ubicumque
562 967 598 1022 de
625 967 741 1022 veritate
765 971 904 1022 tractatur.
947 981 1012 1020 nam
1038 966 1090 1021 etsi

116 1051 146 1105 in
166 1049 347 1106 iureiurando
368 1049 438 1105 deus
460 1066 517 1106 non
537 1053 738 1108 invocetur-
753 1051 837 1106 etiam
854 1065 911 1105 non
931 1049 1091 1105 invocantis

117 1134 195 1189 testis
219 1140 277 1201 est,
304 1163 340 1172 -
369 1138 462 1189 tamen
485 1151 541 1189 non
566 1135 687 1190 transies
713 1135 872 1202 veritatem,
903 1149 939 1187 ne
968 1133 1091 1189 iustitiae

88 1216 244 1274 btrunseas
260 1218 362 1290 legem.
391 1217 473 1286 Quod
490 1219 514 1273 si
535 1218 685 1289 aliquando
709 1217 858 1273 coarcteris
876 1218 915 1272 uti
930 1217 1091 1298 mendacioe

117 1307 195 1357 utere
211 1318 267 1356 non
282 1300 320 1356 ad
335 1302 399 1358 lalsi
416 1303 539 1357 fructum
554 1301 606 1357 sed
620 1301 658 1357 ad
674 1302 735 1356 veri
752 1300 917 1357 custodiam.
939 1301 1006 1355 etsi
1023 1316 1092 1356 con-

116 1385 210 1457 tigerit
227 1385 389 1440 fidelitatem
405 1385 553 1441 mendacio
568 1385 679 1455 redimi,
693 1401 750 1440 non
762 1385 914 1453 mentieris,
930 1384 984 1439 sed
997 1385 1092 1456 potius

117 1470 285 1538 excusabiS,
309 1471 374 1540 quia
393 1469 440 1525 ubi
459 1468 579 1524 honesta
600 1474 767 1537 causaest,
793 1470 881 1524 iustus
901 1474 1012 1524 secreta
1035 1481 1091 1522 nor

88 1552 219 1624 6prodit.
253 1553 371 1608 tacenda
389 1554 462 1609 enim
478 1558 565 1621 tacet,
581 1553 724 1624 loquenda
739 1553 874 1624 loquitur;
900 1557 984 1623 atque
999 1553 1038 1607 ita
1053 1550 1091 1607 it·

115 1652 173 1707 pax
190 1641 233 1692 est
251 1642 348 1709 aperta
369 1643 397 1692 et
412 1653 512 1692 secura
526 1637 720 1708 tranquillitas.
752 1637 827 1691 Haec
845 1651 913 1708 ergo
930 1636 954 1690 si
976 1635 1092 1691 studes?

117 1721 274 1788 curaveris,
300 1720 389 1775 laetus
411 1727 438 1775 ct
459 1721 614 1792 intrepidus
632 1735 731 1775 cursus
755 1721 794 1775 tui
815 1719 900 1774 finem
922 1725 1083 1790 exspectan.

116 1804 273 1875 prospicies
301 1796 401 1880 [hacc]
433 1805 523 1860 tristia
547 1802 631 1860 huius
655 1803 751 1858 mundi
778 1802 892 1872 hilaris,
921 1804 1082 1859 tumultuo.

118 1889 244 1958 quietus,
262 1891 388 1942 extrema
407 1905 533 1944 securus.

201 1971 248 2025 Vl.
271 1967 322 2044 [De
338 1970 513 2027 moderanda
526 1970 699 2043 prudentia]

89 2064 104 2118 1
179 2055 228 2110 His
244 2070 312 2126 ergo
327 2055 545 2111 institutionibus
561 2055 615 2110 hae
629 2061 748 2126 quatuor
760 2055 891 2109 virtutum
903 2053 1014 2124 species
1026 2069 1080 2125 per

118 2138 220 2193 lectum
232 2142 258 2192 te
270 2138 371 2192 sacient
385 2140 486 2207 virum,
501 2139 525 2194 si
537 2155 695 2194 mensuram
709 2137 880 2192 rectitudinis
893 2153 991 2192 earum
1001 2153 1092 2209 aequo

89 2220 235 2283 2vivendi
249 2220 305 2275 fine
321 2224 491 2281 servaveris.
519 2221 590 2277 Nam
604 2221 753 2294 prudentia
770 2223 794 2278 si
810 2221 945 2277 terminos
961 2238 1030 2276 suos
1047 2237 1083 2276 ex

119 2302 217 2372 cedat,
241 2303 358 2360 callidus
374 2321 409 2360 ac
423 2307 547 2378 pavendi
563 2305 700 2364 acuminis
714 2306 787 2378 eris,
807 2304 992 2381 investigator
1007 2307 1083 2363 laten

116 2390 184 2448 tium
202 2394 228 2447 et
244 2393 380 2447 scrutator
401 2390 637 2466 qualiumcunque
655 2410 791 2449 noxarum
812 2392 982 2449 ostenderis.
1016 2400 1094 2448 nota·

116 2478 192 2532 beris
206 2477 338 2548 minutus,
355 2475 530 2548 suspiciosus
547 2472 590 2555 [et
605 2471 809 2554 contemptus],
829 2482 960 2547 attentus,
980 2493 1094 2548 semper

117 2559 223 2633 aliquid
246 2561 360 2629 timens,
387 2555 514 2637 [semper
538 2562 644 2633 aliquid
666 2561 797 2618 dubitans
806 2554 829 2637 ,]
854 2576 966 2632 semper
987 2559 1094 2632 aliquid

117 2661 272 2717 quaerens,
300 2660 412 2715 semper
433 2646 540 2717 aliquid
563 2647 748 2713 convincens,
778 2645 871 2715 etqui
892 2644 1093 2701 subtilissimas

116 2729 293 2800 suspiciones
318 2735 381 2784 tuas
405 2728 442 2783 ad
467 2729 718 2800 reprehensionem
742 2729 860 2784 alicuius
882 2729 1025 2800 impingas
1046 2730 1094 2784 ad·

89 2813 206 2885 3missi.
239 2807 300 2885 [al’.
323 2811 360 2867 ad
382 2812 464 2867 animi
486 2814 525 2868 tui
546 2812 799 2886 apprehensionem
821 2807 988 2886 impingas]
1016 2829 1095 2866 mon·

117 2893 249 2950 straberis
271 2892 358 2966 digito
375 2902 438 2951 astu
451 2896 562 2967 plenus,
582 2897 744 2968 versipellis
760 2902 786 2950 et
802 2894 988 2967 simplicitatis
1004 2896 1095 2951 inimi·

116 2993 182 3043 cus,
207 2977 473 3050 commendatorque
496 2982 656 3052 culparum,
683 2985 711 3033 et
732 2985 873 3051 postremo
895 2995 952 3033 uno
980 2980 1094 3034 nomine

115 3060 264 3116 vocaberis
287 3077 304 3117 a
322 3064 428 3119 cunctis
449 3065 539 3119 malus
560 3062 655 3119 homo.
685 3062 716 3117 ln
733 3061 786 3118 has
807 3078 876 3135 ergo
898 3063 1029 3117 maculas
1045 3064 1095 3118 im·

115 3148 277 3200 mensurata
292 3145 441 3216 prudentia
457 3142 512 3222 [te]
527 3147 670 3220 perducet.
698 3146 862 3216 Quicunque
878 3147 906 3200 in
923 3146 972 3200 illa
986 3145 1096 3201 medio·

116 3226 155 3280 cri
170 3229 250 3282 lance
263 3229 403 3300 persistit,
424 3246 477 3285 nec
492 3233 621 3287 obtusum
639 3231 669 3285 in
687 3246 717 3284 se
734 3228 841 3300 aliquid
855 3230 940 3285 habet
960 3244 1015 3284 nec
1031 3247 1096 3286 ver-

116 3315 216 3367 sutum.

197 3392 258 3448 VII.
281 3391 334 3469 [De
349 3394 522 3452 moderanda
536 3392 785 3472 magnanimitate]

115 3483 129 3536 l
173 3479 391 3550 Magnanimitas
413 3487 503 3536 autem
527 3482 551 3538 si
575 3499 606 3538 se
629 3487 707 3538 extra
725 3481 839 3537 modum
863 3494 946 3536 suum
965 3479 1095 3540 extollat,
