2422 3862
200 260 375 324 EPISTUL.
389 262 483 323 molt.
505 263 637 324 ΜΒΝ.
659 263 717 323 ΕΡ.
727 275 769 327 ιο.
780 275 821 327 ιι.
841 273 896 340 (aa.
904 273 962 340 ro.)
1031 267 1073 333 83

95 425 167 478 tatur
188 423 220 476 et
242 420 398 490 properat.
422 413 525 488 itaque
540 415 636 475 oratio
651 415 702 473 iila
719 415 802 490 apud
816 416 981 478 Homerum
1000 435 1072 479 oon·

96 502 180 562 citata
201 508 234 560 et
255 500 325 558 sine
339 497 563 558 intermissione
579 499 609 557 in
625 514 739 559 morem
754 499 833 559 nivis
849 504 1071 576 superveniens

95 584 204 647 oratori
218 584 295 643 data
309 589 372 643 est:
393 582 471 642 ienis
486 589 517 642 et
531 582 619 642 meite
634 582 752 644 dulcior
767 585 833 644 seni
852 583 986 660 profluit.
1020 586 1101 655 Sina

94 670 195 744 itaque
213 667 311 742 habe,
332 667 421 726 istam
439 667 499 725 vim
515 666 636 727 dioendi
653 667 792 742 rapidam
807 675 900 745 atque
915 670 1072 731 abundan-

94 763 149 815 tem
163 751 318 828 aptiorem
333 766 405 811 esse
419 751 575 811 circulanti
587 766 679 826 quam
694 753 793 825 agenti
808 753 838 813 in
853 769 917 813 rem
932 769 1072 830 magnam

94 854 126 898 ae
141 837 255 898 seriam
268 835 462 910 docentique.
484 850 584 910 aeque
595 834 709 896 stillare
720 836 803 897 iilum
815 839 886 898 nola
900 855 992 914 quam
1004 855 1071 900 eur·

93 937 174 982 rerer
203 935 264 980 noe
283 919 428 980 extendat
448 935 538 980 aures
559 935 616 980 nea
636 919 755 980 obruat.
787 938 856 983 nam
877 923 927 982 iiia
948 939 1072 1000 qnoque

93 1004 196 1082 inopia
210 1011 242 1065 et
263 1003 383 1064 exilitas
402 1004 502 1065 minus
517 1004 664 1065 intentum
678 1004 848 1067 auditorem
864 1005 955 1068 habet
970 1010 1070 1069 taedio

93 1092 279 1165 interruptae
304 1088 473 1148 tarditatis:
505 1089 624 1149 faritius
644 1095 744 1148 tamen
770 1089 888 1166 insidit,
912 1093 996 1165 quod
1017 1109 1069 1153 ex·

93 1181 266 1251 spectatur,
289 1188 381 1248 quam
401 1172 486 1248 quod
505 1173 719 1248 praetervolat.
754 1174 894 1251 Denique
913 1177 1071 1236 tradere

92 1259 232 1321 homines
245 1257 406 1332 discipulis
419 1265 584 1333 praerepta
596 1257 751 1319 dicuntum
774 1275 835 1320 non
847 1259 975 1321 traditur
987 1261 1071 1336 quod

94 1344 177 1421 tagit.
225 1341 325 1403 Adioe
345 1356 439 1416 nune,
463 1343 546 1416 quod
568 1356 648 1418 quae
663 1342 780 1403 veritati
798 1358 922 1418 operam
937 1345 989 1404 dat
1004 1356 1098 1409 ora-4

92 1431 148 1500 tio,
170 1425 370 1501 inconposita
390 1425 481 1486 debet
499 1441 572 1486 esse
593 1435 624 1487 et
642 1426 788 1502 simplex:
816 1426 892 1486 haee
912 1427 1070 1503 popularis

92 1513 165 1573 nihii
178 1511 275 1572 habet
288 1510 363 1569 veri.
383 1526 509 1571 movere
521 1511 587 1571 vnit
598 1511 717 1570 turbam
732 1518 763 1571 et
776 1511 964 1571 inconsultas
980 1527 1070 1572 aures

93 1598 336 1674 inpeturapare,
348 1595 536 1655 tractandam
547 1610 582 1655 se
595 1610 656 1655 non
671 1595 810 1669 praebet,
828 1597 977 1655 aufertur:
996 1613 1070 1671 quo-

93 1681 187 1743 modo
203 1688 308 1741 autem
321 1693 429 1754 regere
446 1685 559 1755 potest,
582 1693 662 1753 qnae
677 1679 742 1752 regi
757 1693 817 1738 non
835 1685 958 1755 potestt
983 1679 1070 1753 Quid,

96 1765 179 1841 quod
194 1763 391 1836 haerentia,
415 1779 495 1838 quae
506 1763 653 1824 sanandis
665 1762 816 1822 mentibus
829 1762 1004 1837 adhibetur,
1019 1763 1071 1823 de-

95 1849 246 1910 scendero
260 1848 290 1908 in
305 1862 363 1907 nos
379 1848 490 1908 debett
507 1846 644 1907 remedia
657 1861 720 1905 non
735 1854 878 1920 prosunt,
902 1848 961 1907 nisi
975 1848 1071 1906 imno·

93 1942 207 1996 rantur.
243 1931 371 1992 Multum
392 1939 552 2007 praeterea
573 1929 665 1989 habet
682 1929 835 1991 inanitatis
850 1938 880 1991 et
895 1930 980 2007 vani,
1003 1933 1100 2007 piusn

95 2026 185 2081 sonat
200 2032 292 2094 quam
304 2016 393 2076 valet.
414 2016 557 2076 lenienda
568 2021 653 2087 sunt,
672 2030 751 2089 quae
762 2030 810 2075 me
821 2023 983 2089 exterrent,
1000 2031 1057 2076 eon

95 2103 269 2180 poscenda,
292 2115 374 2176 quae
392 2099 529 2175 inritam,
551 2098 757 2172 discutienda,
783 2116 862 2173 quaa
884 2100 1004 2175 fatiunt,
1027 2102 1072 2160 in-

94 2188 229 2249 hibenda
238 2184 368 2259 luxuria,
384 2184 582 2261 conripienda
592 2182 733 2243 avaritiae
756 2184 830 2259 qnid
842 2184 950 2245 horum
962 2184 1071 2260 raptim

95 2270 300 2350 potestiierit
321 2269 390 2345 quis
402 2266 539 2330 medieas
551 2269 580 2328 in
594 2269 721 2328 transita
734 2276 820 2329 aurat
831 2277 964 2346 aegrest
984 2269 1071 2343 Quid,

96 2357 180 2434 qnod
202 2371 241 2416 ne
261 2353 449 2429 voluptatem
470 2353 593 2429 quidem
613 2353 703 2412 ailam
720 2351 812 2413 habet
826 2354 894 2414 talis
909 2354 1071 2413 verborum

95 2443 161 2502 sine
181 2440 307 2501 deieetu
326 2437 479 2501 ruentium
497 2435 664 2513 strepitust
684 2435 748 2497 Sed
762 2445 795 2497 ut
809 2439 972 2513 pleraque,
994 2442 1102 2511 quaen

95 2525 161 2586 iieri
180 2539 279 2602 posse
299 2537 361 2582 non
377 2523 536 2598 crederes,
559 2521 743 2596 cognovisse
758 2522 832 2582 satis
848 2528 909 2581 esta
932 2522 973 2580 ita
986 2520 1073 2592 istos,

96 2611 148 2687 qui
162 2609 261 2671 verba
282 2614 498 2679 exercuerunt,
522 2605 644 2666 abunde
657 2613 706 2666 est
720 2607 815 2666 semel
830 2605 966 2664 audisse.
1000 2603 1074 2679 quid

97 2695 177 2755 enim
200 2692 275 2770 quis
302 2687 438 2766 disemo,
466 2690 540 2766 quid
562 2689 670 2750 imitari
697 2691 789 2750 velitt
822 2688 896 2764 quid
913 2688 952 2748 de
968 2704 1074 2750 eorum

97 2778 198 2840 animo
220 2777 350 2849 iudicet,
373 2792 504 2852 quorum
526 2774 622 2835 oratio
643 2774 819 2849 perturbata
834 2781 863 2833 et
885 2773 1012 2834 inmissa
1027 2780 1076 2834 est

96 2878 153 2923 nee
168 2868 272 2939 potest
284 2861 431 2936 reprimit
456 2857 717 2933 Quemadmodum
734 2875 789 2933 per
804 2859 942 2933 proclive
954 2864 1102 2920 curren-i

96 2948 168 3007 dum
181 2960 245 3007 non
259 2945 312 3006 nbi
326 2945 425 3006 visum
440 2952 502 3018 est,
521 2943 635 3025 gradus
650 2942 776 3027 sistitur,
801 2941 858 3002 sed
871 2941 993 3002 incitato
1009 2958 1076 3002 nor-

96 3031 183 3108 porie
204 3029 345 3106 pondere
369 3044 404 3089 se
423 3027 504 3103 rapit
523 3043 560 3087 aa
580 3027 701 3102 longius
718 3043 808 3101 quam
825 3027 922 3088 voluit
936 3025 1075 3086 effertur:

98 3116 142 3176 sio
155 3116 218 3177 ista
232 3111 356 3174 dioendi
371 3112 510 3174 celerius
526 3126 583 3172 nee
597 3111 627 3171 in
641 3127 698 3172 sua
710 3117 862 3186 potestate
874 3117 988 3171 estnec
1001 3111 1075 3171 satis

97 3200 212 3261 deeora
224 3197 456 3275 philosophiae,
473 3212 552 3272 quae
563 3211 680 3271 ponere
692 3196 783 3256 debet
794 3195 904 3268 verba,
921 3210 982 3255 non
995 3194 1075 3270 proi-

97 3298 182 3359 cere,
210 3290 243 3344 et
262 3280 448 3358 pedetentim
474 3280 654 3356 procedere.
691 3279 789 3354 „Quid
810 3286 906 3354 ergot
936 3295 997 3338 non
1024 3278 1107 3338 aii-8

98 3367 223 3445 qnando
235 3365 454 3442 musurgam
476 3363 607 3440 Quidnit
627 3364 1083 3439 sedsalvadignitatemorum

98 3468 188 3528 quam
208 3450 345 3530 vinienta
363 3448 422 3510 ista
442 3457 473 3510 et
488 3448 580 3510 nimia
594 3449 643 3511 vis
659 3450 756 3515 exuit.
790 3449 915 3514 habeat
926 3449 1015 3509 uires
1029 3460 1097 3504 ma-

89 3550 180 3608 gnas,
202 3533 378 3592 moderatas
392 3539 509 3595 tamen:
530 3537 688 3615 perennis
703 3540 746 3605 sit
760 3541 870 3616 unda,
888 3552 963 3600 nnn
974 3540 1124 3594 torrens·

917 3623 961 3687 δὴ
