2422 3862
170 231 234 296 274
458 233 492 291 L.
513 231 662 291 ΑΝΝΑΕΙ
682 230 858 291 SENECAE

169 399 271 444 rerum
282 388 421 442 naturam
433 379 549 441 dicere:
565 383 652 455 „ista,
665 382 704 441 de
719 380 829 457 quibus
843 383 990 457 quereris,
1006 383 1148 445 omnibus

170 469 278 527 eadem
293 474 372 526 sunt.
389 465 463 526 nulli
478 465 544 525 dari
558 464 696 524 faciliora
712 472 851 538 possunt,
868 466 924 525 sed
936 466 1079 541 quisquis
1094 484 1147 529 uo·

170 552 219 621 let,
236 550 376 625 sibiipsa
393 549 451 608 illa·
459 549 568 609 reddet
582 549 749 608 faciliora.“
765 548 942 624 quomodo?
962 552 1148 625 aequanimi-

170 642 240 694 tate.
260 635 298 695 Et
315 634 422 694 doleas
438 639 559 708 oportet
574 641 604 693 et
619 632 703 693 sitias
722 640 751 692 et
764 633 882 692 esurias
898 642 927 693 et
943 649 1107 709 seneseas,
1123 637 1149 696 si

169 719 223 778 tibi
238 719 357 792 longior
373 716 533 791 eontigerit
551 717 630 776 inter
642 715 782 776 homines
797 732 895 790 mora,
916 725 946 776 et
960 727 1103 792 aegrotes
1119 727 1150 779 et

129 813 162 870 ,9
170 802 282 877 perdas
299 801 414 875 aliquid
429 808 459 860 et
473 815 593 875 pereas.
621 799 688 860 Non
703 807 864 860 esttamen
886 801 969 876 quod
990 801 1072 875 istis,
1097 804 1150 878 qui
1181 858 1187 867 ι

168 894 198 946 ιε
215 887 482 959 circumstrepunt,
508 884 632 943 eredas:
659 882 757 943 nihil
778 883 910 944 horum
925 884 1061 945 malum
1080 894 1148 958 est,

169 969 265 1029 nihil
279 967 534 1029 intolerabile
547 975 610 1027 aut
623 966 770 1027 durum:
783 982 829 1027 ex
842 982 1041 1030 eonsensu
1059 969 1149 1030 istis

169 1060 382 1114 metusest=
412 1052 458 1112 sie
472 1058 599 1110 mortem
625 1052 712 1111 times
740 1053 896 1127 quomodo
924 1053 1045 1112 lamam.
1075 1054 1149 1130 quid

169 1143 268 1198 autem
283 1137 403 1198 stultius
421 1134 543 1196 homine
556 1134 652 1194 verba
669 1143 842 1196 metuente?
860 1136 1024 1211 Eleganter
1038 1138 1148 1197 Deme-

168 1221 244 1281 trius
260 1229 365 1282 noster
380 1221 458 1279 solet
477 1219 580 1278 dieere
601 1219 710 1278 eodem
731 1220 800 1280 loeo
822 1218 880 1280 sibi
901 1236 973 1280 esse
988 1236 1080 1280 voees
1101 1221 1146 1278 in-

169 1304 344 1378 peritorum,
361 1320 421 1380 quo
436 1309 542 1362 ventre
556 1302 694 1362 redditos
710 1304 856 1378 crepitus.
884 1305 980 1378 „quid
994 1306 1087 1376 enim,
1101 1305 1146 1363 in-

130 1389 242 1461 aequit,
257 1403 325 1447 mea
335 1388 437 1459 refert,
452 1402 575 1446 sursum
587 1385 639 1445 isti
653 1402 692 1445 an
704 1387 851 1447 deorsum
862 1393 1014 1448 sonentt“
1030 1388 1148 1462 Quanta

169 1471 320 1533 dementia
337 1479 384 1531 est
397 1469 504 1543 vereri,
520 1485 559 1529 ne
573 1469 729 1531 infameris
742 1472 781 1531 ab
794 1471 980 1531 infamibus?
1001 1471 1148 1547 quemad-

168 1556 293 1617 modum
307 1556 417 1614 lamam
434 1552 616 1614 extimuistis
637 1553 704 1614 sine
726 1570 836 1628 eausa,
858 1555 903 1614 sio
923 1562 953 1613 et
973 1555 1037 1623 illa,
1067 1571 1148 1629 quae

168 1655 332 1715 numquam
347 1639 506 1712 timeretis,
529 1637 588 1697 nisi
604 1639 685 1698 lama
699 1638 850 1698 iussisset.
879 1653 950 1698 num
966 1638 1039 1713 quid
1054 1639 1148 1698 detri-

125 1724 259 1783 tlmenti
274 1725 388 1783 laceret
401 1723 449 1782 vir
464 1721 564 1782 bonus
584 1721 699 1797 iniquis
719 1723 892 1783 rumoribus
909 1729 1060 1796 sparsus?
1101 1723 1147 1781 Ne

167 1808 256 1867 morti
272 1808 394 1882 quidem
410 1807 469 1866 hoo
485 1806 567 1880 apud
583 1822 640 1866 nos
656 1814 780 1867 noceat:
803 1813 832 1867 et
855 1806 932 1865 haee
948 1807 1057 1866 malam
1081 1806 1146 1883 opi·

167 1893 290 1951 aionem
304 1892 404 1951 habet.
433 1906 522 1950 nemo
538 1906 659 1962 eorum,
678 1891 730 1964 qui
745 1892 824 1950 illam
846 1899 1007 1961 aoeusant,
1035 1907 1147 1965 exper-

167 1983 216 2036 tus
233 1983 288 2036 est.
317 1975 435 2035 interim
450 1974 603 2034 temeritas
618 1981 666 2034 εει
681 1974 835 2047 damnare,
859 1977 942 2049 quod
957 1991 1095 2034 neseras:
1118 1983 1148 2034 at

167 2059 240 2119 illud
256 2059 327 2131 sois,
346 2075 437 2133 quam
451 2059 552 2118 multis
567 2058 649 2117 utilis
664 2059 711 2131 sit,
731 2075 822 2134 quam
837 2060 948 2120 multos
965 2060 1071 2120 liberet
1086 2068 1146 2120 tor-

167 2142 286 2215 mentis,
305 2150 448 2217 egestate,
466 2142 608 2216 querelis,
625 2141 795 2217 suppliciis,
809 2143 921 2203 taedio.
956 2144 1024 2204 Non
1040 2160 1146 2204 sumus

166 2226 308 2368 illituum
331 2233 496 2299 potestate,
530 2241 598 2285 eum
618 2242 702 2312 mors
734 2224 765 2285 in
792 2234 898 2287 nostra
920 2235 1071 2302 potestate
1099 2228 1146 2287 sit.

196 2324 253 2368 ae.

468 2445 686 2504 EPISTULA
706 2448 753 2502 IV.
783 2447 854 2517 (92.)

421 2540 531 2592 Sennea
550 2543 661 2594 Locum
683 2554 735 2593 suo
754 2553 895 2592 saturum.

144 2654 158 2705 ι
221 2642 297 2704 Puto
313 2644 390 2704 inter
401 2660 450 2703 me
460 2651 553 2719 teque
568 2647 730 2707 conveniet
740 2653 867 2705 externa
879 2646 1001 2720 corpori
1015 2646 1146 2721 adquiri,

166 2739 281 2800 eorpus
296 2728 326 2786 in
345 2728 495 2787 honorem
512 2729 602 2787 animi
620 2731 694 2805 ooli,
715 2731 745 2788 in
761 2729 861 2790 animo
877 2745 949 2790 esse
970 2737 1074 2804 partes
1091 2729 1147 2789 mi-

166 2809 295 2883 nistras,
321 2826 376 2883 per
398 2827 475 2883 quas
504 2828 662 2873 movemur
682 2814 865 2889 alimurqne,
894 2821 1021 2888 propter
1045 2815 1146 2888 ipsum

167 2891 336 2966 principale
353 2894 441 2953 nobis
458 2895 555 2955 datas.
599 2897 633 2954 In
649 2898 709 2958 hoe
725 2899 886 2974 principali
907 2904 955 2958 est
969 2898 1083 2970 aliquid
1102 2900 1145 2956 in·

165 2975 322 3058 rationale,
340 2985 387 3036 est
398 2985 428 3037 et
442 2977 605 3039 rationale:
620 2981 695 3042 illud
707 2981 777 3041 huie
790 2983 891 3042 servit.
911 2982 970 3042 hoo
982 2998 1076 3040 unum
1089 2991 1145 3055 est,

166 3059 251 3134 quod
267 3059 326 3120 alio
341 3077 401 3120 non
417 3062 554 3136 retertur,
571 3064 627 3124 sed
643 3066 745 3126 omnia
761 3067 799 3125 ad
815 3082 850 3125 se
865 3067 988 3141 perfert.
1011 3082 1080 3124 nam
1096 3065 1146 3123 illa

167 3159 292 3219 quoque
303 3144 406 3205 divina
420 3148 496 3207 ratio
513 3148 653 3209 omnibus
667 3150 842 3226 praeposita
854 3158 911 3222 est,
929 3149 999 3223 ipsa
1010 3150 1068 3209 sub
1080 3150 1146 3208 nul-

165 3226 194 3286 lo
211 3235 273 3288 est:
289 3228 409 3290 ethaeo
423 3237 524 3291 autem
540 3239 645 3293 nostra
660 3235 767 3294 eadem
784 3243 847 3306 est,
870 3250 950 3309 quae
966 3249 1005 3292 ex
1022 3234 1074 3293 illa
1088 3239 1144 3292 est.

135 3309 198 3372 asi
214 3311 252 3370 de
267 3311 326 3373 hoo
340 3314 417 3374 inter
431 3332 489 3375 nos
502 3317 657 3391 convenit,
680 3319 817 3393 sequitur
838 3325 871 3379 ιιι
892 3319 931 3377 de
952 3319 1003 3377 illo
1020 3331 1146 3392 quoque

166 3397 336 3470 conveniat,
352 3399 386 3456 in
402 3396 558 3460 noe'uno
573 3401 1003 3476 positomessebeatam
1019 3402 1144 3472 vitam,

164 3487 203 3539 ut
217 3481 252 3539 ln
269 3480 386 3542 nobis
401 3484 501 3544 ratio
518 3485 695 3558 perleota
710 3487 769 3545 sit.
798 3486 874 3546 haee
891 3487 970 3547 enim
993 3488 1061 3546 sola
1082 3499 1142 3544 non
