2422 3862
155 233 218 299 326
447 235 479 295 L.
498 234 645 295 Annam
666 234 839 296 SENECAE

453 439 668 497 EPISTULA
688 441 722 496 V.
745 442 834 512 (loo.)

408 534 519 587 Seneca
537 536 648 587 Lucrino
665 547 716 586 suo
733 547 872 586 sacurem.

127 652 142 704 1
216 637 377 698 Fabiani
404 636 553 713 Papirii
580 637 719 711 libros,
748 638 800 712 qui
827 637 1033 696 inscribuntur
1062 645 1133 712 [ur-

133 723 257 804 ⁵tium]
283 722 471 795 civilium,
496 720 608 795 legisse
633 728 664 782 te
689 719 887 795 cupidissime
913 720 1077 795 scribis,
1103 731 1134 784 et

154 823 228 867 non
261 805 523 880 respondisse
553 803 847 879 exspectationi
876 811 980 864 tuae=
1019 805 1134 866 deinde

154 889 301 952 oblitus
317 888 362 947 de
384 886 623 962 philosopho
639 887 699 963 agi
717 886 1030 961 conpositionem
1047 889 1132 949 eius

154 986 330 1033 accusas.
373 969 449 1032 Puta
465 986 551 1044 esse,
573 971 656 1044 quod
672 971 748 1030 dicis
766 978 796 1031 et
813 968 929 1031 effundi
943 971 1053 1044 verba,
1069 988 1131 1033 non

154 1055 222 1130 ligia
251 1053 379 1129 primurn
402 1052 495 1114 habet
516 1053 574 1114 ista
594 1071 644 1114 res
668 1070 754 1115 suarn
774 1054 901 1128 gratiam
921 1060 951 1113 et
969 1062 1018 1115 est
1037 1055 1133 1116 decor

154 1139 297 1214 proprius
313 1137 458 1198 orationis
474 1138 581 1198 leniter
594 1139 711 1214 lapsae.
739 1138 864 1198 multum
881 1137 961 1196 enirn
980 1138 1141 1198 interesse.

153 1220 303 1295 existimo,
317 1229 417 1282 utrum
432 1220 579 1281 exciderit
590 1237 628 1281 an
640 1221 775 1282 fluxerit:
790 1237 871 1281 nunc
883 1221 912 1280 in
924 1220 984 1281 hoc
996 1236 1130 1296 quoquc,

123 1305 238 1380 aquod
252 1301 389 1366 dicturus
404 1320 481 1378 sum,
496 1304 603 1379 ingens
619 1302 790 1381 differentia
804 1311 860 1364 est.
889 1304 1043 1364 Fabianus
1056 1304 1129 1364 milri

153 1405 213 1451 non
229 1388 386 1449 effundere
399 1389 518 1449 videtur
529 1389 705 1460 orationem,
720 1389 775 1449 sed
792 1389 933 1448 sundere:
956 1387 1033 1449 adeo
1045 1388 1130 1462 larga

152 1479 199 1534 est
214 1480 244 1533 et
257 1473 324 1533 sine
338 1470 581 1547 perturbatione,
602 1487 663 1533 non
684 1473 751 1532 sine
766 1488 859 1532 cursu
876 1477 976 1531 tamen
989 1470 1129 1531 veniens.

151 1554 226 1617 illud
242 1558 334 1632 plane
349 1556 459 1616 latetur
473 1565 503 1615 el
517 1557 659 1631 praefert,
674 1571 734 1615 non
753 1571 824 1616 esse
838 1562 994 1615 tractatam
1006 1570 1063 1614 nec
1076 1555 1130 1615 diu

150 1646 270 1700 tortam.
314 1639 376 1699 Sed
392 1640 448 1713 ita,
468 1647 501 1700 ut
516 1640 574 1712 vis,
590 1654 662 1700 essa
676 1640 852 1699 credamus=
874 1654 975 1698 mores
989 1637 1049 1710 ille,
1065 1655 1128 1698 non

150 1722 246 1782 verba
270 1721 435 1797 conposuit
464 1730 493 1783 et
520 1723 626 1783 animis
652 1721 777 1798 scripsit
802 1723 875 1795 ista,
905 1737 964 1783 non
990 1721 1127 1780 auribus.

122 1804 310 1873 aPraetcrea
333 1805 546 1881 ipsodicente
567 1823 627 1866 non
649 1816 792 1867 vacasset
812 1806 865 1867 tibi
886 1805 1128 1880 panesintuer12

151 1890 229 1950 adeo
243 1898 273 1951 tc
288 1906 406 1950 summa
425 1891 592 1965 rapuisset,
619 1898 650 1952 et
669 1891 747 1965 lere,
773 1905 853 1964 quae
872 1889 977 1963 inpetu
995 1887 1127 1962 placent,

150 1973 249 2034 minus
266 1981 424 2049 praestant
437 1973 477 2033 ad
493 1990 614 2034 manum
628 1975 731 2034 relata.
752 1975 808 2033 sed
821 1972 896 2033 illud
911 1987 1035 2047 quoque
1051 1973 1127 2030 mul·

150 2062 212 2116 turn
234 2065 283 2118 est
304 2055 401 2132 primo
422 2057 572 2132 adspectu
592 2059 699 2117 oculos
714 2071 900 2132 occupasse,
922 2055 1040 2115 etiarnsi
1054 2070 1126 2114 con·

126 2139 303 2214 atemplalio
320 2140 448 2214 diligens
463 2139 622 2200 inventura
636 2146 692 2211 est,
710 2141 794 2215 quod
812 2147 926 2213 arguat.
971 2138 1004 2198 Si
1018 2153 1068 2197 me
1082 2138 1126 2197 in·

148 2227 303 2296 terrogas,
327 2223 425 2282 maior
445 2223 494 2281 ille
514 2231 576 2297 est,
598 2224 650 2299 qui
664 2223 807 2284 iudicium
829 2222 952 2282 abstulit
967 2238 1059 2297 quam
1075 2221 1127 2296 qui

151 2304 273 2364 meruit:
296 2311 326 2364 ct
340 2306 405 2365 scio
420 2305 501 2365 hunc
515 2305 655 2367 tutiorem
672 2322 752 2379 essa,
769 2309 834 2366 scio
848 2305 996 2366 audacius
1011 2303 1072 2365 sibi
1088 2305 1128 2365 de

150 2386 251 2448 lutuno
268 2388 453 2463 promittere.
478 2391 574 2450 oratio
599 2389 728 2450 sollicita
748 2389 965 2465 philosophum
986 2404 1048 2447 non
1073 2388 1127 2448 de·

150 2479 212 2532 cet:
234 2472 286 2532 ubi
300 2471 422 2532 tandem
438 2474 494 2533 erit
509 2474 594 2534 lortis
610 2481 639 2533 et
654 2480 814 2546 constans,
829 2472 881 2532 ubi
895 2471 1064 2547 periculum
1079 2473 1128 2531 sui

119 2555 248 2631 slaciet,
265 2555 318 2632 qui
332 2555 416 2617 timet
430 2557 554 2618 verbis?
591 2557 744 2617 Fabianus
759 2573 820 2617 non
835 2563 901 2616 erat
914 2556 1081 2630 neglegens
1096 2555 1128 2614 in

150 2640 300 2715 oratione,
329 2640 385 2701 sed
406 2657 545 2702 securus.
577 2640 680 2716 itaque
700 2639 773 2700 nihil
792 2639 930 2700 invenies
952 2639 1127 2700 sordidum=

149 2724 245 2783 electa
272 2724 366 2784 verba
389 2730 473 2798 sunt,
499 2742 560 2786 non
587 2731 708 2799 captata
727 2739 785 2784 nec
804 2722 894 2784 huius
919 2723 1017 2782 seculi
1041 2737 1129 2782 more

149 2814 254 2865 contra
269 2814 405 2867 naturam
421 2823 507 2868 suarn
523 2807 624 2883 posita
638 2815 668 2868 et
682 2807 812 2881 inversa,
830 2806 992 2882 splendida
1016 2815 1127 2879 tamen,

149 2889 289 2963 quamvis
311 2895 469 2948 sumantur
487 2907 506 2951 e
523 2889 640 2952 medios
663 2907 774 2952 sensus
794 2890 941 2951 honestos
962 2895 993 2949 et
1011 2890 1129 2963 magni-

148 2970 226 3030 ticos
241 2971 353 3043 habes,
369 2988 431 3032 non
447 2984 570 3037 coactos
585 2976 615 3034 in
631 2975 824 3048 sententiam,
838 2975 896 3034 sed
909 2974 999 3034 latius
1017 2973 1128 3033 dictos.

148 3054 339 3129 Videbimus,
356 3057 428 3130 quid
440 3073 549 3132 parurn¹
559 3057 691 3120 recisum
703 3059 750 3131 sit,
765 3058 836 3133 quid
849 3073 956 3132 parum
969 3063 1128 3135 structum,

149 3137 223 3213 quid
243 3152 304 3198 non
322 3138 413 3200 huius
434 3141 567 3203 recentis
588 3143 751 3217 politurae:
779 3157 847 3202 oum
869 3139 1129 3215 circumspexeris

119 3222 258 3293 somnia,
275 3223 373 3283 nullas
390 3223 507 3284 videbis
523 3225 679 3299 angustias
694 3225 801 3286 inanis.
837 3225 924 3286 Desit
937 3239 1014 3282 sane
1030 3223 1129 3283 varic-

147 3313 195 3367 tas
210 3322 392 3367 marmorum
408 3315 438 3367 et
452 3309 614 3368 concisura
628 3324 775 3382 aquarum
790 3307 939 3368 cubiculis
950 3303 1129 3366 interfluen-

147 3390 220 3451 tium
235 3398 266 3451 et
283 3391 427 3464 pauperis
444 3392 521 3450 cella
536 3397 566 3449 et
581 3390 727 3464 quicquid
744 3392 824 3451 aliud
840 3391 959 3451 luxuria
974 3405 1038 3450 non
1054 3405 1129 3450 con·

147 3481 229 3536 lenta
249 3475 362 3534 decore
383 3473 513 3546 simplici
535 3472 656 3532 miscet:
685 3474 768 3549 quod
789 3474 848 3532 dici
871 3474 964 3545 solet,
991 3472 1130 3533 domus
