2422 3862
130 250 194 316 356
425 252 458 314 L.
478 248 626 312 ANtht
648 250 831 313 SENECAE·
898 286 901 291 -

131 406 205 466 bus:
229 405 312 481 quod
328 411 480 480 superest,
495 405 622 487 segnius
638 411 668 464 et
683 404 855 479 languidius
871 409 964 464 estet
981 403 1117 478 propius.

131 505 150 549 a
164 490 233 550 linc.
254 489 358 564 itaque
373 495 434 548 toto
450 488 509 548 hoc
524 504 650 562 agamus
666 488 766 549 animo
782 494 812 549 et
826 486 959 561 omissis
975 485 1118 562 adquae

131 574 333 653 devertimur,
352 573 381 632 in
404 588 468 632 rem
490 589 579 631 unam
601 571 789 646 laboremus,-
809 587 848 631 ne
868 570 947 630 hanc
962 570 1109 645 temporis

130 655 335 732 pernicissimi
356 656 553 734 celeritatem,
581 671 673 730 quam
693 657 822 716 retinere
849 670 909 714 non
930 669 1108 728 possumne,

129 740 227 802 relicti
247 742 369 801 dentum
393 740 614 819 intellegamus,
649 739 795 814 primus
822 738 991 814 quisque
1017 745 1109 798 tam-

131 841 239 900 quam
253 825 431 898 optimus
454 822 536 883 dies
558 826 677 898 placeat
695 830 724 882 et
744 823 899 896 redigatur
914 824 945 881 in
961 828 1109 881 nostrum.

89 909 219 984 tttquod
237 907 313 982 rugit
326 907 538 982 occupandum
555 916 610 967 est.
654 909 737 966 Haec
755 923 815 967 non
836 905 951 980 cogitat
970 905 1036 976 illc,
1060 906 1111 979 qui

131 991 318 1066 grammatici
340 991 437 1050 oculis
460 990 684 1050 carmenistud
707 991 793 1065 legit,
817 989 903 1049 ideo
926 989 1111 1064 optimum

132 1089 321 1149 quemque
346 1075 501 1150 primurn
523 1089 612 1134 esse
634 1076 744 1148 diem,
769 1073 988 1148 quiasubeunt
1004 1073 1109 1143 morbi,

132 1157 204 1232 quia
221 1165 364 1218 senectus
381 1159 490 1232 premit
501 1164 531 1216 ct
545 1158 645 1218 adhuc
657 1157 895 1218 adulescentiam
907 1157 1110 1231 cogitantibus

131 1258 226 1315 supra
251 1249 342 1318 caput
364 1241 508 1315 est,>sed
531 1241 571 1302 ait
584 1243 751 1316 Vergilium
772 1257 896 1317 semper
913 1257 974 1300 una
996 1255 1111 1314 ponere

131 1327 285 1387 morbos
312 1332 347 1386 et
372 1331 628 1385 senectutem=
657 1343 718 1386 non
745 1326 936 1385 mehercules
961 1323 1110 1384 inmerito.

88 1414 123 1470 tc
131 1416 273 1470 senectus
290 1412 369 1469 enim
386 1409 563 1469 insanabilis
576 1410 700 1484 morbus
717 1418 772 1470 est.
799 1409 989 1482 „Praeterea
1004 1408 1109 1482 inquit,

131 1493 193 1553 hoc
206 1494 355 1554 senectuti
376 1507 545 1568 cognomen
564 1494 712 1569 inposuit,
736 1495 885 1554 tristem
908 1493 988 1550 illam
1006 1498 1110 1551 vocate

295 1580 420 1638 subeam
432 1579 527 1638 morbi
539 1582 727 1653 tristisque
740 1587 880 1638 senectus.

131 1661 190 1721 alio
207 1662 274 1720 loco
291 1661 377 1721 dicit:

213 1749 415 1821 pollentesque
429 1746 563 1805 habitant
575 1746 671 1805 morbi
682 1748 830 1819 tristisque
845 1746 1003 1804 senecms.“

130 1828 196 1888 Non
218 1835 279 1901 est,
303 1830 387 1905 quod
407 1829 525 1889 mireris
548 1845 587 1888 ex
609 1829 715 1888 eadem
737 1830 861 1887 materia
875 1827 941 1888 suis
956 1840 1112 1901 quemque

132 1911 242 1972 studiis
255 1921 327 1988 apta
338 1913 497 1988 colligere:
514 1912 544 1972 in
560 1913 668 1972 eodem
681 1919 766 1987 prato
778 1913 834 1972 bos
847 1910 972 1971 herbam
984 1910 1112 1990 quaerit,

88 1995 216 2055 boconis
232 1997 396 2071 leporem,
407 1997 525 2057 ciconia
543 1999 695 2056 lacertam.
740 1995 813 2055 Cum
831 1994 986 2055 Ciceronis
1003 1992 1112 2053 librum

130 2079 175 2138 de
209 2081 413 2154 republica
441 2080 562 2155 prendit
586 2079 657 2139 hinc
685 2080 859 2155 philologus
885 2077 1012 2153 aliquis,
1041 2077 1113 2136 hinc

130 2164 355 2235 grammaticus,
370 2164 441 2223 hinc
460 2163 672 2239 philosophiae
687 2163 823 2237 deditus,
840 2162 917 2223 alius
933 2162 992 2222 alio
1008 2176 1113 2221 curam

131 2259 219 2304 suam
235 2247 335 2306 mittit:
360 2247 563 2324 philosophus
579 2248 744 2307 admiratur
766 2254 870 2307 contra
892 2246 1037 2307 iustitiam
1053 2245 1114 2304 dici

131 2334 191 2387 tam
207 2330 299 2403 multa
313 2329 463 2404 potuisse.
486 2347 553 2391 curn
570 2332 610 2391 ad
627 2331 705 2391 hanc
721 2332 857 2390 eamdem
874 2333 1035 2390 lectionem
1048 2329 1114 2405 phi-

131 2412 252 2489 lologus
265 2415 405 2489 accessit,
418 2415 477 2474 hoc
490 2416 648 2476 subnotat:
669 2415 748 2474 duos
759 2417 916 2476 Romanos
929 2429 1020 2489 reges
1032 2429 1114 2487 esse,

100 2510 262 2570 Lquorum
285 2498 361 2558 alter
384 2507 498 2573 patrem
520 2499 699 2570 nonhabet,
723 2500 798 2558 alter
816 2505 958 2558 matrem:
983 2513 1053 2558 nam
1075 2499 1115 2556 de

131 2578 229 2658 Servii
245 2587 340 2656 matre
355 2582 517 2644 dubitatur.
547 2584 625 2642 Anci
643 2590 730 2657 pater
749 2583 864 2643 nullus:
884 2583 1001 2660 Numae
1014 2597 1114 2658 nepos

90 2663 250 2745 aldiilll'lrr,
294 2665 454 2727 Praeterea
472 2674 654 2743 notateum,
676 2683 765 2741 quem
789 2683 847 2727 nos
868 2667 1047 2727 dictatorem
1069 2667 1114 2725 di-

132 2735 317 2834 clihilbfbriu
332 2751 466 2811 historiis
485 2752 525 2811 ita
539 2751 687 2810 nominari
702 2749 847 2825 legimus,
868 2752 952 2826 apud
968 2752 1115 2826 antiquos

132 2827 355 2902 mergitsttrllm
380 2835 515 2908 populi
543 2840 695 2894 vocatum.
728 2835 883 2910 hodieque
910 2833 941 2894 id
963 2841 1065 2895 exstat
1085 2835 1114 2892 in

134 2912 329 2989 auguralibus
352 2916 435 2977 libris
459 2926 488 2978 et
510 2918 712 2979 testimonium
729 2927 790 2991 est,
815 2918 915 2994 quod,
938 2919 1047 2993 qui-ab
1064 2919 1116 2976 illo

133 2983 518 3075 nominamiltmti'glbtcr
539 3003 709 3077 equitum
724 3009 781 3062 est.
824 3004 935 3077 Aeque
952 3008 1037 3063 notat
1053 3003 1114 3063 Ro·

133 3078 244 3136 mulum
262 3082 379 3153 perisse
395 3084 674 3161 solisdeiectione:
697 3087 946 3160 provocationem
964 3086 1115 3162 adpopu-

101 3146 614 3243 ilmmltttahimssltgtmltdtblssez
637 3170 667 3228 id
683 3170 724 3229 ita
738 3170 766 3229 in
787 3169 1012 3245 pontificalibus
1030 3169 1116 3243 libris

89 3225 369 3337 erammutham
388 3236 738 3329 potamiaemuesaua.
781 3253 917 3314 eosdem
932 3254 1120 3334 rimosam

133 3316 516 3410 grammaaccsualucdrq
531 3321 1120 3416 pahhmtutluulbapassamcapsc

133 3399 1119 3502 dtataurceramluculmddpsauraqolrnaatanumceum

132 3467 1118 3621 laaliiaqpmlaictalstaabeanaaaannaalsa
