2422 3862
265 245 434 307 EPISTUL‚
450 246 543 306 MOR.
566 247 638 306 LIB.
650 249 688 307 V.
711 246 766 306 ΕΡ.
778 255 805 310 9.
827 252 898 322 (49.)
1010 247 1069 312 101

95 402 232 478 adparet,
258 401 326 462 sive
342 398 414 476 quia
428 400 585 460 admoveri
600 400 696 460 lineas
711 397 826 474 sentio,
850 400 917 461 sive
933 400 1004 475 quia
1019 403 1070 462 ad-

93 487 214 548 tendere
243 485 335 560 eoepi
360 492 390 544 ct
415 491 581 559 conputare
602 484 744 544 damnum
765 500 874 545 meum.
911 485 956 546 Eo
975 487 1100 560 magist

94 571 190 646 itaque
217 569 406 642 indignor
430 568 586 643 aliquos
612 583 656 627 ex
681 567 753 628 hoc
778 576 964 643 tempore,
988 572 1071 644 quod

95 655 235 715 sulficere
253 668 293 712 ne
308 653 348 712 ad
363 652 540 713 necessaria
555 651 676 727 quidem
695 659 811 727 potest,
835 651 953 714 etiamsi
969 660 1070 714 custo·

95 737 181 798 ditum
197 737 433 812 diligentissime
447 736 551 810 luerit,
575 736 608 795 in
631 751 874 811 supervacua
889 738 1071 797 maiorem

94 829 238 896 partem
255 836 430 894 erogare.
465 820 561 894 Negat
576 819 696 894 Cicero,
717 821 743 879 si
762 820 932 895 duplicetur
947 820 1004 881 sibi
1021 837 1070 880 ae-

93 912 149 980 tas,
173 905 347 964 habiturum
364 919 399 964 se
413 912 551 978 tempus,
575 919 636 979 quo
653 904 733 979 legat
747 903 879 982 lyricos:
903 905 1012 966 eodem
1026 907 1070 966 lo·

93 1005 126 1050 co
140 993 243 1066 [poue]
260 986 513 1048 dialecticosa
542 987 656 1048 tristius
674 989 767 1062 inepti
783 997 863 1050 sunt.
892 989 932 1048 illi
947 1005 985 1050 ex
1001 1006 1070 1064 pro·

94 1074 175 1135 lasso
196 1070 376 1144 lasciviunt,
400 1069 431 1130 hi
451 1087 542 1146 agere
559 1072 646 1146 ipsos
662 1072 775 1146 aliquid
790 1073 971 1134 existimant.
1008 1073 1098 1137 Necd

93 1173 147 1232 ego
168 1171 251 1231 nego
274 1153 491 1230 prospicienda
511 1156 583 1228 ista,
608 1157 663 1216 sed
680 1156 897 1230 prospicienda
913 1162 1025 1217 tantum
1042 1164 1071 1216 et

93 1257 109 1301 a
128 1240 233 1302 limine
255 1238 416 1298 salutanda
436 1236 466 1297 in
488 1238 547 1298 hoc
568 1256 676 1314 unum,
697 1255 735 1299 ne
750 1241 843 1301 verba
858 1239 946 1301 nobis
962 1241 1071 1302 dentur

92 1331 120 1385 el
139 1324 258 1398 aliquid
278 1324 307 1382 in
329 1323 388 1382 illis
412 1338 484 1382 esse
505 1323 605 1398 magni
625 1339 662 1384 ac
679 1323 789 1384 secreti
803 1325 875 1385 boni
890 1324 1070 1385 iudicemus.

94 1408 168 1483 uuio
186 1413 214 1467 ιε
229 1413 358 1482 torques
375 1412 404 1466 ει
418 1422 555 1467 maceras
570 1407 598 1467 in
616 1423 653 1468 eo
669 1407 865 1482 quaestione,
891 1424 981 1482 quam
998 1409 1069 1469 sub-

91 1492 172 1553 tilius
194 1497 243 1551 est
263 1491 488 1564 contempsisse
512 1506 602 1566 quam
624 1491 767 1551 solveret
799 1490 899 1552 securi
921 1498 968 1552 εει
986 1499 1069 1551 etex

92 1576 256 1636 commodo
271 1574 428 1650 migrantis
444 1574 557 1634 minuta
570 1574 767 1651 conquirere:
791 1592 858 1634 cum
870 1575 967 1634 hostis
980 1575 1072 1634 instat

93 1669 207 1735 atergo
224 1667 255 1720 et
267 1674 392 1719 movere
406 1673 441 1718 se
455 1656 559 1720 iussus
575 1667 623 1720 est
637 1658 738 1732 miles,
761 1658 930 1719 necessitas
948 1657 1070 1732 excutit,

94 1743 241 1819 quicquid
257 1759 318 1819 pax
333 1741 432 1803 otiosa
444 1743 615 1817 collegerat.
650 1743 716 1803 Non
729 1749 817 1802 vacat
828 1741 897 1801 milri
911 1741 1004 1801 verba
1016 1741 1098 1811 dur

92 1828 140 1887 bie
156 1827 300 1888 cadentia
315 1826 485 1887 consectari
500 1835 530 1887 et
545 1825 691 1885 vafritiam
706 1825 736 1884 in
748 1824 807 1885 illis
820 1841 917 1885 meam
929 1825 1070 1899 experiri.

175 1911 307 1987 Adspice
320 1914 372 1986 put
383 1916 488 1972 coeunt
495 1914 604 1986 populi
610 1957 616 1983 ,
639 1926 716 1985 quae
728 1913 843 1970 moenio
856 1912 946 1970 clusis

175 1997 305 2056 Ferrum
320 2002 432 2056 acuunt
439 1999 545 2070 portis.

92 2079 203 2156 Magno
224 2079 297 2138 mihi
318 2079 417 2138 animo
433 2079 577 2154 strepitus
594 2077 651 2137 iste
665 2076 736 2136 belli
752 2077 1003 2138 circumsonantis
1018 2094 1070 2138 ex·

94 2163 266 2224 audiendus
288 2170 344 2223 est.
376 2163 503 2223 demens
524 2160 665 2223 omnibus
687 2161 792 2223 merito
809 2159 938 2235 viderer,
962 2163 988 2222 si
1003 2172 1099 2227 cume

93 2264 169 2308 saxa
191 2249 222 2308 in
244 2247 460 2307 munimentum
476 2263 629 2308 ururorum
645 2261 735 2306 senes
752 2247 944 2323 feminaeque
959 2262 1070 2322 conge-

92 2340 208 2405 rerent,
233 2347 301 2392 cum
316 2331 456 2391 iuventus
472 2330 549 2390 intra
562 2339 665 2405 portas
678 2339 793 2391 armata
805 2332 925 2407 signum
937 2332 1070 2406 eruptio-

92 2417 138 2475 nis
160 2422 357 2490 exspectaret
377 2422 428 2475 aut
450 2423 607 2490 posceret,
630 2432 697 2475 carm
718 2415 839 2477 hostilia
854 2418 882 2475 in
900 2415 995 2491 portis
1012 2417 1071 2473 tela

91 2500 247 2560 vibrarent
261 2506 291 2560 et
311 2499 412 2573 ipsum
427 2501 526 2559 solum
542 2499 788 2560 subfossionibus
805 2508 834 2560 et
849 2499 997 2560 cuniculis
1012 2505 1057 2557 tre

92 2592 201 2657 meret,
224 2583 365 2644 sederem
388 2582 505 2644 otiosus
527 2591 557 2643 et
577 2583 728 2644 eiusmodi
746 2584 994 2660 quaestiunculas
1018 2598 1070 2657 po-

92 2684 185 2729 nens=
208 2667 315 2742 „quod
336 2684 396 2728 non
419 2665 592 2742 perdidisti,
618 2667 723 2728 habes.
752 2684 866 2729 cornua
887 2672 987 2727 autem
1009 2683 1069 2726 nou

93 2750 268 2827 perdidisti:
300 2767 416 2813 cornua
440 2768 513 2827 ergo
539 2751 666 2812 habes.“
696 2753 818 2828 aliaque
839 2752 875 2811 ad
898 2753 1071 2827 exemplum

92 2836 182 2898 huius
204 2844 313 2896 acutae
333 2835 520 2898 delirationis
542 2835 730 2896 concionata.
770 2838 863 2911 Atqui
886 2851 985 2912 aeque
1003 2836 1099 2902 liceto

94 2921 220 2981 demens
241 2920 293 2980 tibi
313 2921 431 2994 videar,
460 2921 486 2981 si
507 2921 572 2981 istis
594 2920 762 2996 inpendero
786 2937 925 2996 operam:
946 2927 976 2979 ει
990 2935 1071 2980 nunc

94 3005 247 3066 obsideor.
279 3012 352 3066 tunc
372 3011 470 3064 tamen
495 3005 660 3080 periculum
680 3005 751 3064 mihi
767 3005 899 3066 obsesso
915 3011 1070 3065 externum

93 3088 267 3161 inmineret,
296 3105 401 3149 murus
427 3104 475 3148 me
500 3089 538 3149 ab
560 3089 650 3150 hoste
673 3097 862 3150 secerneret:
891 3104 972 3148 nunc
992 3104 1070 3148 mor-

93 3173 179 3234 tilera
199 3188 320 3234 mecum
341 3181 420 3234 sunt.
456 3172 521 3234 Non
543 3190 621 3235 vaco
642 3175 680 3234 ad
702 3175 776 3234 istas
792 3172 938 3248 ineptias=
961 3174 1070 3247 iugens

93 3257 246 3333 negotium
263 3256 448 3318 inmanibus
465 3266 520 3318 est.
544 3258 618 3334 quid
633 3265 742 3332 agam?
763 3273 846 3317 nnors
863 3273 911 3316 me
923 3258 1070 3332 sequitur,

93 3340 168 3417 lugit
180 3342 258 3402 vita:
281 3343 432 3403 adversus
447 3342 523 3403 haec
537 3358 585 3401 me
601 3343 678 3403 doce
694 3341 819 3417 aliquid.
842 3341 946 3415 elfiee,
966 3348 999 3418 ut
1014 3347 1113 3414 egolo

93 3433 220 3488 mortem
240 3442 299 3486 non
317 3426 445 3502 tugiam,
468 3427 529 3486 vita
544 3443 592 3487 me
607 3442 666 3487 non
684 3426 818 3503 effugiat.
840 3426 1007 3487 exhortare
1018 3425 1073 3483 ad·

93 3525 202 3570 versos
214 3508 359 3584 difficilia,
375 3512 430 3583 [de
444 3511 696 3591 aequanimitate]
713 3514 873 3578 adversus
885 3508 1098 3574 ineuitattxlia.
