2422 3862
128 251 168 316 78
396 253 429 310 L.
451 251 598 310 ANNAEl
621 249 796 310 SENECAE

127 407 245 466 videtur
266 412 297 465 et
315 403 421 466 tetrici.
456 404 580 463 Ariston
599 402 698 464 aiebat
718 404 828 478 „malle
845 409 903 477 [se]
919 403 1098 464 adulescen-

122 499 182 552 tem
193 490 307 559 tristem
321 506 411 565 quern
423 488 548 548 hilarem
559 495 588 547 et
599 486 758 548 amabilem
771 487 886 549 turbae.
904 488 1007 548 vinum
1020 488 1098 548 enim

123 574 236 635 benum
257 573 337 647 fieri,
361 573 445 649 quod
466 587 576 633 reeens
592 572 701 632 durum
716 580 746 633 et
763 588 906 648 asperum
921 573 1023 632 visum
1037 582 1098 634 est=

31 692 35 700 ·
124 675 184 719 non
202 658 263 734 puti
278 665 422 731 aetatem,
446 656 574 732 quodin
592 655 674 717 dolio
693 657 837 731 placuit.“
874 655 946 716 Sine
962 671 1033 716 eum
1048 655 1099 716 tri·

73 758 75 763 ·
123 752 199 805 stem
215 743 370 816 adpellent
383 749 413 802 et
427 740 580 800 inimicum
595 740 793 815 processibus
807 738 887 801 suis:
908 740 988 800 bene
1000 755 1036 800 se
1047 740 1100 801 de·

121 829 166 890 bit
181 826 211 886 in
229 832 379 887 vetustate
394 826 463 901 ipse
477 823 609 897 tristitia,
629 832 807 899 perseveret
820 825 913 885 modo
928 825 1031 885 coiere
1042 824 1102 885 vir·

122 920 231 984 tutem,
255 910 414 986 perbibere
433 909 569 969 liberalia
594 909 708 983 studia,
732 925 793 970 non
813 909 880 982 illa,
903 909 1016 983 quibus
1032 924 1101 984 per·

123 995 208 1055 fundi
230 995 305 1055 setis
327 1002 386 1068 cst,
410 993 467 1054 sed
488 993 580 1067 hoec,
602 993 713 1068 quibus
731 993 892 1068 tingendus
908 999 955 1053 est
970 993 1100 1053 animus.

94 1081 188 1141 siloc
203 1086 251 1139 est
264 1077 403 1139 discendi
418 1086 549 1153 tempus.
586 1076 684 1153 „Quid
698 1085 794 1152 ergo?
815 1076 943 1153 aliquod
958 1084 1021 1150 est,
1039 1093 1100 1153 quo

122 1181 183 1225 non
199 1165 239 1224 sit
253 1164 474 1224 discenduml“
497 1161 627 1222 minime.
656 1161 713 1222 sed
729 1161 988 1237 quemadmodum
1004 1163 1100 1221 omui·

122 1249 180 1308 bus
203 1249 291 1308 annis
313 1248 437 1309 studere
459 1247 621 1309 honestum
636 1252 698 1321 est,
720 1247 760 1306 ita
778 1263 839 1308 non
856 1245 999 1307 omnibus
1017 1245 1100 1306 insti-

122 1332 174 1393 tui.
207 1332 305 1408 turpis
320 1339 351 1392 et
363 1331 492 1392 ridicula
505 1346 558 1391 res
571 1337 619 1391 est
634 1331 847 1392 elementarius
863 1345 975 1391 senem
1000 1329 1102 1390 iuveni

124 1417 309 1491 parandum,
327 1415 394 1478 seni
405 1416 550 1494 utendum
563 1423 618 1475 est.
642 1416 737 1475 iacies
749 1431 822 1491 ergo
834 1431 898 1475 rem
909 1413 1100 1475 utilissimam

122 1501 189 1573 tibi,
213 1499 241 1561 si
254 1498 337 1561 illum
353 1517 444 1576 quam
459 1501 605 1575 optimum
618 1499 743 1560 leceris:
765 1499 842 1560 haec
853 1499 938 1560 aiunt
950 1499 1102 1558 beneficia

123 1601 195 1646 esse
215 1585 390 1660 expetenda
411 1585 650 1658 tribuendoque,
673 1600 734 1645 non
756 1584 849 1644 dubie
866 1583 984 1659 primae
998 1583 1101 1655 sertis,

121 1756 180 1814 iarn
200 1754 286 1813 liberi
304 1761 366 1813 est:
387 1751 564 1828 spopondit.
586 1751 685 1812 minus
699 1759 799 1812 autem
816 1761 905 1828 turpe
917 1760 979 1826 est,
1003 1751 1100 1812 credi·

120 1838 179 1898 tori
202 1853 292 1913 quam
312 1836 380 1913 spei
401 1837 502 1897 bonae
520 1836 704 1910 decoquere.
741 1838 791 1896 Ad
808 1836 883 1897 illud
898 1852 951 1897 aes
968 1837 1101 1896 alienum

121 1922 304 1982 solvendum
335 1938 415 1996 opus
447 1928 494 1981 est
526 1921 691 1995 negotianti
720 1921 914 1995 navigatione
939 1935 1098 1996 prospera,

122 2021 228 2080 agrum
251 2004 361 2065 colenti
383 2005 521 2065 ubertate
543 2005 623 2076 eius,
651 2022 741 2079 quam
765 2005 851 2077 colit,
878 2011 992 2079 terme,
1023 2004 1100 2064 coeli

122 2089 243 2147 lavore:
265 2089 316 2147 ille
337 2089 421 2164 quod
442 2089 546 2162 debet,
570 2090 637 2148 sola
658 2096 760 2164 petest
779 2089 933 2151 voluntate
954 2088 1100 2164 persolvi.

92 2173 154 2233 bln
176 2186 277 2232 mores
299 2173 421 2232 fortuna
441 2173 488 2232 ius
504 2188 565 2233 non
581 2172 682 2233 habet.
704 2173 763 2234 hos
779 2175 937 2249 disponat,
960 2182 1100 2249 utquam

120 2255 390 2331 tranquillissimus
405 2256 455 2316 ille
470 2257 589 2316 enimus
603 2257 643 2317 ad
661 2257 828 2333 perlectum
845 2259 960 2331 veniat,
980 2258 1100 2333 quince

121 2337 253 2400 ablatum
268 2340 325 2401 sibi
342 2340 506 2416 quicquam
520 2341 611 2401 sentit
625 2357 681 2401 nee
696 2342 862 2416 adiectum,
881 2342 937 2402 sed
948 2343 978 2402 in
991 2343 1100 2403 eodem
1124 2394 1129 2403 ,

121 2422 225 2485 habitu
244 2432 305 2498 est,
330 2425 618 2500 quomodocumque
638 2442 689 2487 res
710 2427 832 2486 eadunt.
862 2427 910 2487 cui
924 2427 992 2487 sive
1005 2427 1099 2502 adge-

120 2515 227 2569 runtur
248 2510 384 2585 volgaria
404 2510 501 2582 bone,
525 2526 620 2586 supra
640 2526 692 2570 res
712 2527 786 2571 suas
808 2512 933 2585 eminet,
957 2511 1024 2572 sive
1046 2511 1099 2571 ali·

121 2594 249 2668 quidex
269 2594 336 2655 istis
361 2596 408 2654 vel
429 2594 530 2655 omnia
551 2609 643 2655 casus
664 2596 817 2667 excussit,
845 2595 944 2655 minor
969 2612 1031 2655 non
1058 2595 1100 2655 lit.

91 2676 152 2740 iSi
173 2678 202 2736 in
224 2677 344 2738 Parthia
365 2686 454 2739 natus
475 2686 573 2752 esset,
596 2680 821 2758 orcuminlu-ns
836 2679 936 2740 statim
951 2681 1099 2740 tenderet.

120 2763 145 2820 si
166 2760 197 2820 in
219 2762 392 2835 Germania,
418 2762 558 2836 protinus
580 2778 657 2838 puer
676 2771 813 2823 tenerum
831 2763 940 2825 hastile
954 2763 1098 2825 vibraret.

119 2845 146 2904 si
168 2862 294 2906 avorum
310 2853 483 2907 nostrorum
499 2847 686 2922 temporibus
701 2848 824 2922 luisset,
848 2846 985 2923 equitare
1000 2856 1031 2909 et
1045 2848 1098 2908 ho·

119 2937 196 2988 stem
218 2930 356 2990 cominus
378 2937 538 3004 percutere
555 2932 722 2992 didicisset.
755 2930 832 2993 haec
858 2932 987 3008 singuiis
1008 2932 1098 2993 disei-

90 3011 201 3087 eplim
222 3013 321 3087 gentis
337 3029 420 3073 suae
437 3015 547 3075 suadet
561 3023 653 3090 utque
667 3017 805 3091 imperat.
841 3015 923 3094 Quid
938 3017 1009 3076 huic
1025 3031 1097 3090 ergo

118 3097 325 3157 meditandum
346 3104 414 3160 esti
443 3100 526 3174 quod
547 3100 698 3161 adversus
720 3101 821 3161 omnia
840 3102 915 3175 tela,
941 3100 1028 3176 quod
1045 3101 1085 3160 ad

119 3196 228 3241 versus
250 3197 340 3242 omne
358 3181 489 3244 hostium
509 3200 608 3259 genus
629 3186 708 3245 bene
729 3186 814 3258 lacit,
844 3193 971 3246 mortem
995 3192 1096 3245 conte-

117 3280 235 3339 mnere,
265 3283 345 3342 quae
366 3269 438 3343 quin
460 3268 570 3329 hubent
592 3269 707 3345 aliquid
729 3270 757 3329 in
780 3285 815 3329 se
835 3269 984 3343 terribile,
1013 3275 1098 3329 utet

118 3349 237 3410 animos
258 3359 397 3427 nostres,
427 3370 506 3430 quos
532 3354 562 3413 in
583 3369 718 3416 umorem
739 3354 786 3415 sui
812 3362 924 3415 notura·
944 3352 1095 3426 lormavit,

118 3432 267 3511 offendat,
291 3452 379 3498 nemo
402 3438 533 3498 dubitat:
563 3454 620 3498 nee
641 3439 720 3499 enim
738 3455 817 3515 opus
833 3445 917 3500 esset
929 3437 960 3499 in
976 3439 1007 3498 id
1022 3453 1094 3499 eon-

118 3517 219 3597 perari
236 3527 266 3580 et
284 3523 367 3597 acui,
390 3523 419 3583 in
436 3523 521 3599 quod
541 3521 684 3584 instinctu
700 3524 832 3600 quodam
848 3518 1020 3586 voluntario
1036 3522 1093 3583 ire-
