2422 3862
262 239 433 301 EPISTUL.
447 239 542 301 MOR.
563 240 635 300 LIB.
650 241 728 300 XIII.
755 240 812 300 EP.
831 251 856 303 1.
878 250 891 317 (
928 247 949 314 .)
1033 241 1097 306 235

112 392 143 451 in
166 392 225 452 hoc
247 393 358 466 angulo
374 392 424 450 ille
444 391 633 466 Carthaginis
648 393 771 467 horror,
802 392 851 453 cui
874 395 974 455 Roma
998 394 1098 469 debet,

112 477 197 552 quod
212 483 326 536 tantum
345 477 441 536 semel
456 484 545 551 capta
559 484 621 549 est,
644 475 787 538 abluebat
807 493 920 553 corpus
940 476 1098 538 laboribus

110 561 234 620 rusticis
250 561 376 620 sessum.
415 559 580 620 exercebat
601 560 689 619 enim
701 576 796 636 opere
811 577 846 621 se
861 569 1049 636 terramque,
1066 569 1099 622 ut
1135 572 1138 577 ’

111 660 179 703 mos
205 644 260 704 luit
280 644 407 719 priscIS,
437 644 506 718 ipse
521 642 691 718 subigebat.
728 644 786 705 sub
802 645 862 706 hoc
877 645 927 704 ille
942 652 1022 706 tecto
1038 654 1098 705 tam

111 727 238 788 sordido
254 729 345 788 stetit.
385 727 445 787 hoc
459 728 543 786 illurn
558 729 763 802 pavimentum
777 736 837 789 tam
857 730 918 788 vile
938 729 1097 789 sustinuit:

110 821 141 872 at
155 828 236 871 nunc
253 812 322 887 quis
338 819 400 884 est,
417 812 469 887 qui
484 811 530 872 sic
545 811 640 870 lavari
656 815 825 873 sustineat?
846 828 965 888 pauper
980 811 1038 872 sibi
1052 815 1120 880 vi-6

111 897 200 955 detur
215 911 251 955 ac
267 896 428 968 sordidus,
451 894 510 955 alsi
526 895 657 970 parietes
674 898 792 972 magnis
808 903 838 956 ct
857 895 1000 972 pretiosis
1017 897 1098 957 orbi·

110 980 169 1039 bus
184 980 378 1049 refulserunt,
395 978 453 1040 nisi
462 979 670 1039 Alexandrina
684 997 835 1040 marmora
845 981 1013 1041 Numidicis
1030 996 1097 1041 cru·

110 1063 166 1122 stis
183 1064 325 1123 distructa
342 1070 426 1135 sunt,
448 1063 507 1122 nisi
528 1062 587 1122 illis
602 1065 740 1139 undique
756 1081 891 1140 operosa
905 1070 935 1123 et
954 1065 984 1123 in
1000 1064 1098 1139 pictu-

109 1164 164 1206 rae
192 1148 316 1207 modum
343 1142 461 1207 va'riata
490 1146 668 1208 circumlitio
699 1149 900 1223 praetexitur,
930 1147 990 1208 nisi
1018 1149 1097 1208 vitro

110 1231 310 1292 absconditur
326 1246 460 1305 camera,
487 1229 546 1291 nisi
559 1230 689 1292 Thasius
704 1233 800 1307 lapis,
827 1232 982 1308 quondam
997 1249 1098 1292 rarum

109 1331 140 1373 rn
157 1316 260 1391 aliquo
276 1315 484 1390 spectaculum
505 1316 635 1390 templo,
666 1315 803 1391 piscinas
826 1324 949 1377 nostras
970 1315 1095 1376 circum·
1169 1354 1177 1369 ψ

110 1399 210 1474 dedit,
234 1400 263 1458 in
286 1414 365 1474 quas
380 1400 474 1459 multa
491 1399 653 1460 sudatione
668 1417 801 1476 corpora
815 1401 974 1460 exsaniata
989 1399 1096 1460 demit·

19 1524 22 1533 ι
109 1483 216 1555 timus,
240 1483 298 1542 orsi
319 1499 431 1557 aquam
453 1489 599 1557 argentea
616 1485 750 1558 epitonia
765 1483 915 1544 fuderunt.
950 1491 980 1543 et
996 1483 1121 1542 adhucl

110 1567 248 1641 plebeias
267 1566 385 1627 listulas
400 1568 524 1642 loquor:
552 1567 642 1641 quid,
669 1583 736 1626 cum
758 1568 797 1626 ad
818 1568 928 1626 balnea
943 1565 1097 1626 libertino-

108 1667 176 1709 rum
198 1656 391 1725 pervenero?
423 1658 567 1726 quantum
582 1657 765 1724 statuarum,
781 1656 927 1726 qnantum
942 1649 1096 1709 columna-

108 1751 176 1794 rum
191 1742 239 1794 est
252 1734 324 1794 nihil
338 1733 565 1806 sustinentium,
587 1734 643 1794 sed
658 1735 687 1793 in
704 1740 915 1795 ornamentum
929 1732 1099 1809 positarum

110 1817 259 1893 inpensae
274 1825 384 1878 causa!
413 1825 558 1894 quantum
575 1834 722 1893 aquarum
737 1834 793 1894 per
812 1819 926 1892 gradus
947 1833 1015 1876 cum
1039 1818 1098 1875 lra-

110 1917 185 1976 gore
199 1903 377 1962 labentium!
412 1917 449 1962 eo
471 1901 648 1962 deliciarum
668 1902 880 1976 pervenimus,
895 1909 928 1961 ut
942 1901 1001 1960 nisi
1015 1915 1098 1974 gem-

111 2002 176 2045 mas
199 1987 318 2045 calcare
339 1985 481 2047 nolimus.
523 1987 557 2044 ln
577 1986 638 2046 hoc
659 1986 769 2046 balneo
786 1984 941 2060 Scipionis
956 1983 1123 2044 minimae8

110 2076 183 2130 sunt
199 2070 292 2129 rimae
308 2071 405 2145 magis
423 2086 515 2144 quam
531 2070 684 2130 fenestrae
700 2085 787 2129 muro
804 2070 926 2144 lapideo
942 2075 1097 2142 exsectae,

109 2162 142 2213 ut
163 2154 231 2213 sine
257 2155 366 2213 iniuria
391 2154 568 2214 munimenti
593 2155 695 2214 lumen
721 2154 928 2213 admitterent=
960 2160 991 2212 at
1016 2168 1098 2212 nunc

109 2238 250 2297 blattaria
266 2244 377 2296 vocant
390 2237 514 2311 balnea,
537 2238 562 2297 si
579 2244 640 2312 qua
653 2254 714 2298 non
731 2238 772 2297 ita
786 2244 888 2312 aptata
903 2244 988 2310 sunt,
1004 2244 1037 2296 ut
1053 2245 1098 2298 to-

112 2321 172 2381 tius
189 2321 248 2380 diei
264 2321 362 2381 solem
378 2323 520 2382 fenestris
537 2323 734 2398 amplissimis
749 2322 913 2396 repriant,
935 2321 994 2381 nisi
1011 2329 1042 2380 et
1054 2321 1098 2380 la-

109 2412 219 2465 vantur
234 2405 323 2465 simul
342 2412 371 2465 et
386 2405 573 2480 colorantur,
594 2405 653 2470 nisi
675 2422 714 2466 ex
736 2404 815 2467 solio
836 2421 928 2479 agros
950 2411 981 2464 et
1003 2405 1099 2468 maria

110 2489 310 2562 prospiciunt.
343 2489 446 2564 itaque
462 2506 541 2565 quae
556 2506 738 2550 concursum
755 2496 784 2549 et
798 2489 1030 2550 admirationem
1045 2487 1098 2546 ha·

110 2573 256 2644 buerant,
278 2590 347 2634 curn
363 2574 592 2646 dedicarentur,
611 2575 640 2632 in
657 2575 852 2648 antiquorum
866 2588 1024 2632 numerum
1039 2571 1098 2630 rei-

102 2658 240 2731 cIuntur,
256 2672 324 2717 cum
339 2656 454 2733 aliquid
470 2658 541 2717 novi
555 2657 675 2717 luxuria
692 2663 862 2718 commenta
876 2664 932 2731 est,
952 2672 1013 2731 quo
1029 2654 1100 2730 ipsa

110 2757 146 2800 se
172 2741 324 2801 obrueret.
367 2742 408 2802 At
432 2741 503 2801 olim
528 2751 559 2802 et
584 2757 685 2816 pauca
708 2749 794 2802 erant
817 2741 928 2801 balnea
952 2755 1011 2799 nec
1035 2741 1123 2803 ulloe

110 2826 192 2885 cultu
212 2832 369 2886 exornata.
406 2841 461 2886 cur
483 2826 563 2885 enim
586 2833 745 2886 ornaretur
764 2841 815 2886 res
838 2825 1055 2901 quadrantaria
1069 2831 1099 2884 et

109 2909 139 2966 in
158 2926 263 2981 usum,
284 2925 346 2970 non
364 2909 618 2971 oblectamentum
630 2917 773 2985 reperta?
806 2925 867 2971 non
889 2908 1096 2970 sublundeba·

109 2999 159 3052 tur
178 3010 260 3069 eque
280 3009 337 3053 neo
357 3008 467 3054 recens
488 3010 611 3069 semper
628 2996 711 3055 velut
726 3011 766 3054 ex
780 2995 880 3057 calido
896 2995 980 3055 lonte
994 3007 1096 3052 curre·

109 3075 175 3151 bat,
192 3094 249 3137 nec
263 3079 377 3138 reterre
393 3078 574 3152 credebant,
590 3079 621 3138 in
638 3095 729 3153 quam
744 3078 901 3155 perlucida
916 3078 1027 3138 sordes
1043 3076 1094 3136 de·

110 3169 271 3234 ponerent.
296 3163 361 3235 sed,
378 3162 408 3221 di
424 3161 505 3234 boni,
521 3179 611 3237 quam
626 3161 710 3223 iuvat
724 3162 774 3222 illa
788 3163 899 3222 balnea
912 3161 1026 3221 intrare
1041 3159 1094 3219 ob·
1104 3163 1139 3216 lo

110 3260 203 3305 scura
226 3252 255 3305 et
274 3246 390 3321 gregali
413 3247 537 3307 tectorio
558 3246 700 3319 inducta,
731 3263 811 3320 quae
833 3245 930 3307 scires
952 3246 1097 3305 Catonem

109 3327 163 3388 tibi
193 3330 320 3389 aedilem
342 3337 394 3390 aut
413 3329 540 3390 Faqum
560 3330 726 3390 Maximum
747 3337 799 3390 ant
819 3346 859 3389 ex
879 3327 1028 3389 Corneliis
1044 3327 1096 3386 ali-

111 3428 202 3486 quem
223 3430 315 3474 manu
337 3430 395 3474 sua
414 3420 626 3487 temperasset
670 3430 739 3472 narn
757 3415 816 3473 hoc
833 3427 957 3487 quoque
971 3411 1096 3472 nobilis·

111 3496 179 3556 simi
201 3496 317 3557 aediles
338 3496 543 3572 iungebantur
562 3496 666 3557 officio
686 3496 818 3556 intrandi
840 3511 879 3556 ea
902 3496 987 3566 loca,
1014 3508 1095 3567 quae
