2422 3862
159 231 329 292 EPISTUL.
344 231 439 293 molt.
460 232 532 293 LIB.
543 234 650 294 XVlll.
669 234 727 298 ΕΡ.
738 243 765 297 4.
778 246 805 298 5.
827 245 901 312 (lot.
914 245 989 311 108.)
1010 236 1072 303 351

91 381 202 457 recipit
216 383 343 457 animus
358 383 418 443 hoc
434 399 471 443 se
481 382 579 458 magis
590 385 681 444 laxat
696 384 780 445 Haec
793 387 883 446 nobis
896 389 1105 464 praeciperes

91 471 227 531 Attalum
240 469 376 540 memini,
392 483 461 528 cum
478 469 614 527 scholam
630 468 697 529 eius
716 467 929 531 obsideremus
945 478 975 530 et
985 472 1074 547 primi

95 552 268 614 veniremus
290 561 320 612 et
340 550 500 612 novissimi
520 549 689 626 exiremus,
719 551 923 614 ambulantem
949 572 1074 631 qnoque

92 639 176 698 illurn
199 638 237 696 ad
257 635 377 712 aliquas
398 635 623 710 disputationes
638 651 853 713 evocaremus,
877 654 938 699 non
960 647 1073 700 tantum

94 728 232 798 paratum
246 720 450 793 discentibus,
466 719 523 778 sed
537 719 669 780 obvium.
704 719 830 794 ,‚ldem,
846 721 958 797 inquit,
973 729 1004 783 cl
1018 724 1074 784 do·

95 805 175 865 renti
194 811 224 864 et
244 802 375 864 discenti
390 803 482 864 debet
494 818 566 864 csse
582 804 790 878 propositum:
810 810 844 864 ut
857 804 907 864 ille
923 807 1073 881 prodesse

92 889 181 962 velit,
202 888 251 947 hic
267 888 447 962 proficeres
476 887 532 960 Qui
551 888 591 947 ad
612 886 831 962 philosophum
845 889 941 961 venit,
964 889 1103 951 cotidiet

93 972 209 1048 aliquid
231 987 336 1032 secum
357 969 430 1032 boni
450 970 542 1030 ierat:
570 977 624 1031 aut
644 970 749 1032 sanior
764 971 888 1032 domum
903 974 1009 1035 redeat
1022 981 1075 1035 aut

94 1055 273 1119 sanabilior:
296 1055 405 1114 redibit
416 1061 531 1114 autem:
554 1069 591 1115 ea
604 1054 707 1131 [enim]
724 1054 938 1132 philosophiae
954 1058 1000 1118 vis
1017 1065 1074 1132 est,

93 1149 126 1202 ut
147 1157 208 1200 non
228 1140 401 1209 studentes,
425 1138 482 1198 sed
503 1139 593 1199 etiarn
614 1146 833 1200 conversantes
854 1141 945 1202 iuvet.
972 1141 1029 1215 Qui
1044 1142 1074 1201 in

95 1225 194 1285 solem
209 1224 308 1297 venit,
323 1221 394 1283 licet
409 1237 471 1282 non
486 1221 516 1281 in
530 1221 590 1282 hoc
609 1221 738 1295 venerit,
756 1224 949 1285 colorabitur.
974 1225 1026 1300 qui
1043 1227 1073 1285 in

93 1307 295 1384 unguentaria
310 1307 437 1366 taberna
456 1306 638 1367 resederunt
657 1314 687 1366 et
703 1309 794 1382 paulo
810 1307 923 1368 diutius
940 1325 1074 1370 commo·

93 1394 151 1454 rati
172 1398 257 1464 sunt,
280 1391 408 1452 odorem
429 1406 534 1450 secum
556 1389 616 1450 loci
630 1392 739 1451 lerunt.
768 1397 799 1452 et
815 1392 868 1467 qui
881 1392 921 1452 ad
937 1393 1074 1469 pbiloso-

94 1477 187 1554 pbum
203 1478 339 1548 luerunt,
363 1475 509 1536 traxerint
523 1473 639 1550 aliquid
655 1490 786 1535 necesse
800 1483 862 1549 est,
881 1476 966 1551 quod
981 1479 1073 1551 prod-

95 1568 179 1621 esset
193 1562 283 1621 etiam
293 1558 535 1634 neglegentibus.
557 1559 704 1632 adtende,
722 1558 796 1632 quid
807 1559 922 1618 dicam:
941 1561 1074 1634 negle-

95 1645 295 1721 gentibus,
322 1661 384 1703 nnn
408 1642 730 1718 repugnantibus.
761 1642 860 1716 „Quid
885 1650 982 1719 ergo?
1012 1650 1102 1703 nono

95 1729 237 1790 novimus
259 1730 426 1803 quosdam,
448 1728 500 1802 qui
521 1727 621 1787 multis
642 1726 724 1801 apud
747 1725 965 1802 philosophum
986 1728 1075 1788 annis

97 1813 288 1888 persederint
301 1819 332 1873 et
345 1829 384 1872 ne
399 1813 534 1871 colorem
549 1811 672 1886 quidem
689 1809 877 1870 duxerintt“
896 1811 1006 1885 Quidni
1020 1828 1074 1872 no·

98 1896 214 1955 verimi
248 1896 510 1971 pertinacissimos
531 1895 655 1970 quidem
676 1902 706 1954 ct
726 1894 889 1968 adsiduos,
914 1911 994 1971 quos
1016 1911 1075 1970 ego

96 1997 157 2042 non
175 1980 344 2056 discipulos
358 1980 626 2056 philosophorum,
642 1979 697 2040 sed
714 1978 880 2054 inquilinos
895 1994 983 2041 voco.
1006 1976 1105 2053 Qui-o

97 2065 167 2125 dam
188 2065 312 2125 veniunt
332 2072 364 2126 ut
386 2065 524 2139 audiant,
548 2079 609 2124 non
629 2071 663 2124 ut
683 2063 817 2137 discant,
839 2063 919 2124 siout
938 2063 968 2122 in
990 2063 1074 2124 thea-

95 2155 173 2208 trum
196 2148 361 2225 voluptatis
383 2165 478 2210 causa
499 2149 538 2208 ad
553 2147 751 2208 delectandas
767 2163 857 2208 aures
873 2149 1011 2208 oratione
1026 2148 1075 2208 vel

94 2249 174 2293 voce
188 2234 238 2292 vel
259 2233 369 2294 labulis
391 2234 538 2294 ducimur.
570 2248 710 2307 magnam
724 2232 804 2291 hanc
819 2232 990 2294 auditorum
1006 2248 1070 2308 par·

95 2325 155 2377 tem
175 2316 311 2388 videbis,
332 2318 380 2377 cui
402 2316 578 2392 philosophi
598 2316 706 2378 schola
727 2317 928 2378 diversorium
950 2317 1003 2378 otii
1027 2318 1075 2380 sit.

96 2417 158 2459 non
178 2399 210 2458 id
231 2407 339 2472 agunt,
358 2406 392 2460 ut
413 2400 515 2474 aliqua
536 2400 588 2459 illo
610 2399 683 2460 viba
703 2401 874 2476 deponant,
894 2408 928 2461 ut
942 2399 1076 2473 aliquam

96 2486 195 2555 legem
218 2482 297 2540 vitae
317 2482 482 2557 accipiant,
505 2498 566 2558 qua
586 2499 687 2543 mores
710 2499 784 2543 suos
806 2485 943 2558 exigant,
966 2482 1023 2541 sed
1046 2488 1078 2542 ut

97 2566 320 2626 oblectamento
346 2563 464 2625 aurium
487 2566 689 2641 perfruantur.
726 2567 819 2640 aliqui
839 2574 940 2626 tamen
962 2571 1076 2625 etcum

97 2648 297 2726 pugillaribus
313 2650 451 2722 veniunt,
467 2665 528 2710 non
543 2655 577 2709 ut
589 2664 640 2708 res
656 2647 826 2724 excipiant,
850 2649 907 2709 sed
923 2656 957 2710 ut
973 2649 1076 2723 verba,

97 2749 177 2808 quae
198 2739 259 2792 tarn
279 2733 346 2793 sine
369 2734 509 2809 prolectu
529 2730 629 2793 alieno
645 2731 747 2792 dicant
761 2749 853 2808 quam
868 2734 936 2793 sine
952 2746 1009 2793 suo
1024 2749 1076 2793 au-

97 2819 190 2878 diunt.
233 2817 360 2891 Quidam
382 2817 421 2878 ad
439 2816 616 2892 magnificas
632 2833 727 2877 voces
749 2818 920 2878 excitantur
934 2823 964 2878 et
979 2822 1104 2878 trans-7

97 2909 170 2961 eunt
190 2902 220 2960 in
242 2902 394 2963 adlectum
416 2901 580 2962 dicentium
599 2904 718 2962 alacres
739 2902 824 2962 voltu
838 2909 868 2964 et
881 2902 997 2976 animo,
1019 2918 1076 2962 nec

97 2986 183 3045 aliter
204 2987 394 3046 concitantur
414 3002 505 3062 quarn
526 2987 627 3046 solent
639 2984 762 3063 Phrygii
783 2984 915 3046 tibicinis
934 3001 1012 3047 sono
1027 3002 1076 3048 se·

97 3068 194 3128 miviri
216 3076 305 3129 etex
327 3071 455 3144 imperio
477 3073 622 3132 furentes.
650 3068 813 3144 rapitillos
828 3070 1013 3146 instigatque
1029 3086 1076 3129 re·

95 3170 163 3214 rum
180 3153 386 3228 pulchritudo,
404 3170 464 3215 non
481 3154 644 3216 verborum
660 3154 793 3215 inanium
809 3154 938 3215 sonitus.
960 3153 987 3214 si
1003 3153 1077 3228 quid

97 3235 206 3296 acriter
221 3245 326 3298 contra
341 3246 469 3299 mortem
483 3239 595 3299 dictum
609 3245 665 3312 est,
681 3238 707 3298 si
723 3237 797 3315 quid
809 3245 914 3298 contra
926 3239 1077 3299 fortunam

98 3320 435 3395 contumaciter,.iuvat
452 3322 606 3397 protinus,
628 3338 708 3398 quae
724 3322 847 3397 audias,
866 3322 977 3382 lacere.
1000 3319 1075 3381 adfi-

98 3402 217 3463 ciuntur
232 3405 291 3467 illis
306 3413 337 3466 ct
350 3413 435 3479 sunt,
458 3408 565 3481 quales
580 3407 734 3480 iubentur,
758 3407 785 3467 si
799 3407 851 3466 illa
864 3405 964 3464 animo
980 3404 1077 3462 lonna

97 3495 288 3565 permaneat,
310 3490 337 3550 si
357 3506 418 3551 non
437 3489 573 3567 inpetum
596 3491 746 3566 insignem
767 3488 908 3565 protinus
930 3487 1075 3563 populus,
