2422 3862
105 259 136 318 L.
152 259 191 318 A.
207 256 338 316 SENEC.
355 253 524 315 EPISTUL.
538 253 632 314 MOR.
654 254 726 315 LIB.
739 254 804 314 XV.
818 253 876 314 ΕΡ.
889 265 912 316 1.
924 261 995 331 (93.)
1005 253 1067 320 283

81 418 327 486 temptoremque
342 410 498 484 fortunae,
513 409 647 468 iunctum
664 405 804 469 omnibus
821 410 901 470 vitae
916 411 1067 474 humanae

81 493 244 571 stipendiis
257 501 348 568 atque
361 492 391 552 in
406 509 556 553 summum
567 493 682 552 bonum
694 493 761 553 eius
773 500 921 569 evectum,
934 503 964 556 et
975 496 1067 571 illum,

82 581 130 640 eui
147 577 231 638 multi
251 576 323 636 anni
336 577 508 637 transmissi
522 582 613 639 suntt
626 578 701 637 alter
713 583 785 652 post
800 585 925 638 mortem
941 596 1067 655 quoque

80 672 138 737 est,
154 665 230 722 alter
245 670 314 721 ante
329 669 456 721 mortem
472 662 569 735 periit.
607 660 781 734 Laudemus
797 662 900 736 itaque
917 670 947 722 et
966 663 994 722 in
1011 681 1094 737 nug

80 763 166 807 mero
191 743 323 805 felicium
349 760 536 819 reponamus
566 761 651 819 eum,
682 745 730 805 eui
757 748 1066 822 quantulumcumque

80 829 228 905 temporis
246 829 379 902 contigit,
395 829 474 888 bene
490 829 683 889 conlocatum
696 837 752 890 est.
778 827 854 890 vidit
869 830 948 890 enim
963 846 1067 890 veram

81 917 190 976 lucem.
214 929 275 974 non
291 914 347 973 luit
360 930 443 972 unus
460 929 477 971 e
492 913 609 974 multis:
625 920 656 972 ct
671 912 746 974 vixit
760 920 789 973 et
803 914 914 988 viguit:
930 915 1067 989 aliquan-

80 1000 121 1059 do
138 1013 247 1058 sereno
264 1013 340 1057 usus
357 1004 412 1069 est,
429 997 604 1072 aliquando,
619 1003 651 1056 ut
666 997 753 1069 solet,
770 997 863 1057 validi
884 997 1000 1058 sideris
1011 1000 1067 1058 lul-

80 1099 137 1157 gor
160 1097 216 1156 per
237 1081 341 1141 nubila
358 1079 488 1140 emicuit.
525 1080 604 1154 Quid
626 1082 759 1156 quaeris,
775 1083 919 1156 quamdiu
936 1080 1067 1143 vixerit?

80 1165 170 1226 vixit:
186 1165 227 1224 ad
243 1172 385 1239 posteros
397 1180 497 1239 usque
509 1164 678 1226 transsiluit
690 1173 719 1225 et
729 1181 764 1225 se
779 1167 808 1224 in
821 1167 998 1226 memoriam
1014 1166 1066 1226 de-

81 1251 133 1310 dit.
174 1248 237 1308 Nec
257 1249 328 1310 ideo
350 1249 421 1308 mihi
436 1250 541 1324 plures
558 1265 656 1309 annos
672 1249 822 1310 accedere
842 1251 1096 1314 recusaverim=c

79 1332 154 1394 nihil
169 1341 269 1394 tamen
288 1331 361 1393 milri
377 1332 416 1393 ad
430 1333 551 1394 beatam
565 1335 656 1393 vitam
676 1333 813 1393 defuisse
829 1334 936 1406 dicam,
954 1333 980 1394 si
995 1351 1067 1410 spa-

80 1419 155 1479 tium
170 1418 236 1478 eius
252 1417 403 1478 inciditur.
445 1434 507 1478 non
528 1416 608 1478 enim
630 1418 759 1477 adeum
781 1416 862 1477 diem
882 1433 932 1477 me
955 1418 1066 1492 aptavi,

83 1518 172 1576 quem
194 1501 332 1562 ultimum
352 1501 424 1561 mihi
446 1517 520 1576 spes
542 1503 632 1561 avida
654 1498 850 1575 promiserat,
872 1501 928 1561 sed
953 1502 1068 1561 nullum

80 1594 303 1662 nontamquam
314 1586 451 1646 ultimum
462 1586 603 1660 adspexi.
626 1585 704 1658 Quid
716 1599 765 1644 me
777 1586 957 1658 interrogas,
971 1600 1068 1659 quan-

81 1672 226 1731 donatus
244 1670 322 1729 siml
351 1688 388 1730 an
409 1671 487 1729 inter
508 1669 645 1730 iuniores
665 1668 767 1728 adhuc
789 1675 940 1728 censeant
960 1669 1066 1728 Habeo

79 1771 191 1814 meum.
224 1755 484 1828 Quemadmodum
500 1756 530 1813 in
547 1755 665 1815 minore
685 1755 824 1827 corporis
840 1752 944 1812 habitu
964 1760 1094 1827 potesta

80 1839 173 1899 homo
194 1853 266 1898 esse
281 1839 446 1913 perlectus
463 1837 508 1899 sic
523 1845 553 1898 et
567 1838 597 1897 in
609 1839 727 1896 minore
739 1837 886 1911 temporis
902 1837 994 1896 modo
1010 1854 1066 1911 po-

80 1930 142 1982 test
155 1923 216 1982 vita
231 1937 302 1982 esse
316 1925 461 1999 perlecta.
492 1930 577 1982 aetas
591 1923 670 1981 inter
685 1928 812 1981 externa
833 1929 889 1981 est.
920 1920 1066 1996 quamdiu

81 2006 148 2079 sim,
166 2005 296 2065 alienum
313 2016 374 2068 est:
398 2005 542 2082 quamdiu
557 2022 632 2068 vero
649 2009 697 2067 vir
713 2003 786 2077 sim,
804 2020 903 2064 meum
920 2011 975 2064 est.
1006 2003 1067 2064 hoc

80 2107 99 2149 a
114 2106 162 2149 me
176 2091 274 2165 exige,
292 2106 330 2150 ne
345 2093 427 2151 velut
441 2107 496 2165 per
507 2092 650 2151 tenebras
666 2105 774 2149 aevum
788 2088 920 2164 ignobile
932 2087 1066 2161 emetiar,

79 2183 112 2234 ut
126 2189 214 2248 agam
227 2175 325 2247 vitam,
343 2191 404 2235 non
416 2182 449 2235 ut
461 2174 684 2249 praetervehar.
701 2174 838 2247 QuaeriS,
854 2172 939 2247 quod
951 2171 990 2232 sit
1004 2188 1095 2244 amg

81 2258 251 2332 piissimum
269 2259 348 2318 vitae
372 2258 523 2333 spatione
565 2258 726 2334 usquead
749 2257 929 2331 sapientiam
951 2256 1065 2316 vivere.

81 2342 133 2416 qui
159 2342 199 2401 ad
218 2343 299 2400 illam
328 2343 485 2417 pervenit,
519 2342 624 2417 adtigit
645 2358 705 2402 non
731 2342 942 2415 longissimum
964 2340 1065 2412 finem,

80 2426 138 2485 sed
152 2426 327 2484 maximum.
371 2426 424 2484 llle
444 2441 518 2485 vero
545 2427 691 2500 glorietur
714 2425 861 2485 audacter
880 2432 911 2484 et
932 2423 980 2483 dis
997 2428 1067 2496 agat

79 2508 195 2585 gratias
211 2508 351 2581 interque
366 2523 421 2567 eos
438 2508 512 2579 sibi,
529 2516 559 2569 et
572 2525 674 2569 rerum
690 2516 817 2567 naturae
831 2508 964 2583 inputet,
981 2504 1066 2579 quod

80 2594 144 2654 luit.
173 2591 279 2650 merito
303 2591 383 2650 enim
402 2592 567 2666 inputabit=
584 2592 738 2651 meliorem
760 2590 801 2648 illi
821 2589 913 2649 vitam
933 2587 1067 2650 reddidit

81 2693 173 2752 quam
189 2675 323 2750 accepit:
339 2675 497 2750 exemplar
509 2675 582 2736 boni
595 2673 650 2733 viri
666 2673 779 2750 posuit.
804 2668 903 2747 qualis
920 2677 1064 2748 quantus·

82 2777 143 2836 que
157 2766 242 2821 esset
256 2757 404 2821 ostendit=
420 2760 447 2821 si
463 2756 536 2833 quid
552 2752 725 2831 adiecisset,
742 2756 852 2817 luisset
864 2754 961 2816 simile
977 2772 1066 2831 prae-

80 2845 179 2905 terito.
207 2845 371 2920 Ettamen,
394 2860 558 2921 quousque
576 2843 720 2916 vivimuS,
744 2842 877 2903 omnium
897 2857 997 2901 rerum
1014 2850 1094 2904 co·9

81 2929 215 3003 gnitione
237 2930 325 2990 lructi
347 2946 469 2991 sumusz
486 2929 616 3000 seimus,
640 2944 658 2987 a
679 2927 790 3003 quibus
811 2923 988 3001 principalis
1010 2940 1063 2983 na-

82 3021 149 3071 mra
170 3029 204 3073 se
227 3013 367 3089 adtollat,
394 3014 652 3089 quemadmodum
674 3012 794 3072 ordinet
815 3011 976 3081 mundum,
1010 3023 1065 3082 per

82 3113 159 3171 quas
176 3114 286 3157 annum
302 3098 387 3158 vices
409 3106 548 3173 revocet,
573 3096 828 3172 quemadmodum
845 3094 961 3166 omnia,
985 3107 1064 3166 quae

80 3182 213 3256 usquam
229 3189 329 3254 erant,
350 3181 474 3242 eluserit
489 3189 519 3241 et
533 3183 668 3256 seipsam
684 3180 776 3239 linem
798 3178 845 3238 sui
860 3177 975 3237 lecerit.
1005 3176 1063 3235 sci-

81 3282 148 3325 mus
163 3266 266 3325 sidera
284 3265 389 3339 inpetu
405 3281 462 3325 suo
477 3265 600 3339 vadere,
621 3272 741 3339 praeter
757 3269 867 3322 terram
882 3260 954 3320 nihil
973 3267 1063 3330 stare,

81 3357 182 3409 cetera
211 3349 355 3410 continua
375 3349 537 3409 velocitate
559 3349 732 3408 decurrere.
780 3346 895 3405 seimus
919 3342 1066 3419 quemad-

81 3433 204 3494 modum
221 3435 318 3493 solem
333 3435 405 3492 luna
420 3440 605 3507 praetereat,
629 3446 724 3506 quare
744 3427 861 3488 tardior
880 3428 1066 3487 velociorem

81 3525 153 3590 post
173 3533 208 3576 se
228 3517 395 3590 relinquat,
419 3516 574 3590 quomodo
592 3516 694 3574 lumen
717 3511 851 3584 accipiat
873 3518 925 3570 aut
948 3509 1066 3583 perdat,
