2422 3862
171 238 234 301 412
462 237 494 294 L.
516 235 661 294 ANNAEI
681 233 856 294 SENECAE

134 406 163 460 ll
172 391 290 465 Quanta
305 390 454 451 dementia
468 395 517 448 est
530 383 653 447 heredis
667 387 715 446 sui
728 401 780 445 res
796 401 961 461 procurare
975 394 1007 447 et
1022 387 1084 448 sibi
1100 403 1156 448 ue·

173 489 246 550 gare
262 473 371 548 omnia,
387 480 419 533 ut
434 469 487 532 tibi
501 486 540 531 ex
554 470 651 530 amico
665 468 816 530 inimicum
833 484 942 544 magna
957 470 1051 531 faciat
1064 470 1154 531 here·

174 558 272 618 ditas?
294 559 363 631 plus
380 556 459 616 enim
474 553 617 629 gaudebit
634 561 684 614 tua
702 560 884 628 morteque
899 554 969 628 plus
987 555 1155 630 acceperit.

173 641 252 702 Istos
268 641 370 701 tristes
387 647 417 700 et
431 637 651 713 superciliosos
666 638 783 697 alienae
797 638 877 697 vitae
895 652 1060 713 censores,
1078 654 1156 697 suae

173 723 293 797 hostes,
310 723 451 798 publicos
467 722 666 798 paedagogos
683 721 764 782 assis
781 736 819 780 ne
834 719 944 780 leceris
959 735 1017 780 neo
1031 721 1154 782 dubita·

173 809 254 868 veris
268 807 380 866 bonam
396 807 486 867 vitam
502 821 592 880 quam
608 803 783 880 opinionem
797 804 909 866 bonam
923 805 1044 864 nralle.“

134 907 165 960 lt
232 891 297 951 liae
313 905 407 949 voces
425 906 486 949 non
501 889 587 948 aliter
602 886 763 964 fugiendae
780 896 851 950 sunt
865 904 956 963 quarn
972 887 1059 963 illae,
1075 905 1154 964 quas

172 975 277 1035 Ulixes
298 974 357 1033 nisi
378 973 526 1048 adligatus
548 972 739 1047 praetervehi
762 972 872 1033 noluit:
901 972 981 1032 idem
1004 979 1152 1046 possunt:

172 1057 359 1118 abducunta
374 1057 477 1131 patria,
494 1073 513 1116 a
527 1055 714 1131 parentibus»,
731 1056 769 1115 ab
783 1055 899 1129 amicis,
914 1071 937 1114 a
949 1053 1111 1116 virtutibus
1124 1062 1154 1115 et

173 1143 249 1202 inter
261 1157 347 1216 spem
366 1149 395 1201 et
409 1139 500 1200 vitam
522 1139 664 1200 miseram
680 1138 740 1201 situ
754 1142 837 1214 turpi
856 1138 1009 1199 inludunt=
1038 1148 1152 1215 quanto

172 1224 268 1285 satius
283 1232 330 1285 est
343 1232 459 1285 rectum
473 1224 561 1298 sequi
577 1221 697 1283 limitem
716 1231 745 1284 et
760 1239 797 1283 eo
813 1238 848 1283 se
865 1223 1051 1297 perducere,
1068 1230 1102 1283 ut
1117 1239 1153 1283 ea

134 1310 292 1381 rgdemum
314 1309 375 1368 sint
394 1307 447 1368 tibi
467 1308 615 1380 iucunda,
638 1322 718 1382 quae
739 1306 888 1366 honestat
915 1307 997 1381 quod
1022 1306 1151 1380 adsequi

174 1393 348 1467 poterimus,
367 1391 393 1451 si
408 1391 567 1452 scierimus
582 1390 644 1450 duo
659 1404 730 1450 esse
744 1404 858 1465 genera
872 1405 982 1462 rerum,
999 1406 1080 1463 quae
1095 1407 1153 1452 uos

173 1483 224 1536 aut
238 1476 364 1535 invitent
384 1482 436 1535 aut
453 1476 572 1548 lugent:
592 1473 720 1534 invitant
736 1475 789 1552 [ut]
808 1473 946 1547 divitiae,
968 1474 1154 1548 voluptates,

173 1561 284 1634 forma,
306 1557 440 1633 ambitio,
462 1565 563 1618 cetera
576 1556 689 1617 blanda
704 1563 733 1616 et
747 1557 932 1616 adridentia=
956 1556 1042 1630 lugat
1056 1557 1153 1630 labor,

173 1660 265 1716 mors,
285 1644 382 1718 dolor,
395 1642 567 1719 ignominia,
580 1639 678 1701 victus
692 1640 873 1701 adstrictior.
889 1640 1038 1700 debemus
1049 1639 1153 1714 itaque

173 1729 310 1786 exerceri
328 1742 366 1786 ue
381 1726 458 1786 haec
472 1727 640 1799 timeamus,
656 1741 695 1783 ne
710 1724 761 1783 illa
775 1724 944 1799 cupiamus.
982 1724 1016 1781 ln
1033 1731 1152 1784 contra·

173 1811 250 1870 rium
273 1826 443 1886 pugnemus
464 1817 494 1870 et
513 1809 552 1868 ab
570 1807 766 1868 invitantibus
785 1808 982 1880 recedamus,
1002 1807 1153 1869 adversus

136 1895 307 1969 repetentia
325 1894 520 1956 concitemur.
563 1892 629 1952 Non
646 1892 749 1966 vides,
773 1908 865 1970 quum
887 1891 1028 1952 diversus
1044 1893 1084 1951 sit
1101 1891 1153 1950 de·

132 2001 136 2008 ·
174 1979 384 2038 scandentium
398 1977 518 2037 habitus
535 1982 565 2036 et
582 1976 856 2037 adscendentiuml
883 1974 934 2051 qui
949 1990 1007 2053 per
1023 1991 1153 2052 pronum

173 2068 254 2136 eunt,
269 2062 450 2137 resupinant
464 2076 603 2136 corpora,
621 2061 717 2135 quiin
733 2061 871 2134 arduum,
880 2060 1067 2136 incumbunt.
1083 2078 1153 2121 nam

174 2144 201 2203 si
222 2144 410 2218 descendas,
434 2145 557 2218 pondus
578 2149 666 2205 suum
684 2143 714 2204 in
732 2145 862 2220 priorem
879 2151 995 2220 partem
1011 2145 1103 2219 dare,
1128 2146 1153 2204 si

173 2226 362 2302 adscendas,
385 2234 466 2289 retro
482 2228 635 2288 abducere
650 2242 718 2288 cum
740 2226 828 2301 vitio,
844 2228 957 2301 Lucili,
979 2227 1155 2289 consentire

173 2318 229 2370 est.
257 2311 291 2369 ln
308 2312 480 2385 voluptates
497 2309 702 2384 descenditur,
718 2312 747 2370 in
763 2327 874 2385 aspera
890 2320 920 2372 et
931 2311 1008 2371 dura
1020 2313 1153 2373 subeun-

133 2394 244 2457 lodum
260 2402 321 2454 est=
342 2394 390 2453 hio
406 2394 587 2469 inpellamus
603 2410 749 2470 corpora,
767 2395 827 2454 illic
842 2395 1043 2455 refrenemus.
1087 2397 1153 2455 Hoc

173 2494 253 2539 nnnc
277 2493 326 2538 me
348 2479 504 2538 existimas
527 2479 644 2551 dicere,
668 2494 723 2539 eos
745 2476 1069 2553 tantumpernioiosos
1084 2495 1155 2538 esse

173 2561 296 2622 auribus
318 2562 446 2633 nostris,
473 2562 524 2636 qui
547 2561 734 2636 voluptatem
753 2562 886 2632 laudant,
915 2562 966 2635 qul
985 2562 1112 2624 dolores
1127 2569 1155 2620 et

172 2655 286 2718 metus,
311 2661 365 2720 per
381 2660 415 2704 se
431 2644 637 2706 formidabiles
652 2660 718 2716 res,
741 2644 908 2704 incutiunt?
935 2645 1006 2706 illos
1031 2661 1155 2720 qnoque

173 2744 284 2789 nocere
299 2728 389 2788 nobis
405 2729 555 2802 existimo,
573 2729 698 2802 quinos
715 2727 773 2787 sub
791 2729 897 2802 specie
912 2727 1036 2789 Stoicae
1052 2737 1154 2790 sectae

172 2811 330 2871 hortantur
346 2812 385 2870 ad
400 2812 481 2871 vitia.
503 2811 562 2870 hoc
578 2810 655 2870 enim
672 2812 799 2871 iactant=
823 2813 922 2872 solum
938 2811 1112 2887 sapientem
1127 2821 1155 2872 et

174 2894 296 2953 doctum
320 2909 392 2954 esse
414 2903 589 2954 amatorem.
609 2939 639 2968 a„
649 2895 734 2955 solus
763 2902 852 2969 aptus
877 2895 915 2954 ad
941 2895 1022 2956 hanc
1045 2903 1154 2956 artem:

174 2991 272 3050 aeque
288 2975 471 3037 conbibendi
487 2985 516 3037 et
531 2977 713 3052 convivendi
729 2979 853 3052 sapiens
871 2986 919 3038 est
934 2977 1154 3054 peritissimus:

174 3074 364 3134 quaeramus,
377 3060 417 3120 ad
430 3077 520 3138 quam
533 3076 634 3136 usque
648 3068 775 3121 aetatem
790 3063 917 3122 iuvenes
929 3064 1051 3122 amandi
1065 3064 1155 3124 sint.“

132 3144 254 3206 lfillaec
272 3143 407 3205 Graecae
428 3145 643 3206 consuetudini
664 3145 734 3205 data
756 3144 830 3207 sint:
853 3161 911 3206 nos
932 3146 972 3206 ad
986 3146 1039 3206 illa
1054 3148 1154 3222 potius

174 3242 265 3287 aures
292 3227 474 3301 dirigamus:
508 3228 621 3302 „Nemo
646 3236 696 3288 est
720 3245 795 3288 casu
819 3229 930 3289 bonus.
967 3230 1155 3292 discenda

173 3309 300 3370 virtus
322 3318 378 3369 est.
407 3312 594 3386 voluptas
616 3310 736 3371 humilis
758 3327 809 3372 res
831 3320 861 3372 el
881 3313 993 3386 pusilla
1012 3323 1061 3374 est
1082 3323 1112 3376 et
1126 3317 1153 3375 in

175 3395 256 3454 nullo
277 3393 419 3453 habenda
440 3397 554 3468 pretio,
576 3396 744 3456 communis
767 3411 834 3455 cum
855 3396 946 3455 mutis
962 3397 1153 3473 animalibus,

174 3478 328 3551 adquam
355 3475 477 3537 minima
499 3486 530 3538 et
555 3478 816 3554 contemptissima
842 3479 996 3539 advolant.
1028 3482 1153 3556 gloria
