2422 3862
238 210 408 274 EPISTUL.
424 211 518 274 molt.
540 213 664 280 uttan.
686 213 744 273 ΕΡ.
760 223 785 275 1.
808 218 880 290 (77.)
986 213 1046 278 193

69 367 239 445 periculum
259 365 360 439 adire,
386 381 456 426 cum
473 365 621 427 incertum
641 373 740 440 esset,
766 382 805 426 an
828 383 912 428 mors
933 368 1047 429 domini

68 451 243 514 voluntarla
262 450 385 510 luisset:
414 450 550 526 alioquin
570 458 631 511 tam
646 451 716 510 mali
732 450 866 527 exempli
881 467 952 512 esse
966 454 1047 514 occi·
1152 492 1157 497 -

68 538 142 598 dere
163 534 318 597 dominum
341 551 433 609 quam
451 534 626 611 prohibere.
669 535 787 596 Deinde
805 534 907 610 ipsum
920 535 1076 600 Marcel-8

67 622 163 682 linum
191 619 350 680 admonuit
375 635 437 680 non
458 634 530 680 esse
550 619 760 694 inhumanum,
789 620 1048 694 quemadmodum

67 721 167 768 coena
188 711 313 780 peracta
334 704 482 779 reliquiae
504 704 770 765 circumstantibus
792 703 981 779 dividantur,
1002 706 1047 766 sic

69 796 194 867 peracta
215 788 275 848 vita
295 786 412 864 aliquid
429 787 544 864 porrigi
559 787 622 861 his,
646 788 698 862 qui
715 789 809 849 totius
824 789 905 849 vitae
919 790 1046 851 ministri

68 875 208 935 fuissem
237 879 303 932 erat
316 872 511 933 Marcellinus
527 870 624 932 facilis
639 871 730 932 animi
747 880 778 932 et
792 872 941 946 liberalis,
957 874 1046 934 etiam

68 975 137 1019 cum
160 958 200 1017 dc
223 973 280 1018 suo
302 957 403 1017 lieret:
431 957 564 1017 minutas
585 957 687 1032 itaque
709 960 877 1021 summulas
896 959 1048 1019 distribuit

68 1041 214 1103 dentibus
234 1041 334 1101 servis
356 1049 387 1103 el
407 1040 477 1102 illos
502 1041 581 1101 ultro
603 1043 780 1103 consolatus
802 1049 858 1102 est.
902 1042 969 1102 Non
994 1041 1075 1109 inito

67 1128 108 1187 illi
124 1142 205 1202 opus
221 1127 317 1197 terro,
339 1142 400 1185 non
417 1125 581 1200 sanguine:
605 1125 705 1186 triduo
727 1127 872 1187 abstinuit
886 1135 916 1187 et
930 1129 959 1187 in
975 1128 1046 1203 ipso

67 1210 210 1272 cubiculo
227 1209 298 1285 poni
313 1210 542 1270 tabernaculum
557 1209 655 1270 iussit.
678 1210 788 1271 solium
800 1211 911 1271 deinde
922 1212 1046 1272 inlatum

65 1302 129 1368 est,
152 1295 183 1355 in
206 1311 267 1370 quo
289 1295 341 1355 diu
357 1294 449 1354 iacuit
463 1302 493 1354 et
508 1294 597 1354 calda
611 1294 743 1356 subinde
759 1294 888 1355 subtusa
902 1297 1046 1371 paulatim

66 1379 196 1453 deiecit,
211 1386 245 1440 ut
258 1378 373 1450 aiebat,
388 1395 450 1439 non
466 1379 533 1439 sine
548 1379 680 1454 quadam
696 1380 867 1454 voluptate,
885 1396 977 1455 quam
993 1383 1046 1441 ad·

66 1465 147 1524 lcrre
163 1463 243 1524 solet
258 1461 335 1523 lenis
352 1462 513 1524 dissolutio
530 1480 591 1525 non
607 1464 767 1539 inexperta
781 1462 879 1535 nobis,
899 1480 977 1538 quos
993 1465 1046 1524 ali-

66 1548 193 1623 quando
209 1548 296 1622 liquit
310 1547 440 1608 animus.
472 1547 508 1606 ln
528 1546 668 1608 fabellam
684 1547 806 1608 excessi
821 1564 882 1606 non
897 1548 1045 1622 ingratam
1056 1552 1089 1604 ιο

65 1631 129 1693 tibi.
152 1633 268 1693 exitum
283 1632 362 1692 enim
381 1633 470 1691 amici
492 1632 533 1692 tui
549 1647 721 1707 cognosces
739 1647 801 1691 non
818 1630 972 1691 diliicilem
989 1648 1046 1692 nec

66 1718 222 1777 miserum.
250 1714 391 1792 quamvis
407 1716 487 1777 enim
502 1723 631 1776 mortem
645 1714 703 1775 sibi
725 1715 923 1787 consciverit,
946 1723 1046 1777 tanren

66 1799 247 1862 mollissime
268 1804 404 1862 excessit
424 1805 454 1860 et
475 1801 556 1860 vitae
570 1799 697 1875 elapsus
713 1807 770 1860 cst.
807 1800 863 1860 scd
879 1815 918 1860 ne
933 1799 1045 1860 inutilis

66 1885 191 1961 quidem
206 1886 283 1946 baec
299 1885 410 1946 labella
426 1884 528 1945 luerit:
552 1899 647 1958 saepe
662 1880 742 1943 enim
756 1884 828 1944 talia
841 1885 982 1959 exempla
993 1901 1045 1944 ne-

65 1970 198 2031 cessitas
214 1969 317 2045 exigit.
341 1985 437 2045 saepe
452 1968 599 2029 dcbcmus
614 1969 692 2029 mori
707 1983 765 2028 neo
781 1969 938 2030 volumus:
954 1968 1045 2030 mori-

66 2072 133 2116 mur
155 2071 214 2116 nec
233 2055 386 2116 volumus.
429 2055 525 2115 Nemo
546 2062 606 2113 tam
628 2053 776 2128 inperitus
798 2060 860 2127 est,
881 2061 915 2114 ut
929 2053 1087 2115 nesciatll

67 2140 258 2216 quandoque
278 2139 484 2200 moriendum:
508 2147 607 2199 tamen
623 2153 691 2197 cum
707 2153 804 2213 prope
819 2138 971 2212 accessit,
988 2145 1045 2200 ter-

66 2222 248 2300 giversatur,
262 2223 370 2297 tremit
387 2224 496 2299 plorat.
538 2222 645 2283 Nonne
663 2223 716 2282 tibi
734 2223 887 2285 videbitur
902 2222 1044 2284 stultissi—

66 2324 134 2370 mus
150 2309 293 2382 omnium,
312 2308 363 2384 qui
378 2307 471 2382 llevit
488 2308 572 2384 quod
590 2313 660 2366 ante
675 2322 773 2368 annos
788 2305 869 2367 mille
885 2325 946 2368 non
961 2309 1044 2368 vixe-

65 2399 133 2454 rat?
161 2408 261 2469 aeque
283 2394 392 2453 stultus
414 2400 477 2465 est,
501 2391 554 2468 qui
574 2389 642 2466 liet,
664 2392 747 2468 quod
764 2399 836 2466 post
850 2407 949 2454 annos
966 2393 1046 2452 mille

66 2493 127 2538 non
138 2474 232 2538 vivet.
254 2477 331 2537 baec
350 2477 436 2551 paria
451 2484 536 2537 sunt:
554 2492 615 2535 non
628 2478 688 2536 eris
699 2493 755 2536 nec
768 2476 860 2537 luisti.
882 2484 1045 2551 utrumque

65 2569 187 2638 tempus
205 2561 337 2621 alienum
351 2568 407 2620 est.
451 2561 485 2620 ln
498 2561 558 2620 hoc
579 2569 693 2635 puncto
716 2562 873 2621 coniectus
889 2576 939 2634 es,
962 2559 1088 2636 quodm

66 2655 98 2707 ut
111 2645 273 2719 extendas,
289 2660 454 2721 quousque
465 2644 638 2706 extendes?
665 2644 741 2718 Quid
754 2644 834 2704 llest
849 2645 920 2720 quid
934 2651 1045 2719 optast

67 2728 171 2806 perdis
190 2745 326 2806 operam.

192 2817 294 2875 denne
304 2815 377 2889 sota
392 2814 478 2874 mum
488 2817 571 2888 flecti
583 2831 708 2890 sperare
720 2815 883 2890 prooemio.

65 2907 130 2960 rata
152 2907 183 2959 et
203 2899 267 2958 fixa
282 2906 353 2959 sunt
368 2905 398 2958 et
413 2914 523 2972 magna
539 2906 631 2975 atque
649 2906 774 2959 aeterna
788 2895 973 2959 necessitate
989 2898 1043 2958 du-

65 2991 185 3044 cuntur.
215 2997 252 3042 eo
267 2981 342 3056 ibis,
363 2998 424 3058 quo
447 2982 549 3043 omnia
564 2990 645 3043 eunt.
672 2984 745 3059 quid
760 2983 813 3044 tibi
828 2981 901 3044 novi
916 2989 984 3044 esti
1005 2982 1044 3042 ad

64 3067 144 3129 hano
165 3068 264 3141 legem
284 3076 372 3128 natus
394 3080 438 3126 es.
467 3065 527 3127 hoc
548 3068 696 3142 patrituo
719 3067 843 3141 accidit,
867 3068 927 3128 hoo
947 3066 1044 3139 matri,

63 3152 124 3214 hoc
138 3149 316 3225 maioribus,
331 3150 392 3212 hoc
406 3149 546 3211 omnibus
562 3159 632 3212 ante
644 3158 682 3226 te,
696 3151 756 3212 hoe
769 3151 910 3212 omnibus
923 3158 1044 3227 postte.

64 3238 163 3297 series
184 3234 298 3295 invicta
318 3241 348 3294 et
369 3235 452 3296 nulla
471 3234 623 3295 mutabilis
648 3251 708 3310 ope
732 3235 869 3310 inligavit
893 3250 930 3295 ac
956 3233 1046 3296 trahit

64 3327 185 3383 cuncta.
209 3319 343 3395 Quantus
357 3328 385 3380 te
398 3318 531 3394 populus
543 3319 756 3381 moriturorum
769 3325 936 3394 sequeturt
951 3323 1089 3394 quan-13

65 3413 114 3466 tus
131 3402 345 3465 comitabitur?
366 3404 482 3477 lortior,
496 3411 531 3464 ut
545 3403 670 3478 opinor,
686 3419 790 3475 esses,
815 3403 841 3462 si
857 3399 1049 3464 multamilia

65 3489 118 3550 libi
141 3488 416 3549 commorerenlum
444 3485 531 3568 atqui
550 3489 648 3552 mulla
662 3487 936 3552 milialmmmum
950 3481 1066 3544 etam-

55 3609 57 3612 ·
100 3589 198 3627 aaaron
213 3589 282 3630 narr.
301 3576 342 3632 lll.
869 3579 914 3634 is
