2422 3862
149 226 212 292 442
458 231 489 286 L.
502 230 641 289 ΑΝΝΑΕΙ
654 228 818 289 SENECAE

150 392 192 442 tor
203 384 345 442 Ciceronis
356 399 467 440 errores
478 384 711 454 deprecatur‚et=

214 485 290 540 „non
303 468 365 538 ruit,
379 468 480 538 inquit,
498 466 641 524 Ciceronis
655 467 710 524 hoc
725 468 823 526 vitium
838 468 891 525 sed
907 470 1060 541 temporisr
1079 486 1131 526 rre-

151 569 232 610 cesse
244 559 303 608 erat
316 551 388 607 haec
400 551 469 620 dici,
482 567 545 607 cum
557 553 604 608 illa
617 554 805 623 legerentur.“

209 636 318 694 Deinde
334 635 467 692 adscribit
483 634 648 692 Ciceronem
660 634 733 692 haec
750 637 813 707 ipsa
823 636 1026 708 interposuisse
1038 638 1077 692 ad
1090 639 1130 692 et·

95 729 144 786 113
152 720 315 792 fugiendam
335 720 478 774 infamiam
498 719 581 775 nimis
600 720 724 776 lascivae
742 720 875 776 orationis
890 726 919 776 et
936 720 1051 775 nitidae.
1087 721 1130 776 De

152 804 269 876 Virgilio
284 818 396 874 quoque
408 802 508 858 eodem
520 804 549 858 in
560 804 623 859 loco
633 805 722 860 verba
739 803 811 859 haec
827 805 919 874 ponit:

212 887 364 958 „Virgilius
382 902 493 957 quoque
504 893 667 943 nosternon
678 903 714 942 ex
725 888 779 942 alia
790 903 878 942 causa
889 887 975 943 duros
989 888 1129 958 quosdam

148 986 249 1028 versus
267 976 296 1026 et
312 985 442 1025 enormes
459 977 486 1025 et
498 970 603 1041 aliquid
620 987 706 1042 supra
718 986 877 1026 mensuram
889 969 1032 1026 trahentes
1043 972 1128 1027 inter·

147 1055 241 1126 posuit
258 1069 342 1124 quam
352 1060 381 1108 ut
390 1053 533 1109 Ennianus
546 1055 666 1126 populus
679 1060 846 1126 agnosceret
862 1055 891 1108 in
908 1071 984 1110 novo
1002 1055 1127 1110 carmine

148 1138 253 1208 aliquid
265 1138 460 1208 antiquitatis.“

91 1231 141 1287 114
208 1219 267 1278 Sed
282 1222 338 1277 iam
347 1223 499 1279 verbomm
510 1220 638 1279 Senecae
648 1222 740 1294 piget,
757 1220 829 1277 haec
843 1226 936 1278 tamen
947 1222 1035 1293 inepti
1047 1228 1074 1276 et
1084 1224 1126 1277 in-

149 1305 240 1361 subidi
249 1304 370 1361 hominis
380 1307 443 1362 ioco
454 1321 510 1361 non
521 1307 696 1377 praeteribos

212 1388 352 1459 „Quidam
365 1396 442 1458 sunt,
458 1390 560 1460 inquit,
579 1396 635 1445 tam
645 1390 740 1460 magni
752 1404 853 1445 sensus
866 1387 899 1456 Q.
912 1389 1010 1458 Ennii,
1023 1394 1052 1444 ut
1064 1391 1128 1444 lieet

148 1474 241 1545 scripti
254 1474 308 1530 sint
319 1475 390 1530 inter
401 1473 540 1543 hircosas,
553 1473 662 1545 possint
677 1478 769 1528 tanmn
781 1472 852 1528 inter
866 1478 1054 1544 unguentatos
1067 1475 1126 1544 pla-

147 1559 240 1613 cere.“
275 1563 302 1613 et
318 1573 382 1614 cum
393 1557 622 1629 reprehendisset
632 1572 748 1626 versus,
767 1572 838 1627 quos
853 1571 940 1628 supra
951 1555 988 1611 de
1001 1555 1126 1628 Cethego

146 1641 305 1712 posuimus:

210 1725 276 1794 „qui
288 1723 523 1795 huius[ee]modi‚
532 1724 642 1795 inquit,
654 1738 755 1779 versus
766 1728 873 1792 amant,
886 1722 989 1794 liqueat
999 1722 1048 1777 tihi
1060 1739 1127 1779 eos·

149 1806 212 1863 dem
228 1807 361 1864 admirari
373 1815 400 1865 et
415 1807 553 1866 Soteriehi
567 1807 682 1862 lectos.“

92 1888 141 1943 115
211 1891 316 1963 Dignus
334 1909 403 1948 sane
415 1890 525 1948 Seneca
536 1891 664 1947 videatur
674 1891 793 1945 lectione
808 1906 841 1945 ac
853 1889 944 1945 studio
958 1888 1126 1946 adolescen-

148 1974 228 2043 tium,
240 1975 287 2045 qui
298 1975 434 2031 honorem
446 1976 625 2045 coloremque
636 1974 739 2031 veteris
751 1974 884 2028 orationis
893 1970 1032 2029 Soteriehi
1047 1974 1126 2029 lectis

148 2059 321 2129 comparavit
342 2060 422 2130 quasi
439 2059 568 2113 minimae
586 2057 692 2114 scilicet
709 2058 816 2129 gratiae
832 2064 859 2112 et
875 2055 1046 2112 relictis'iam
1058 2073 1125 2112 con-

148 2141 328 2212 temptisque=
341 2142 440 2197 audias
453 2148 546 2197 tamen
558 2142 770 2197 commemorari
782 2157 816 2195 ac
828 2141 925 2195 reterri
932 2156 1025 2211 pauca
1038 2156 1126 2212 quae·

148 2222 230 2292 dam,
252 2240 323 2294 quae
336 2225 411 2281 idern
423 2226 484 2297 ipse
495 2223 605 2281 Seneca
615 2224 688 2279 hene
700 2224 813 2279 dixerit:

210 2305 303 2376 „Quid
320 2309 393 2363 enirn
410 2311 509 2377 refert,
528 2313 659 2379 quantum
673 2306 803 2363 habeas?
821 2308 905 2362 mullo
916 2306 986 2361 illud
996 2309 1062 2379 plus
1076 2314 1125 2379 est,

147 2391 223 2461 quod
236 2406 292 2445 non
304 2390 402 2447 habes.
410 2393 427 2421 “

207 2473 285 2529 Bene
300 2474 354 2530 hoe
366 2493 451 2543 sane,
468 2478 550 2531 hene.
569 2475 621 2531 sed
632 2474 851 2530 adolescentium
864 2473 988 2529 indolem
1001 2482 1125 2530 nontam

146 2556 241 2614 iuvant
256 2574 327 2629 quae
338 2562 411 2616 benc
423 2559 496 2615 dieta
515 2565 592 2628 sunt,
615 2574 698 2628 quam
715 2557 838 2613 inficiunt
858 2573 931 2628 quae
947 2559 1124 2629 saepissime,
1179 2561 1181 2567 '

146 2642 286 2713 multoque
299 2648 373 2699 tanto
385 2644 494 2715 magis,
513 2643 537 2697 si
550 2648 577 2698 et
586 2642 667 2713 plura
679 2648 754 2711 sunl,
768 2657 840 2711 quae
852 2640 995 2697 deteriora
1007 2648 1086 2710 sunt,
1100 2648 1126 2696 et

145 2725 285 2791 quaedam
297 2727 324 2782 in
334 2726 378 2782 his
391 2743 446 2783 non
457 2742 509 2798 pro
521 2725 727 2798 enthymemate
736 2726 828 2795 aliquo
839 2725 878 2780 rei
889 2740 998 2796 parvae
1012 2741 1047 2781 ac
1060 2725 1125 2780 sim·

144 2805 240 2876 plicis,
256 2810 308 2864 sed
320 2811 347 2864 in
357 2827 387 2867 re
399 2811 510 2882 ancipiti
519 2825 571 2880 pro
584 2808 699 2864 consilio
716 2807 851 2863 dicuntur.

297 2941 393 2998 xvlll.
421 2940 578 2999 Moenus
596 2939 853 2998 PHILOSOPHIAE
868 2939 972 2995 LIBRI.

89 3047 140 3105 116
210 3054 314 3115 Seneca
328 3064 405 3133 epist.
421 3066 486 3134 106,
504 3066 531 3118 1.
568 3059 640 3128 Quid
659 3076 727 3131 ergo
744 3061 807 3129 tuit,
826 3075 913 3129 quare
927 3075 985 3114 non
996 3062 1125 3132 protinus

147 3139 328 3199 rescriberem
350 3146 388 3215 ei,
412 3145 448 3200 de
471 3161 525 3215 quo
549 3145 730 3215 quaerebas?
760 3143 891 3200 ventebat
911 3143 940 3197 in
963 3149 1124 3200 contextum

147 3223 240 3289 operis
252 3228 314 3282 mei.
337 3229 392 3284 scis
410 3229 484 3284 enim
501 3245 546 3284 me
563 3227 732 3282 moralem
753 3225 1030 3298 philosophiam
1052 3231 1125 3285 veile

146 3308 282 3376 conplecti
299 3318 326 3367 et
345 3328 443 3368 omnes
461 3310 498 3367 ad
516 3327 577 3367 eam
592 3311 755 3382 pertinentis
770 3311 950 3382 quaestiones
970 3313 1125 3383 explicare.

144 3380 237 3457 itaque
254 3393 392 3465 dubitavi,
419 3401 509 3451 utrum
527 3393 670 3450 differrem
688 3400 731 3464 te,
754 3410 803 3463 an,
825 3393 917 3448 donec
936 3409 1005 3450 suus
1023 3396 1069 3451 isti
1086 3394 1126 3451 rei

136 3472 246 3535 veniret
259 3480 354 3556 locus,
375 3482 419 3540 ius
431 3480 481 3540 tibi
493 3485 573 3538 extra
583 3478 712 3536 ordinem
720 3477 855 3534 dicerem:
867 3475 1020 3534 humanius
1034 3480 1126 3537 visum
