2422 3862
259 221 434 283 eristum.
449 220 544 282 UOR.
562 221 636 282 LlB.
650 223 700 283 lx.
720 221 779 282 ul).
793 234 817 285 1.
833 232 905 298 (72.)
1014 225 1074 290 171

92 375 298 441 incumbam.“
327 381 359 435 et
373 373 421 449 „si
435 373 515 433 hanc
528 388 594 433 rem
609 372 769 434 molestam
783 390 996 451 conposuere,
1012 384 1074 439 stu-

93 463 140 524 dio
153 460 336 522 medabo.“
356 457 437 519 llou
453 473 534 519 cum
549 459 772 530 vacaveris,
789 458 1107 535 philosopher-3

92 547 176 609 dum
191 552 268 607 εειι
289 542 420 604 omnia
440 542 517 602 alia
538 542 782 617 neglegenda
803 552 906 616 sunt,
928 554 966 605 ul
988 544 1076 606 huic

92 626 1077 703 adsideamus,cuinullumtempussatismagnum

92 722 166 789 est,
193 711 316 774 etiamsi
341 727 360 770 a
383 709 514 786 pueritia
539 725 641 786 usque
668 710 708 770 ad
728 711 928 786 longissimos
952 714 1076 774 humani

92 800 160 860 aevi
178 797 329 859 terminos
343 794 407 854 vita
420 794 609 870 producitur.
638 810 699 855 non
714 797 839 858 multum
853 799 960 871 relert‚
976 805 1076 859 utrum

95 883 216 945 omittas
228 879 460 957 philosophiam
473 895 512 939 en
528 878 718 940 intermittas.
748 896 808 943 non
824 881 905 943 enim
919 883 971 943 ubi
985 883 1076 943 inter-

95 976 184 1044 rupta
204 973 268 1040 ost,
291 971 410 1036 manet,
432 963 490 1024 sed
511 979 616 1024 eorum
637 979 737 1037 more,
761 981 841 1041 quoe
856 967 970 1028 intenta
984 967 1075 1029 dissi·
1121 998 1124 1003 ·

96 1053 183 1126 bunt,
206 1065 310 1127 usque
327 1049 367 1109 ad
382 1047 465 1109 initia
481 1064 538 1108 sua
551 1049 694 1121 recurrit,
715 1050 799 1124 quod
816 1066 834 1110 a
849 1052 1077 1114 continuatione

98 1135 250 1198 discessit
279 1132 496 1194 Resistendum
512 1141 561 1193 est
575 1133 830 1209 occupationibus
847 1151 905 1197 nec
919 1139 1075 1213 explican-

98 1221 167 1295 dae,
184 1220 242 1281 sed
257 1217 490 1280 submovendae
504 1223 584 1277 suut.
613 1223 736 1292 tempus
754 1219 878 1294 quidem
892 1221 1008 1282 nullum
1022 1238 1076 1297 pa-

99 1321 160 1366 mm
172 1310 222 1366 est
233 1303 381 1364 idoneum
396 1301 496 1362 studio
513 1303 653 1363 salutari:
667 1303 750 1378 alqui
764 1304 848 1365 multi
860 1303 939 1366 inter
947 1306 999 1367 illa
1013 1323 1076 1367 non

99 1390 236 1464 student,
258 1393 387 1463 propter
407 1401 487 1461 quae
500 1386 687 1448 studendum
702 1397 758 1448 est.
798 1388 935 1461 „Incidet
949 1390 1106 1465 aliquid,4

100 1475 181 1550 quod
195 1471 366 1548 inpediet“
395 1487 456 1532 non
472 1469 595 1546 quidem
611 1473 798 1559 eumaecuius
813 1471 932 1534 animus
948 1475 978 1532 in
994 1475 1076 1534 omni

100 1561 219 1635 negotio
238 1557 340 1617 laetus
360 1561 453 1631 atque
468 1555 570 1615 alacer
584 1564 646 1617 est:
667 1554 843 1631 idperlectis
861 1555 963 1618 adhuc
984 1558 1075 1617 inter·

49 1688 53 1697 .
100 1643 247 1705 scinditur
272 1638 399 1714 laetitia,
428 1638 579 1716 sapientis
611 1655 686 1699 vero
716 1641 889 1701 contexitur
920 1641 1075 1717 gaudium,

99 1729 177 1789 nulla
198 1741 296 1788 causa
315 1724 480 1800 rumpitur,
508 1725 591 1785 nulla
612 1724 748 1797 fortuna,
771 1739 894 1799 semper
913 1732 944 1785 et
963 1723 1076 1798 ubique

98 1810 278 1888 tranquillus
299 1817 356 1871 est.
391 1825 453 1871 non
474 1810 554 1869 enim
571 1824 609 1867 ex
623 1809 724 1870 alieno
739 1808 853 1883 pendet
867 1824 924 1869 nec
939 1810 1076 1869 levorem

99 1897 237 1958 fortunae
259 1902 312 1956 aut
332 1893 465 1955 hominis
487 1899 656 1967 exspectat.
689 1892 860 1953 domestica
884 1892 926 1953 illi
947 1892 1076 1956 felicitas

98 1990 151 2042 est.
177 1979 279 2043 exiret
292 1995 331 2039 ex
346 1979 463 2052 animo,
479 1978 506 2039 si
521 1977 659 2038 intraret:
674 1977 716 2037 ibi
732 1977 878 2038 nascitur.
899 1977 1104 2054 Aliquandoo

98 2066 306 2140 extrinsecus,
322 2080 384 2140 quo
397 2064 599 2124 admoneatur
610 2060 818 2135 mortalitatis,
831 2062 1001 2135 intervenit,
1017 2064 1072 2123 sed

97 2148 126 2210 id
141 2153 256 2211 leveel
271 2150 354 2225 quod
367 2164 517 2210 summam
533 2155 631 2208 cutem
645 2146 781 2222 stringat.
805 2147 924 2224 aliquo,
940 2148 1074 2224 inquam,

98 2233 293 2296 incommodo
309 2232 442 2294 addatur
456 2231 610 2293 maximus
624 2230 667 2292 is:
690 2232 764 2292 illud
778 2232 892 2295 bonum
907 2241 955 2295 est
968 2231 1074 2294 lixum.

98 2319 136 2380 ita
157 2320 244 2392 dico,
267 2318 461 2379 extrinsecus
485 2317 588 2391 aliqua
609 2325 679 2378 sunt
700 2316 910 2391 incommoda,
940 2320 1023 2380 velut
1044 2321 1073 2379 in

97 2419 229 2479 corpore
243 2403 392 2464 interdum
407 2401 536 2463 robusto
551 2402 716 2478 solidoque
731 2403 907 2478 eruptiones
923 2403 1075 2478 quaedam

96 2489 288 2564 pustularum
303 2496 334 2548 et
348 2487 523 2560 ulcuscula,
539 2486 654 2548 nullum
670 2487 700 2546 in
715 2486 776 2547 alto
792 2489 904 2546 malurn
915 2494 972 2547 εει.
998 2486 1073 2558 Hoc,
1087 2496 1104 2550 6

96 2573 236 2650 inquam,
259 2571 387 2633 interest
406 2571 484 2632 inter
503 2577 733 2632 consummatae
754 2571 922 2644 sapientiae
934 2570 1031 2630 virum
1047 2577 1077 2630 et

97 2658 188 2719 alium
203 2656 416 2733 procedentis,
439 2655 522 2732 quod
544 2656 622 2717 inter
641 2670 751 2714 sanum
766 2660 796 2713 el
811 2669 850 2713 ex
867 2652 975 2715 morbo
990 2655 1077 2728 gravi

97 2757 131 2802 ac
147 2741 268 2804 dlutino
282 2749 505 2817 emergentem,
526 2738 577 2800 cui
598 2737 737 2799 sanitatis
759 2739 829 2799 ioco
851 2745 898 2799 est
913 2738 1010 2800 levior
1025 2754 1076 2799 ac-

97 2826 215 2888 cessio=
235 2826 286 2886 hic
309 2826 368 2886 nisi
384 2823 535 2896 adtendit,
558 2823 689 2884 subinde
708 2830 853 2898 gravatur
874 2832 903 2884 ει
923 2824 953 2883 in
968 2824 1075 2884 eadem

96 2911 279 2972 revolvitur:
299 2910 425 2986 sapiens
439 2908 577 2969 recidere
592 2923 653 2967 nou
670 2914 786 2982 polest,
802 2924 841 2968 ne
856 2908 990 2970 incidere
1010 2907 1076 2984 qui·

96 2995 165 3056 dem
180 2995 323 3071 amplius.
352 2994 474 3071 corpori
489 2994 568 3052 enim
581 2991 620 3052 ad
635 3000 756 3067 tempus
771 2993 853 3055 bona
867 2993 1003 3055 valitudo
1019 3003 1076 3068 est,

97 3098 189 3156 quam
202 3079 357 3154 medicae,
375 3077 492 3140 etiamsi
509 3075 656 3147 reddidit,
672 3092 733 3137 non
750 3086 893 3152 praestat.
926 3094 1022 3154 saepe
1037 3078 1076 3137 ad

96 3165 255 3238 cumdem,
278 3162 331 3237 qui
345 3163 566 3235 advocaverat,
585 3161 750 3222 excitatur:
773 3165 912 3236 [animus]
935 3163 1030 3224 semel
1045 3161 1076 3222 in

95 3255 192 3310 totum
206 3254 342 3310 sanatur.
371 3247 492 3321 Dicam,
509 3246 665 3322 quomodo
681 3244 841 3321 intellegas
857 3263 982 3308 sanum:
998 3248 1024 3308 si
1041 3255 1103 3310 sel

96 3332 166 3408 ipso
194 3338 356 3394 contentus
377 3338 438 3404 est,
463 3331 490 3390 si
510 3328 637 3391 conlidit
657 3329 731 3404 sibi,
757 3331 783 3390 si
804 3331 862 3391 scit
884 3333 986 3393 omnia
1005 3339 1078 3393 vota

98 3416 288 3489 mortalium,
309 3416 411 3476 omnia
430 3413 596 3489 beneflcio,
626 3430 706 3490 quae
730 3414 841 3477 dantur
862 3424 1076 3494 petunturque,

97 3501 213 3564 nullum
227 3501 258 3561 in
274 3499 362 3560 beata
380 3498 439 3560 vita
453 3499 569 3562 babere
584 3505 784 3566 momentum.
811 3518 889 3564 nem
902 3502 957 3565 cui
968 3499 1092 3574 uixdum
