2422 3862
199 272 370 334 EPISTUL.
386 272 480 334 MOR.
504 273 640 332 LIB.V1.
663 271 819 337 EP.'l--9.
842 279 990 348 (dil-dl.)
1023 273 1082 337 131

107 427 156 487 ita
185 428 276 500 quasi
305 425 469 485 nondum
507 424 585 498 ipsi
616 425 722 485 alere
755 439 823 484 nos
865 426 1084 499 possimus?

107 509 252 585 quamdiu
273 507 443 570 sationibus
462 507 646 582 inplebimus
667 524 844 583 magnarum
859 508 978 570 urbium
1000 527 1080 571 catn-

105 601 184 671 post
220 593 368 670 quamdiu
392 591 481 653 nobis
509 593 642 667 populus
668 600 780 654 metet?
817 594 963 669 quamdiu
989 595 1079 656 unius

105 695 231 740 mensae
245 679 500 757 [inlstrurnentum
523 677 617 737 multa
633 676 754 751 navigia
773 685 803 738 et
823 678 946 754 quidem
964 695 1024 740 non
1040 693 1080 738 ex

103 781 162 824 uno
189 763 266 822 mari
298 761 490 824 subvehenti
526 768 632 821 taurus
660 762 914 836 paucissimorum
943 763 1080 838 iugerum

104 864 221 924 pascuo
243 847 384 922 inpletur.
421 861 482 905 una
504 845 583 906 silva
604 845 775 920 elephantis
798 848 935 921 pluribus
952 848 1079 908 suflicit:

103 933 194 993 homo
211 938 243 992 et
259 941 341 992 terra
355 939 386 991 el
405 930 480 990 mari
497 931 642 1004 pascitur.
671 929 749 1003 Quid
764 937 859 1005 ergo?
881 939 940 991 tam
954 930 1107 993 inantia-3

101 1017 192 1077 bilem
204 1015 295 1076 nobis
312 1022 420 1075 natura
433 1016 536 1075 alvum
547 1015 639 1088 dedit,
655 1030 724 1075 cum
738 1020 800 1074 tam
813 1015 933 1076 modica
948 1033 1080 1092 corpora

101 1103 254 1172 dedisset,
275 1108 308 1160 ut
320 1099 562 1160 vastissimorum
580 1099 892 1176 edacissimorumque
906 1101 1080 1162 animalium

100 1186 276 1246 aviditatem
302 1185 518 1245 vinceremus?
549 1181 681 1243 minime.
717 1186 894 1259 quantulum
921 1193 968 1245 est
989 1187 1078 1258 enirn,

100 1271 185 1347 quod
211 1276 338 1330 naturae
365 1269 474 1329 datura
507 1283 602 1341 parvo
624 1268 675 1327 illa
696 1267 860 1329 dimittitur.
898 1286 959 1328 non
983 1271 1078 1329 lomes

99 1355 189 1416 nobis
204 1352 320 1414 ventris
333 1353 428 1413 nostri
442 1367 553 1427 magno
569 1360 702 1425 constat,
718 1352 775 1413 sed
789 1351 922 1413 ambitio.
944 1355 1008 1414 Hos
1024 1354 1106 1416 ita-t

100 1456 176 1516 que,
204 1446 238 1499 ut
258 1437 299 1497 ait
320 1437 488 1508 Salustius,
513 1439 610 1497 ventri
628 1438 793 1499 obedientes
813 1437 985 1497 animalium
1007 1438 1076 1497 loco

98 1538 313 1596 numeremus,
328 1539 389 1583 non
404 1519 575 1582 hominum=
594 1522 746 1597 quosdam
761 1537 834 1581 vero
851 1536 889 1580 ne
904 1520 1077 1580 animalium

99 1609 241 1684 quidem,
264 1607 533 1667 sedmortuorum.
562 1605 732 1678 Vivitis,
754 1605 819 1681 qui
841 1604 969 1664 multis
990 1605 1077 1665 usui

97 1701 175 1765 est,
198 1691 358 1764 vivitis,
380 1691 442 1766 qui
464 1705 505 1751 se
526 1689 661 1750 ulitur:
686 1689 737 1765 qui
754 1706 826 1750 vero
842 1688 1076 1750 latitantettor-

98 1784 188 1853 pent,
213 1775 305 1835 sicin
322 1776 413 1836 domo
430 1782 516 1847 sunt,
541 1775 696 1850 quomodo
717 1774 747 1833 in
769 1772 933 1834 conditiva.
969 1771 1077 1832 horum

98 1863 170 1921 licet
192 1860 223 1919 in
245 1859 346 1919 limine
368 1859 437 1935 ipso
459 1875 569 1918 nornen
591 1858 734 1934 marmori
755 1859 920 1918 inscribas:
950 1864 1077 1918 mortem

97 1962 188 2005 suam
203 1951 443 2006 antecesserunt.
474 1944 560 2003 Vale.
1010 1936 1013 1943 ⁴

394 2080 608 2138 EPISTULA
635 2079 682 2135 lX.
712 2083 783 2150 (61.)

353 2175 463 2227 Seneca
481 2177 592 2227 Lucruro
613 2189 664 2227 suo
684 2187 822 2226 saturant.

158 2282 360 2352 Desinemus,
383 2282 468 2356 quod
484 2280 650 2353 voluimus,
673 2282 758 2339 velle.
795 2295 852 2354 ego
871 2286 954 2339 certe
969 2279 1000 2338 id
1015 2295 1073 2353 ago
1092 2284 1105 2335 t

98 2382 212 2427 senex:
242 2365 350 2425 eadem
377 2366 468 2438 velle,
494 2381 573 2439 quae
599 2381 677 2441 puer
701 2364 795 2425 nolui.
836 2364 865 2423 in
896 2363 955 2423 hoc
982 2378 1074 2422 unum

98 2458 172 2511 eunt
187 2449 269 2523 dies,
292 2451 321 2508 in
337 2450 396 2509 hoc
410 2455 532 2522 noctes,
554 2448 613 2510 hoc
636 2465 716 2524 opus
732 2464 831 2509 meum
851 2455 913 2520 est,
929 2447 1005 2505 haec
1023 2462 1073 2505 co-

98 2535 218 2609 gitatio:
239 2533 388 2609 inponere
408 2533 563 2592 veteribus
585 2533 672 2593 malis
692 2533 792 2593 linem.
819 2532 850 2591 id
865 2547 939 2606 ago,
955 2536 988 2590 ut
1002 2527 1074 2588 mihi

98 2621 193 2679 instar
215 2613 409 2687 totiusvitae
433 2616 501 2678 dies
529 2618 577 2677 sit.
621 2633 678 2677 nec
705 2617 895 2676 mehercules
920 2621 1074 2689 tamquam

98 2705 234 2765 ultimum
256 2703 357 2778 rapio,
388 2701 446 2762 sed
471 2702 516 2761 sic
543 2701 625 2762 illum
647 2701 802 2776 adspicio,
822 2708 976 2775 tamquam
1002 2713 1074 2758 esse

97 2789 145 2848 vel
161 2788 284 2849 ultimus
308 2787 415 2861 possit.
452 2786 531 2846 Hoc
555 2785 679 2845 animo
704 2785 776 2845 tibi
801 2784 898 2845 hanc
923 2781 1106 2859 episto-2

97 2874 168 2931 lam
198 2871 351 2944 scribo,
379 2879 568 2944 tamquam
598 2885 653 2929 me
680 2885 759 2929 cum
788 2868 950 2928 maxime
971 2867 1074 2927 scri-

97 2955 249 3016 bentem
277 2972 378 3015 mors
408 2962 620 3014 evocatura
646 2955 705 3013 sit.
750 2961 875 3028 paratus
901 2953 985 3012 cxire
1007 2966 1074 3011 snm

97 3049 128 3100 et
147 3040 219 3100 ideo
241 3040 324 3098 lruar
344 3038 425 3109 vita,
450 3038 521 3111 quia
539 3055 628 3112 qnam
645 3039 696 3099 diu
712 3037 845 3098 laturum
860 3038 919 3097 hoc
937 3037 991 3109 sit,
1013 3051 1075 3095 non

96 3125 186 3184 nimis
202 3124 334 3200 pendeo.
362 3130 432 3183 ante
446 3130 631 3183 senectutem
648 3122 767 3192 curavi,
791 3129 825 3182 ut
838 3121 916 3181 bcne
932 3121 1075 3190 viverem,

95 3209 127 3268 in
143 3215 311 3281 senectute,
324 3216 356 3268 ut
370 3209 449 3268 bene
465 3207 591 3267 moriar:
616 3202 696 3267 bene
710 3212 811 3265 autem
826 3205 902 3266 mori
919 3213 967 3265 est
980 3205 1075 3263 liben-

94 3303 142 3355 ter
162 3293 251 3354 mori.
286 3293 332 3354 Da
353 3309 495 3368 operam,
517 3307 557 3351 ne
579 3290 653 3367 quid
675 3306 820 3364 umquam
841 3289 953 3349 invitus
968 3286 1107 3347 faciest

96 3377 247 3454 quicquid
260 3393 392 3438 necesse
407 3378 539 3436 laturum
554 3382 602 3436 cst
615 3373 815 3450 repugnanti,
836 3375 871 3434 id
890 3372 1005 3432 volenti
1022 3387 1074 3429 ne-

96 3464 231 3524 cessitas
252 3479 315 3522 non
337 3469 392 3523 est.
425 3463 470 3521 lte
492 3460 578 3522 dicor
602 3460 655 3539 qui
677 3460 812 3540 imperia
833 3459 943 3521 linens
965 3453 1101 3527 enc'ip‘n,

87 3555 208 3618 partem
233 3545 464 3606 acerbissimam
497 3548 663 3615 servitutis
702 3548 836 3628 effugit,
873 3548 991 3608 lacere
1026 3534 1122 3613 quod

901 3631 950 3696 ψ
