2422 3862
219 240 389 301 nrrsrun.
404 239 498 302 moa.
520 240 711 303 mevur.
733 241 790 301 aa.
806 253 831 304 1.
854 216 942 320 (ror.)
1010 243 1074 312 att

94 393 302 457 subducimur.
335 393 451 454 Horum
466 391 539 452 nihil
554 391 704 467 cogitabis
719 409 775 454 neo
792 395 1073 459 remedievolneri-

93 480 152 541 bus
173 479 323 553 obponas.
354 478 410 540 sed
431 478 500 552 ipse
520 475 572 536 tibi
593 492 681 538 seres
700 476 937 539 sollicitudinum
962 495 1073 544 causas

94 564 151 624 alia
166 562 337 638 sperando,
358 562 417 622 alia
431 560 643 635 desperando:
667 562 693 622 si
715 561 817 636 sapis,
840 563 966 624 alterum
989 566 1074 626 alteri

92 648 221 709 misces:
244 661 300 706 nec
316 643 490 720 speraveris
504 645 571 704 sine
586 644 801 720 desperatione
815 661 873 707 nec
886 647 1073 723 desperave-

92 730 135 792 ris
152 731 218 790 sine
234 746 300 805 spe.
335 729 411 804 Quid
426 744 482 804 per
496 744 531 789 se
548 729 751 804 peregrinatio
766 730 918 805 prodesse
934 733 1074 808 cuiquam
1085 737 1117 793 1³

94 815 211 891 potuitt
237 830 297 875 non
322 814 494 888 voluptates
518 811 569 871 iila
588 813 783 888 temperavit,
808 830 869 874 non
892 816 1075 890 cupiditates

93 898 272 972 refrenavit,
295 913 356 958 non
376 898 437 957 iras
458 897 622 971 repressit,
644 914 704 959 non
721 898 885 961 indomitos
902 901 1015 961 amoris
1030 901 1075 960 in·

93 989 185 1058 petus
204 982 307 1056 tregitr
329 982 412 1042 nulla
429 980 562 1055 denique
577 981 678 1042 animo
694 983 773 1042 mula
786 982 901 1044 eduxit.
920 998 982 1043 non
996 982 1074 1046 indi-

95 1067 173 1126 cium
191 1066 283 1139 dedit,
300 1082 360 1125 non
378 1064 526 1126 discussit
542 1079 692 1140 errorem,
709 1067 765 1128 sed
780 1073 813 1126 ut
827 1082 955 1143 puerunr
971 1068 1076 1143 ignota

94 1149 253 1212 mirantem
269 1151 309 1208 ad
324 1150 417 1209 breve
431 1156 552 1224 tempus
566 1165 666 1210 rernm
680 1150 782 1225 aliqua
793 1152 930 1236 novitate
938 1152 1074 1213 detinuit

94 1241 227 1295 ceterum
248 1233 481 1295 inconstantium
501 1232 625 1308 mentis,
652 1249 732 1308 quae
754 1235 885 1296 maxime
906 1249 998 1310 aegra
1018 1243 1074 1310 est,
1087 1240 1118 1297 tt

94 1317 228 1392 lacessit,
243 1317 434 1377 mobiliorem
448 1316 656 1392 levioremque
669 1318 770 1379 reddit
784 1318 853 1394 ipsa
867 1319 997 1380 iactatio.
1020 1320 1075 1380 ita·

95 1418 169 1478 que,
192 1417 272 1477 quae
288 1401 436 1477 petierant
452 1401 650 1475 cupidissime
664 1403 748 1476 loca,
770 1402 914 1477 cupidius
929 1402 1077 1464 deserunt

95 1494 125 1546 et
150 1487 252 1548 avium
281 1486 375 1547 modo
401 1486 592 1546 transvolant
619 1484 770 1560 citiusque
799 1502 890 1561 quam
920 1493 1074 1559 venerant,

94 1571 215 1631 abeunt.
259 1567 464 1644 Peregrinatio
485 1569 620 1630 notitiam
636 1568 720 1629 dabit
738 1570 888 1643 gentium,
910 1585 1007 1630 novus
1024 1569 1117 1632 tibila

93 1655 238 1717 montium
261 1655 375 1715 formas
391 1654 547 1725 ostendet,
567 1652 722 1713 invisitata
739 1652 839 1728 spatia
854 1668 1030 1728 camporum
1046 1662 1075 1715 et

92 1738 229 1813 inriguas
250 1736 436 1813 perennibus
459 1738 548 1812 aquis
569 1737 681 1810 valles,
706 1737 833 1798 alieuius
858 1735 992 1799 fluminis
1017 1737 1074 1799 sub

92 1822 309 1889 observatione
331 1829 481 1883 naturam:
512 1820 578 1883 sive
598 1829 631 1883 ut
643 1821 728 1881 Nilus
750 1821 867 1884 aestivo
887 1821 1074 1883 incremento

97 1912 197 1979 tumet,
213 1907 278 1969 sive
293 1914 325 1968 ut
335 1905 432 1981 Tigris
449 1905 574 1980 eripitur
588 1920 627 1965 ex
642 1904 740 1966 oeulis
755 1912 785 1966 et
800 1913 869 1967 aeto
885 1921 941 1981 per
955 1906 1075 1968 occulta

96 2005 188 2050 eursu
208 1991 342 2066 integrae
364 1989 563 2066 magnitudini
583 1989 736 2064 redditur,
763 1989 829 2050 sive
849 1997 882 2051 ut
898 1988 1075 2062 Maeander,

95 2083 253 2148 poetarum
269 2073 403 2136 omniura
420 2073 596 2135 exercitatio
612 2082 642 2134 et
655 2074 763 2150 ludus,
781 2074 944 2150 inplicatur
958 2072 1074 2134 crebris

95 2159 281 2221 anfractibus
294 2166 327 2220 et
343 2175 437 2236 saepe
453 2159 482 2221 in
497 2157 631 2220 vicinum
647 2159 734 2219 alveo
751 2175 808 2220 suo
824 2158 975 2233 admetus,
991 2165 1074 2218 ante-

95 2259 185 2317 quam
201 2245 259 2304 sibi
276 2243 396 2316 inssuat,
421 2242 567 2306 flectitur:
590 2250 723 2304 aeterum
744 2257 844 2319 neque
859 2243 1015 2303 meliorem
1033 2242 1046 2300 l
1064 2273 1074 2282 ·

94 2327 269 2402 dictaeque
284 2328 447 2388 saniorem.
491 2329 596 2388 Inter
616 2328 748 2390 studia
770 2327 1117 2389 versandnmestre

94 2409 1074 2486 etintereuctoressapientiae,utquaesitadiseamus,

96 2494 231 2553 nondum
252 2494 378 2555 inventa
398 2510 598 2568 quaeramus=
621 2495 666 2555 sie
690 2495 871 2557 eximendus
887 2493 1012 2555 animus
1036 2507 1076 2551 ex

94 2575 264 2640 miserrima
290 2577 435 2638 servitute
464 2577 495 2637 in
523 2577 692 2638 libertatern
721 2577 882 2638 adseritur.
927 2574 1077 2649 Quamdiu

96 2661 219 2736 quidem
235 2660 399 2734 nescieris,
419 2660 495 2736 quid
510 2658 704 2734 fugiendum,
720 2660 793 2734 quid
813 2658 985 2734 petendum,
1002 2658 1075 2732 quid

95 2745 318 2819 necessarium,
341 2746 416 2821 quid
431 2759 674 2820 supervacuum,
697 2743 771 2819 quid
785 2744 911 2817 iustum,
933 2740 1004 2818 quid
1019 2741 1074 2806 be

94 2836 213 2889 nestum
229 2831 277 2904 sit,
294 2846 353 2891 non
369 2829 425 2890 erit
439 2829 499 2890 hoc
513 2828 711 2905 peregrinari,
731 2828 787 2889 sed
802 2842 915 2888 errare.
958 2825 1075 2888 Nullam
1085 2835 1117 2892 l'l

95 2912 146 2973 tibi
161 2929 252 2989 opem
268 2916 344 2976 leret
359 2915 416 2974 iste
432 2913 606 2976 discursus:
632 2912 834 2989 peregrinaris
848 2911 930 2975 enirn
941 2911 1074 2977 eumad·

94 2996 224 3059 lectibus
240 2999 299 3062 luis
315 3005 344 3058 ct
358 2999 437 3060 mala
451 3006 480 3060 te
496 3005 547 3061 tua
562 3005 745 3073 sequuntur:
763 2997 876 3061 utinam
890 2995 1013 3072 quidem
1027 3010 1074 3056 se-

95 3089 272 3156 querentnrt
301 3084 422 3158 longius
444 3082 604 3145 abessantr
626 3098 708 3142 nunc
728 3082 790 3145 lers
809 3081 876 3153 illa,
898 3095 959 3142 non
978 3078 1075 3141 ducis.

93 3165 197 3241 itaque
220 3167 334 3243 ubique
355 3175 383 3228 le
405 3173 547 3242 premunt
566 3172 596 3227 et
609 3165 734 3242 paribus
750 3163 953 3229 incommodis
969 3171 1075 3225 arunte

95 3251 245 3311 medicina
260 3267 364 3327 aegra,
385 3267 446 3311 non
462 3251 547 3326 regia
568 3251 744 3328 quaerenda
764 3257 819 3311 est.
847 3247 951 3324 Fregit
964 3247 1075 3322 aliquis
1086 3250 1120 3306 18

96 3346 165 3392 crus
190 3342 242 3394 aut
267 3335 396 3398 extorsit
420 3335 595 3397 articulum:
621 3351 683 3397 non
707 3333 879 3396 vehiculum
904 3345 1077 3404 navamque

96 3419 282 3491 conscendit,
297 3420 352 3482 sed
365 3419 497 3481 advocat
511 3419 672 3493 medicum,
686 3427 720 3483 ut
733 3418 828 3478 lraeta
840 3431 912 3493 pars
924 3415 1076 3488 iungatur,

95 3505 128 3558 ut
147 3500 249 3561 luxata
269 3503 299 3562 in
319 3504 421 3565 locum
444 3509 628 3579 reponaturr
652 3501 727 3579 quid
748 3507 845 3577 ergot
872 3497 1004 3560 animum
1032 3500 1077 3557 tot
