2422 3862
278 233 448 296 EPISTUL.
463 234 556 294 MOR.
578 235 650 295 LlB.
666 236 687 294 l.
708 236 766 295 EP.
779 247 795 298 ὁ
806 246 875 301 -7,
1028 237 1064 300 ll

92 391 187 454 oratio
210 389 356 466 proderit.
384 388 414 448 in
434 405 498 448 rem
521 397 713 463 praesentem
726 389 832 449 venias
847 398 983 464 oportet,
1006 393 1066 466 pri-

92 493 188 550 mum,
216 475 289 550 quia
308 473 448 534 homines
469 473 599 547 amplius
622 474 717 532 oculis
740 490 831 548 quam
855 474 979 535 auribus
1003 491 1066 536 cre·

93 563 175 622 dunt.
198 558 326 631 deinde,
348 558 420 632 quia
435 558 559 632 longum
574 556 630 616 iter
645 564 692 616 est
708 573 762 630 pcr
778 566 956 633 praecepta,
974 559 1069 619 breve

93 653 121 704 et
134 644 249 704 efficax
267 658 323 717 per
338 640 487 716 exempla.
521 641 674 702 Zenonem
691 640 851 701 Cleanthes
866 658 928 702 non
943 647 1099 719 expres-6

93 729 200 802 sisset,
224 727 252 788 si
273 725 480 786 tantummodo
500 725 651 785 audisset:
674 724 753 784 vitae
768 724 835 787 eius
851 726 999 800 interfuit,
1022 743 1070 787 se·

93 821 174 874 creta
196 810 370 888 perspexit,
393 808 569 870 observavit
583 804 681 882 illum,
703 825 741 868 an
757 825 795 869 ex
811 811 940 871 formula
955 827 1013 872 sua
1027 812 1070 870 vi·

94 905 185 958 reret.
221 895 327 956 Platon
349 901 379 952 et
398 893 580 954 Aristoteles
603 899 632 953 et
653 894 751 952 omnis
772 893 802 952 in
822 894 977 956 diversum
995 896 1071 956 itura

93 981 277 1057 sapientium
291 978 379 1039 turba
396 979 462 1053 plus
478 994 516 1037 ex
531 977 667 1037 moribus
683 994 774 1052 quam
789 993 827 1037 ex
844 979 945 1040 verbis
961 980 1070 1040 Socra·

93 1069 129 1126 tis
155 1065 258 1125 traxit.
299 1062 505 1123 Metrodorum
531 1069 560 1121 et
584 1061 802 1122 Hermarchum
828 1072 858 1123 et
883 1063 1071 1142 Polyaenum

92 1166 222 1225 magnos
244 1148 329 1207 viros
351 1162 411 1207 non
428 1146 533 1206 schola
548 1145 685 1220 Epicuri,
708 1146 763 1205 sed
779 1149 1010 1208 contubernium
1029 1149 1070 1207 le·

92 1236 140 1298 cit.
176 1234 241 1294 Nec
262 1234 292 1291 in
315 1230 375 1291 hoc
394 1238 424 1291 te
444 1245 571 1290 accerso
587 1238 714 1304 tantum,
737 1237 769 1289 ut
784 1231 944 1308 proficias,
968 1234 1023 1294 sed
1041 1240 1072 1292 ut

92 1317 211 1394 prosis:
236 1315 396 1392 plurimum
411 1315 491 1374 enim
506 1315 581 1374 alter
598 1313 683 1374 alteri
699 1316 902 1376 conferemus.

161 1407 288 1470 interim
313 1404 457 1480 quoniam
480 1404 620 1465 diurnam
645 1404 698 1464 tibi
725 1405 932 1463 mercedulam
959 1404 1099 1478 debeo,l

98 1495 173 1573 quid
200 1508 250 1553 me
276 1488 369 1550 hodie
395 1489 478 1564 apud
503 1491 693 1549 Hecatonem
725 1487 927 1547 delectaverit
960 1487 1069 1547 dicam.

98 1575 304 1655 „Quaeris
340 1573 464 1646 inquit,·
493 1573 583 1646 quid
622 1570 881 1648 profecerim?
923 1572 1070 1636 amicus

99 1679 185 1724 esse
214 1657 336 1720 mihi.“
365 1658 493 1717 Multum
513 1658 660 1733 proiecit:
695 1671 861 1729 numquam
890 1654 947 1714 erit
972 1656 1070 1715 solus.

100 1747 178 1808 scito
192 1745 277 1805 hunc
292 1740 423 1801 amicum
439 1742 581 1802 omnibus
599 1757 680 1801 esse.
705 1742 795 1800 Vale.

434 1875 650 1934 EPISTULA
684 1876 744 1931 Vll.

355 1971 464 2021 Seneca
483 1971 595 2020 Lucum
616 1981 667 2019 suo
688 1981 826 2019 saturem.

161 2075 263 2152 „Quid
285 2075 339 2135 tibi
359 2075 515 2134 vitandum
532 2073 697 2148 praecipue
714 2072 918 2145 existimem‚“
942 2075 1107 2149 quaeris=1

103 2160 235 2221 turbam:
266 2157 401 2219 nondum
424 2157 466 2218 illi
486 2165 549 2218 tuto
571 2159 775 2219 committeris.
816 2158 881 2233 Ego
903 2168 985 2219 certe
1007 2175 1078 2219 con-

104 2244 212 2305 fitebor
232 2242 456 2303 inbecillitatem
478 2258 591 2302 meam:
614 2258 776 2317 numquam
792 2258 908 2313 mores,
933 2259 1012 2319 quos
1028 2259 1078 2302 ex-

103 2329 170 2402 tuli,
197 2329 311 2387 relero.
350 2324 465 2403 aliquid
487 2342 525 2385 ex
547 2342 599 2398 eo,
634 2328 716 2403 quod
738 2328 907 2403 conposui,
935 2327 1080 2387 turbatur.

102 2411 219 2487 aliquid
236 2427 281 2471 ex
301 2411 363 2484 his,
391 2425 471 2485 quae
491 2411 608 2485 iugavi,
629 2411 715 2472 redit.
750 2410 837 2484 Quod
854 2410 954 2486 aegris
971 2411 1080 2482 evenit,

104 2513 184 2571 quos
198 2497 292 2570 longa
305 2493 486 2555 inbecillitas
501 2511 601 2571 usque
617 2512 654 2556 eo
666 2495 792 2570 adiecit,
808 2503 1004 2569 utnusquam
1015 2494 1081 2553 sinc

103 2579 225 2642 offensa
241 2581 444 2654 proterantur,
466 2578 526 2639 hoc
541 2580 652 2640 accidit
666 2580 773 2653 nobis,
795 2594 925 2655 quorum
938 2577 1028 2637 animi
1043 2595 1082 2638 ex

102 2667 195 2739 longo
215 2663 324 2724 morbo
345 2663 531 2724 reficiuntur.
573 2663 697 2724 Inimica
716 2672 763 2723 est
778 2665 940 2724 multorum
956 2663 1110 2729 conver-a

102 2749 198 2809 satior
220 2763 311 2809 nemo
327 2765 388 2809 non
404 2746 530 2822 aliquod
546 2747 634 2808 nobis
649 2749 753 2809 vitium
766 2755 817 2808 aut
828 2749 1020 2808 commendat
1032 2755 1083 2808 aut

102 2831 238 2908 inprimit
259 2839 312 2893 aut
332 2831 539 2892 nescientibus
561 2831 677 2892 adlinit.
713 2833 817 2907 utique
841 2847 902 2907 quo
922 2833 1021 2893 maior
1036 2840 1084 2892 cst

104 2918 257 2991 populus,
286 2915 335 2977 cui
356 2918 532 2988 miscemur,
559 2916 618 2977 hoc
644 2917 769 2991 periculi
795 2918 863 2990 plus
884 2926 941 2977 est.
981 2916 1083 2975 Nihil

104 3016 177 3061 vero
204 3009 279 3060 tam
308 3002 530 3062 damnosum
564 3000 675 3060 bonis
707 2999 881 3061 moribus
910 3017 1017 3076 quam
1049 3002 1082 3059 in

103 3084 239 3160 aliquo
267 3087 496 3160 spectaculo
523 3085 725 3145 desidere:
757 3092 828 3144 tunc
850 3085 929 3144 enim
955 3100 1010 3160 per
1030 3101 1083 3144 vo·

104 3170 249 3244 luptatem
271 3170 391 3231 facilius
410 3169 481 3229 vitia
495 3169 674 3244 subrepunt.
712 3168 789 3242 Quid
803 3184 851 3227 me
867 3169 1024 3228 existimas
1040 3166 1113 3231 dib
1160 3172 1162 3177 ’

103 3260 195 3313 cerel
215 3255 339 3314 avarior
352 3254 462 3326 redeo,
478 3252 676 3323 ambitiosior,
691 3251 887 3324 luxuriosior,
903 3253 994 3312 immo
1009 3268 1083 3312 vero

103 3337 258 3398 crudelior
272 3345 302 3398 et
315 3336 515 3410 inhumanior,
539 3336 610 3412 quia
625 3338 701 3396 inter
715 3336 854 3396 homines
869 3337 921 3395 lui.
959 3336 1039 3396 Casu
1055 3337 1083 3394 in

104 3421 305 3483 meridianum
322 3424 529 3497 spectaculum
545 3420 638 3482 incidi
653 3422 742 3483 lusus
757 3428 952 3500 exspectans
966 3429 1001 3482 et
1011 3423 1100 3480 sales

102 3512 132 3566 et
143 3506 258 3580 aliquid
267 3506 441 3577 laxamenti,
459 3524 522 3582 quo
534 3507 696 3572 bominum
711 3511 798 3574 oculi
812 3510 851 3572 ab
861 3509 1010 3571 ltumano
1024 3518 1121 3564 cruo-
