2422 3862
449 399 483 479 E.
510 396 650 480 ruitur
677 396 848 481 SENECAE
959 399 962 403 ’

515 549 566 598 ΑΙ)
592 548 779 601 LUCILIUM

206 665 696 765 EPISTULARUM
739 668 1098 770 monaulon

539 835 674 899 araur
694 836 758 899 x11.

577 984 719 993 --—=--—-

466 1075 685 1132 EPISTULA
711 1078 732 1131 I.
762 1076 833 1147 (83.)

413 1168 523 1220 Saurea
540 1170 652 1222 Lucum
672 1181 723 1220 suo
743 1180 882 1220 susurru.

127 1285 138 1336 1
223 1270 411 1344 Singulos
433 1271 517 1330 dies
538 1271 950 1347 tibimeosetquidem
966 1272 1138 1331 totosin·

155 1353 282 1417 dicari
298 1354 423 1414 iubes:
445 1355 524 1414 bene
541 1356 581 1415 de
596 1373 644 1416 me
657 1357 792 1430 iudicas,
814 1357 840 1415 si
856 1355 927 1417 nihii
944 1370 1017 1415 esse
1034 1355 1139 1415 inillis

154 1447 255 1515 putas,
271 1438 353 1514 quod
363 1437 561 1499 abscondam.
576 1439 622 1500 sio
636 1447 718 1500 certe
734 1439 898 1500 vivendum
913 1447 968 1512 est,
984 1445 1139 1514 tamquam

153 1524 184 1584 in
199 1528 370 1597 conspectu
386 1522 534 1583 vivamus.
560 1524 605 1584 sic
621 1524 831 1599 cogitandum,
856 1532 1011 1597 tamquam
1026 1522 1139 1597 aliquis

153 1607 183 1667 in
200 1613 309 1683 pectus
323 1604 461 1666 intimum
477 1607 630 1681 inspicere
644 1607 760 1684 possin
783 1615 814 1667 et
830 1612 941 1683 potest.
969 1606 1044 1681 quid
1058 1607 1138 1666 enim

153 1689 282 1768 prodest
298 1690 337 1749 ab
354 1688 477 1750 homine
492 1690 606 1765 aliquid
622 1707 694 1752 esse
710 1698 883 1752 secretum?
911 1689 984 1749 nihil
998 1690 1059 1750 deo
1077 1691 1139 1750 ciu-

153 1791 223 1836 sum
236 1781 293 1833 est.
322 1773 450 1834 interest
464 1774 572 1835 animis
595 1776 711 1836 nostris
734 1782 763 1835 et
777 1773 1013 1850 cogitationibus
1029 1774 1138 1834 mediis

153 1857 329 1919 intervenit:
352 1857 398 1917 sic
412 1858 581 1931 intervenit,
599 1859 678 1933 dico,
695 1867 839 1933 tanquam
855 1856 1021 1932 aliquando
1038 1857 1138 1917 disce-

121 1942 212 2007 ndat.
247 1941 396 2001 Faciam
417 1957 525 2016 ergo,
554 1942 799 2017 quodiubes‚
822 1941 1140 2015 etquidagamet

155 2041 228 2101 quo
252 2023 403 2095 ordine,
427 2026 877 2087 libentertibiscribam.
900 2023 1075 2086 observabo
1090 2036 1139 2083 ma

153 2108 294 2185 protinus
312 2113 341 2166 et
361 2109 444 2183 quod
466 2116 514 2169 est
533 2108 741 2183 utilissimum,
768 2109 848 2168 diem
866 2124 966 2169 meum
988 2122 1139 2181 recogno-

153 2207 249 2251 scam.
283 2191 350 2250 Hoc
370 2208 429 2251 nos
448 2192 604 2267 pessimos
625 2194 711 2267 iacit,
736 2192 820 2267 quod
834 2207 925 2252 nemo
943 2193 1034 2251 vitam
1050 2207 1138 2251 suam

152 2274 288 2349 respicit.
312 2273 388 2349 quid
410 2275 516 2337 iactari
538 2277 634 2337 simus
656 2278 841 2351 cogitamus,
864 2282 895 2335 et
909 2276 940 2335 id
954 2290 1040 2335 raro:
1064 2274 1137 2349 quid
1198 2335 1200 2340 ,

153 2358 325 2429 fecerimus,
341 2372 403 2417 non
415 2359 600 2432 cogitemus=
622 2361 705 2436 atqui
720 2359 883 2422 consilium
894 2358 985 2420 iuturi
998 2374 1037 2418 ex
1050 2372 1137 2433 prae-

124 2442 243 2509 sterito
268 2442 359 2502 venit.
395 2442 570 2504 Hodiernus
592 2443 660 2504 dies
682 2442 801 2505 solidus
821 2450 877 2503 est.
906 2457 996 2503 nemo
1025 2456 1065 2500 ex
1086 2440 1137 2501 iilo

154 2527 320 2604 quicquam
336 2526 409 2585 mihi
424 2527 544 2602 eripuit.
572 2535 655 2589 totus
670 2528 748 2587 inter
763 2533 890 2587 stratum
911 2526 1138 2598 lectionemque

150 2611 270 2672 divisus
282 2618 339 2671 est.
360 2608 517 2671 minimum
532 2609 740 2671 exercitationi
752 2609 892 2684 corporis
905 2610 1018 2682 datum,
1034 2616 1065 2668 et
1078 2607 1137 2668 hoc

150 2696 273 2755 nomine
288 2710 347 2769 ago
364 2695 477 2768 gratias
500 2695 665 2754 senectuti=
691 2709 751 2754 non
773 2709 884 2769 magno
907 2692 979 2752 mihi
1001 2699 1136 2752 constat:

151 2795 219 2839 cum
232 2793 281 2838 me
296 2777 389 2850 movi,
403 2780 505 2838 lassus
518 2794 596 2838 sum.
612 2778 662 2838 hic
677 2785 778 2838 autem
799 2775 1027 2837 exercitationis
1048 2775 1136 2834 etiam

121 2861 325 2924 isortissimis
343 2858 424 2920 finis.
447 2862 688 2939 Progymnastas
702 2876 789 2921 meos
806 2861 951 2936 quaeris?
966 2876 1047 2920 unus
1066 2856 1137 2916 mihi

138 2945 266 3007 -suificit
278 2942 424 3015 Earinus,
446 2961 536 3019 puer,
558 2953 589 3006 ut
609 2944 688 3018 scis,
709 2944 863 3005 amabilis:
885 2944 941 3004 sed
963 2940 1135 3004 mutabitur.

49 3062 54 3072 ·
151 3030 210 3089 iam
227 3028 359 3103 aliquem
373 3028 555 3090 teneriorem
571 3045 697 3104 quaero.
719 3028 768 3089 hic
784 3028 907 3104 quidem
922 3028 964 3087 ait
980 3043 1038 3087 nos
1055 3042 1136 3085 eam·
1193 3084 1198 3091 ,

152 3113 222 3173 dem
238 3109 341 3171 crisim
356 3109 484 3184 habere,
509 3111 582 3188 quia
598 3113 718 3187 utrique
733 3112 842 3173 dentes
859 3110 981 3172 cadunt.
1005 3109 1062 3171 sed
1076 3111 1135 3169 iam
1197 3120 1205 3127 ··

149 3196 202 3255 vix
223 3196 306 3256 ilium
327 3196 485 3270 adsequor
504 3204 676 3256 currentem
697 3203 728 3257 et
747 3197 825 3257 intra
839 3195 1045 3272 paucissimos
1066 3192 1134 3253 dies

150 3297 211 3341 non
233 3288 360 3354 potero:
385 3278 471 3351 vide,
498 3279 572 3354 quid
599 3278 776 3340 exercitatio
802 3278 956 3340 cotidiana
977 3276 1134 3353 proficiat:

144 3363 207 3423 cito
231 3379 379 3438 magnum
405 3363 596 3424 intervalium
617 3365 651 3424 m
675 3364 753 3423 inter
773 3365 853 3425 duos
873 3363 979 3423 itinere
1007 3361 1134 3420 diverso
1197 3428 1200 3432 ⁴

124 3452 248 3505 enatos.
274 3448 391 3508 eodem
404 3455 550 3525 tempore
565 3449 619 3512 iile
630 3448 805 3523 adscendit
819 3462 878 3522 ego
890 3445 1055 3506 noscendo.
1076 3457 1134 3502 neo
