2422 3862
272 223 444 287 EPISTUL.
457 223 550 286 MOR.
574 224 647 285 LlB.
661 225 697 286 X.
718 224 775 284 ΕΡ.
790 233 817 288 3.
832 231 904 301 (79.)
1015 172 1078 294 9103

102 379 262 456 occupavit
276 384 361 439 sorte
377 376 537 437 nascendi.
558 392 680 436 sursum
695 374 779 436 illum
792 384 904 437 vocant
915 377 999 438 initia
1010 396 1077 440 sua.

99 463 156 524 erit
172 470 272 523 aulem
289 463 350 522 illic
372 461 462 522 etiam
478 469 643 536 antequam
658 460 717 520 hac
734 461 874 522 custodia
888 464 1076 537 exsolvatur,

100 565 168 609 cum
186 547 260 608 vitia
276 545 431 606 disiecerit
446 561 605 620 purusque
620 561 657 605 ac
672 545 749 605 levis
764 546 794 604 in
810 543 1014 620 cogitationes
1029 547 1074 608 di-

99 632 187 692 vinos
205 628 373 691 emicuerit.
396 630 464 690 Hoc
479 645 537 689 nos
551 645 652 704 agere,
667 629 764 690 Lucili
780 628 954 706 carissime,
974 631 1005 691 in
1017 630 1119 692 hocta

98 715 142 777 ire
163 715 270 792 inpetu
290 721 373 788 toto,
404 712 475 773 lieet
496 714 586 789 pauci
614 712 729 787 sciant,
751 714 822 774 licet
849 729 955 788 nemo,
982 714 1076 777 iuvat.

99 797 1077 873 Gloriaumbravirtutisesttetiaminvitamcomi-

97 885 254 946 tabitur.
276 882 333 944 sed
345 883 603 958 quemadmodum
614 882 722 944 umbra
732 883 899 959 aliqnando
915 884 1076 957 antecedit,

34 975 37 980 '
97 968 264 1043 aliquando
281 967 433 1043 [sequitur
447 970 506 1040 vel]
523 984 542 1027 a
556 973 643 1043 tergo
658 976 720 1039 est,
743 966 785 1027 ita
799 967 898 1041 gloria
910 968 1077 1045 aliquando

97 1061 166 1115 ante
178 1068 236 1113 nos
250 1060 297 1113 est
308 1050 531 1127 visendamque
543 1067 578 1111 se
589 1052 730 1126 praebet,
744 1052 911 1126 aliquando
923 1055 952 1114 in
966 1070 1077 1114 averso

97 1145 144 1198 est
159 1137 319 1212 maiorque
336 1153 398 1212 quo
419 1135 532 1209 serior,
554 1135 604 1195 ubi
619 1134 734 1196 invidia
748 1138 889 1198 secessit.
927 1138 1077 1212 Quamdiu
1085 1144 1120 1198 14

97 1220 259 1281 videbatur
272 1223 374 1281 lurere
388 1219 596 1281 Democritus!
616 1220 670 1279 vix
684 1221 802 1296 recepit
812 1220 971 1284 Socratem
987 1225 1076 1283 tama.

96 1304 243 1382 quamdiu
259 1305 403 1366 Catonem
416 1305 524 1365 civitas
539 1306 706 1380 ignoravit!
721 1306 841 1382 respuit
850 1322 908 1367 nec
920 1308 1076 1380 intellexit,

95 1390 154 1450 nisi
182 1405 251 1449 eum
278 1390 419 1465 perdidit.
453 1390 556 1450 Rutilii
578 1389 752 1450 innocentia
778 1406 815 1450 ac
842 1392 938 1453 virtus
960 1392 1076 1464 lateret,

95 1475 154 1534 nisi
169 1471 515 1561 accepissetiniuriamt
531 1474 603 1534 dum
617 1474 762 1547 violatur,
778 1473 902 1535 effulsit.
928 1475 1076 1550 numquid

96 1575 157 1619 non
184 1556 260 1619 sorti
281 1575 358 1619 suae
378 1559 491 1633 gratias
513 1558 575 1634 egit
594 1565 624 1618 et
643 1557 767 1618 exilium
792 1574 880 1619 suum
904 1559 1075 1635 conplexus

95 1650 164 1703 esti
191 1643 237 1703 De
251 1643 299 1702 his
314 1645 438 1719 loquor,
456 1659 534 1718 quos
550 1643 712 1703 illustravit
727 1643 863 1716 fortuna,
881 1643 953 1703 dum
968 1647 1075 1703 vexat:

96 1743 188 1803 quam
203 1728 366 1789 multorum
381 1728 537 1803 proiectus
549 1725 580 1787 in
593 1727 729 1788 notitiam
741 1741 870 1787 evasere
883 1735 954 1803 post
967 1727 1077 1803 ipsust

96 1828 187 1887 quam
204 1813 314 1873 multos
330 1813 409 1871 lama
427 1829 489 1872 non
504 1811 641 1887 excepit,
658 1810 716 1871 sed
730 1809 828 1870 eruitt
851 1811 949 1871 Vides
963 1810 1118 1886 Epicu-15

95 1912 161 1956 rum
178 1905 292 1972 quanto
305 1913 400 1972 opere
416 1913 479 1957 non
495 1901 610 1956 tantum
625 1894 823 1970 eruditiores,
840 1896 895 1956 sed
908 1896 985 1955 haee
999 1913 1075 1972 quo·

96 1996 156 2056 que
171 1980 372 2056 inperitorum
386 1982 477 2042 turba
491 1980 632 2041 miretur=
648 1979 698 2039 hic
713 1979 836 2055 ignotus
852 1978 930 2056 ipsis
945 1979 1076 2041 Athenis

95 2065 165 2138 luit,
190 2065 273 2125 cirea
295 2082 374 2142 quas
399 2066 568 2126 delituerat.
599 2065 700 2126 multis
716 2065 820 2140 itaque
835 2065 895 2125 iam
909 2066 997 2125 aunis
1012 2065 1074 2124 Me-

94 2150 220 2212 undaro
236 2165 293 2211 sno
306 2159 466 2226 superstes
479 2149 509 2209 in
522 2149 654 2226 quadam
667 2149 813 2225 epistula,
832 2165 900 2211 cum
914 2150 1076 2211 amicitiam

94 2246 182 2294 stum
197 2240 228 2293 et
240 2234 405 2296 Metrodori
423 2242 510 2310 grata
524 2235 814 2297 commemoratione
829 2235 1001 2310 cecinisset,
1016 2235 1076 2295 hoc

94 2317 266 2378 novissime
287 2320 413 2379 adiecit:
439 2317 534 2393 „nihil
560 2319 619 2380 sibi
644 2327 674 2380 et
695 2318 873 2381 Metrodoro
895 2318 975 2380 inter
994 2319 1076 2379 bona

94 2409 178 2464 tanta
193 2404 355 2477 nocuisse,
373 2404 457 2479 quod
473 2404 561 2480 ipsos
578 2405 629 2465 illa
644 2403 755 2464 nobilis
769 2404 897 2464 Graecia
914 2421 975 2464 non
989 2404 1075 2477 igno·

94 2494 143 2547 tos
165 2488 265 2547 solum
286 2486 461 2562 habuisset,
496 2489 553 2548 sed
574 2504 674 2564 paene
694 2488 880 2548 inauditos.“
919 2484 1117 2561 Numquidltt

93 2587 169 2646 ergo
185 2588 246 2633 non
265 2579 479 2648 posteaquam
495 2588 568 2633 esse
583 2570 732 2645 desierat,
749 2572 892 2632 inventus
904 2578 973 2632 estt
990 2587 1075 2631 num·

95 2655 168 2732 quid
191 2673 251 2717 non
275 2655 379 2734 opinio
401 2655 469 2717 eius
491 2656 617 2717 enituit?
656 2657 724 2716 Hoc
738 2655 933 2717 Metrodorus
949 2670 1076 2732 quoque

94 2741 123 2799 iu
141 2740 274 2815 quadam
291 2741 422 2816 epistula
439 2741 615 2815 confitetur,
630 2755 686 2815 „se
701 2746 730 2799 et
743 2740 907 2816 Epicurum
921 2757 982 2802 non
999 2741 1074 2801 satis

93 2823 269 2886 enitntisse:
286 2826 342 2886 sed
359 2832 430 2900 post
441 2841 476 2885 se
490 2833 520 2886 et
533 2825 700 2901 Epicurum
715 2841 858 2902 magnum
874 2834 1075 2903 paratumque

93 2924 205 2970 nomen
222 2907 380 2970 habituros
395 2910 477 2985 apud
491 2925 562 2983 eos,
580 2911 631 2986 qui
647 2909 818 2972 voluissent
833 2925 890 2986 per
905 2909 1013 2971 eadem
1029 2910 1075 2971 ire

93 2991 253 3068 vestigia.“
280 2993 380 3054 Multa
401 2994 496 3056 virtus
519 2997 606 3068 latet,
629 3002 660 3057 et
680 2995 807 3056 latuisse
819 3012 881 3056 non
905 2993 1005 3070 ipsius
1028 3001 1114 3059 estlt

93 3076 254 3138 damnumz
284 3078 401 3152 veniet,
429 3080 481 3154 qui
498 3079 651 3141 conditam
667 3087 697 3140 et
712 3079 809 3141 seculi
825 3080 873 3140 sui
889 3079 1074 3154 malignitate

93 3177 297 3237 conpressam
318 3162 385 3223 dies
402 3162 544 3237 publicet.
585 3164 693 3240 paucis
707 3173 798 3225 natus
814 3172 876 3236 est,
900 3164 952 3238 qui
974 3180 1073 3240 popu·

92 3246 154 3305 lum
173 3244 281 3307 aetatis
301 3262 377 3308 suae
389 3247 515 3322 cogitat:
532 3249 625 3309 multa
636 3264 783 3309 annorum
796 3248 892 3320 milla,
912 3249 1006 3308 multa
1018 3265 1074 3323 po·

93 3330 236 3403 pulorum
252 3331 485 3406 supervenient:
506 3331 546 3391 ad
561 3331 612 3392 illa
626 3332 757 3407 respice.
797 3330 915 3393 etiamsi
932 3332 1073 3393 omnibus

92 3421 192 3474 tecum
211 3415 383 3476 viventibus
401 3416 553 3476 silentium
574 3415 653 3476 livor
669 3415 825 3492 indixerit,
853 3415 997 3486 venient,
1022 3416 1080 3488 <uui

92 3496 161 3559 aine
186 3498 318 3571 oflensa,
348 3499 416 3562 sine
431 3500 532 3576 gratia
553 3499 704 3566 iudicent.
741 3501 773 3565 si
786 3501 880 3580 quod
893 3496 1104 3570 estpret'nm
