2422 3862
130 218 192 282 198
421 215 452 273 L.
475 214 622 273 ANNAEI
645 213 820 274 SENECAE

129 373 197 446 ista,
208 370 402 430 transierunt.
430 365 505 443 quid
516 368 600 427 iuvat
610 367 791 441 praeteritos
804 367 928 428 dolores
941 374 1107 431 retractare

129 465 160 518 et
179 456 328 516 miserum.
345 468 432 526 csse,
457 450 529 527 quia
550 449 665 510 iuerist
705 450 798 524 Quid,
826 451 908 527 quod
932 468 1022 514 nemo
1045 471 1106 514 non

128 542 255 601 multum
276 536 365 597 malis
386 535 451 597 suis
473 535 609 594 adicitet
622 534 680 594 sibi
695 535 764 610 ipse
778 536 941 597 mentitur?
976 536 1108 611 (Deinde

130 624 213 701 quod
230 621 373 683 acerbum
388 620 458 694 luit,
479 618 622 678 retulisse
643 618 809 679 iucundum
822 626 885 679 est:
908 623 1046 683 naturale
1061 632 1108 682 εει

129 708 199 769 mali
221 706 269 767 sul
291 705 353 765 fine
373 703 534 779 gaudere.)
577 702 829 762 Circumcidenda
848 719 923 778 ergo
942 704 1005 766 dun
1027 717 1108 779 sunt,

130 802 160 854 et
180 790 272 851 futuri
293 789 383 849 timor
403 795 434 848 et
455 787 567 847 veleris
589 785 775 848 incommodi
796 788 958 847 memoria=
985 789 1045 850 lroc
1068 792 1106 850 ad

89 882 121 936 15
129 892 178 936 me
192 876 250 935 iam
266 889 327 934 non
345 873 488 948 pertinet,
504 870 576 931 illud
593 871 739 932 nondum.
772 870 805 928 ln
821 872 898 946 ipsis
915 874 1033 947 positus
1051 875 1108 934 dil-

129 959 313 1021 ficultatibus
328 957 424 1017 dicat:
483 974 487 979 ·

303 1042 413 1117 forsan
426 1048 456 1101 el
468 1041 544 1102 laec
557 1043 625 1101 olim
638 1041 802 1100 meminisse
816 1041 934 1102 iuvabit,

128 1131 205 1188 Toto
227 1135 333 1188 contra
352 1127 435 1185 illurn
457 1132 572 1199 pugnet
592 1122 709 1184 animo=
742 1125 893 1199 vincetur,
919 1126 944 1185 si
968 1129 1105 1186 cesserit.

131 1212 245 1283 vincet,
268 1211 294 1274 si
315 1226 350 1270 se
371 1216 476 1270 contra
491 1209 630 1281 dolorem
648 1224 737 1269 suurn
752 1209 930 1269 intenderitz
951 1225 1031 1269 nunc
1045 1210 1104 1271 boo

131 1295 270 1371 plerique
285 1293 412 1368 lacinnt,
434 1292 596 1354 adtrabunt
611 1294 640 1353 in
658 1308 693 1370 se
706 1293 839 1368 ruinam,
860 1291 908 1353 cui
923 1293 1105 1354 obstandum

131 1385 188 1439 cst.
221 1379 307 1439 lslud
321 1377 410 1452 quod
419 1378 544 1453 premit,
567 1378 651 1453 quod
665 1375 828 1452 inpendet,
850 1377 935 1453 quod
949 1388 1050 1454 urget,
1080 1381 1105 1439 si

131 1462 304 1524 subducere
320 1471 349 1523 te
363 1461 521 1536 coeperis,
544 1468 691 1537 sequetur
705 1468 736 1521 et
749 1459 874 1537 gravius
889 1461 1057 1528 incumbet:
1080 1463 1107 1524 si

89 1554 122 1609 16
130 1553 236 1609 contra
262 1544 382 1608 steteris
412 1553 441 1606 et
460 1543 555 1605 obniti
576 1546 727 1622 volueris,
753 1546 927 1621 repelletur.
966 1547 1107 1608 Athletae

131 1640 275 1709 quantum
287 1634 445 1707 plagarum
462 1645 532 1703 ore,
549 1638 693 1705 quantum
706 1635 769 1691 toto
784 1644 916 1705 corpore
930 1630 1109 1705 excipiunt?

130 1717 231 1778 lerunt
244 1722 344 1776 tamen
360 1730 450 1776 omne
466 1721 646 1775 tormentum
661 1715 777 1790 gloriae
789 1713 954 1789 cupiditate
969 1730 1027 1776 nec
1042 1724 1106 1775 tan-

130 1809 208 1875 tum,
226 1798 298 1876 quia
313 1806 463 1876 pugnant,
478 1798 537 1860 ista
550 1797 718 1874 patiuntur,
734 1798 790 1858 sed
801 1805 835 1858 ut
849 1805 994 1874 pugnent.
1019 1815 1106 1860 exer·

131 1885 233 1946 citatio
246 1885 317 1959 ipsa
328 1890 508 1946 tormentum
518 1890 580 1943 est=
596 1898 653 1944 nos
667 1898 793 1959 quoque
804 1881 982 1944 evincamus
995 1883 1106 1954 omnia,

131 1985 261 2044 quorum
275 1967 443 2043 praemium
455 1983 516 2028 non
533 1983 648 2029 corona
662 1984 721 2029 nec
736 1968 837 2044 palma
851 1973 899 2028 est
913 1982 970 2027 nec
985 1967 1106 2028 tubicen

132 2052 352 2129 praedicationi
365 2052 496 2112 nominis
508 2053 605 2113 nostri
620 2053 773 2114 silentium
789 2051 919 2125 taciem,
936 2052 993 2112 sed
1008 2053 1106 2114 virtus

131 2144 161 2197 el
182 2136 310 2196 firmitas
337 2134 427 2195 animi
451 2144 481 2197 et
500 2152 562 2211 pax
582 2137 611 2197 in
634 2144 766 2197 ceterum
788 2143 888 2211 perta,
911 2137 938 2195 si
960 2138 1055 2196 semel
1076 2137 1105 2196 in

90 2219 232 2294 ttaliqno
249 2220 412 2278 certamine
424 2220 576 2281 debellata
590 2221 710 2282 lortuna
725 2227 781 2281 est
805 2220 969 2294 „Dolorem
981 2236 1106 2296 gravem

132 2303 263 2363 senti0.“
298 2302 375 2376 Quid
391 2311 487 2379 ergo?
513 2320 575 2365 non
592 2307 703 2379 sentis,
721 2304 747 2366 si
764 2306 847 2365 illurn
861 2304 1048 2380 muliebriter
1061 2313 1104 2366 tu·

132 2386 225 2448 lerisl
252 2387 513 2461 Quemadmodum
525 2390 727 2464 perniciosior
738 2396 786 2449 εει
796 2388 893 2450 hostis
910 2388 1104 2464 fugientibus,

131 2471 177 2531 sic
195 2488 285 2533 omne
306 2471 459 2533 fortuitum
480 2473 705 2535 incommodum
719 2474 817 2549 magis
833 2474 926 2535 instat
941 2473 1061 2533 cedenti
1077 2481 1106 2533 et

131 2573 253 2618 averso.
284 2555 368 2630 „Sed
383 2572 478 2632 grave
492 2564 570 2619 est.“
606 2558 705 2633 uuida
725 2574 784 2619 nos
807 2559 846 2618 ad
866 2557 926 2619 hoc
944 2559 1039 2618 fortes
1055 2576 1104 2619 su·

130 2657 213 2714 mus,
229 2648 261 2701 ut
272 2641 351 2702 levia
364 2649 541 2716 portemusr
561 2644 668 2704 Utrum
681 2643 729 2703 vis
745 2645 868 2718 longum
880 2658 952 2703 esse
966 2642 1104 2702 morbum

131 2741 168 2784 an
186 2725 369 2787 concitatum
385 2734 415 2786 et
431 2725 577 2786 brevemt
610 2726 636 2787 si
653 2728 764 2802 longus
782 2734 844 2801 est,
868 2726 961 2787 babel
976 2726 1105 2787 interca-

130 2810 288 2884 pedinem,
311 2811 363 2869 dat
382 2811 539 2871 relectioni
553 2813 669 2886 locum,
693 2814 817 2872 multum
840 2810 987 2887 temporis
1002 2811 1104 2884 donat,

130 2906 261 2953 necesse
281 2900 342 2965 εει,
366 2899 399 2952 ut
419 2898 571 2970 exsurget,
591 2903 622 2956 et
642 2893 771 2956 desinat.
804 2894 910 2955 brevis
927 2895 1053 2956 morbus
1069 2912 1105 2954 ac

131 2991 280 3052 praeceps
304 2977 479 3038 alterutrum
503 2980 607 3040 laciet=
628 2987 681 3041 aut
700 2981 910 3055 exstinguetur
923 2987 976 3041 aut
989 2981 1100 3040 exstin-

130 3068 212 3135 guet.
248 3060 321 3135 quid
336 3068 436 3122 antem
453 3063 592 3137 interest,
616 3080 676 3125 non
693 3065 732 3125 sit
746 3081 785 3125 an
800 3081 860 3126 non
878 3064 957 3124 siml
977 3065 1006 3123 in
1022 3071 1104 3124 utro-

91 3150 191 3218 lsque
212 3143 283 3204 finis
302 3144 426 3206 dolendi
446 3155 502 3208 εει.
534 3148 632 3209 lllnd
655 3166 812 3225 quoque
835 3148 1030 3225 proderit,
1060 3148 1104 3208 ad

131 3225 230 3286 alias
256 3229 520 3304 cogitationes
547 3241 727 3294 avertere
756 3235 917 3294 animum
940 3240 977 3292 et
997 3249 1015 3292 a
1036 3233 1102 3292 do·

131 3313 215 3372 lore
231 3312 453 3374 discedere:
474 3317 575 3390 cogita
590 3318 660 3392 quid
676 3317 821 3392 honeste,
838 3319 912 3394 qnid
928 3317 1045 3377 lortiter
1062 3318 1074 3375 l
1092 3349 1102 3357 -

131 3396 219 3456 ceris.
250 3397 349 3458 bonas
366 3405 469 3473 partes
485 3407 584 3460 tecum
600 3400 667 3476 ipse
684 3409 789 3462 tracta.
815 3403 993 3463 memoriam
1009 3401 1041 3460 in
1058 3415 1104 3471 ea,

120 3496 203 3552 puae
220 3481 358 3543 maxime
379 3482 507 3545 miratus
528 3501 578 3562 es,
600 3501 724 3563 sparge.
757 3494 831 3547 tunc
847 3485 903 3547 tibi
917 3485 1103 3547 fortissimus
