2422 3862
188 249 249 313 102
455 247 488 305 L.
510 245 656 305 ANNAEl
677 243 851 304 SENECAE

184 403 341 480 angustias
363 401 508 475 temporis
523 400 580 458 mci
594 399 672 459 laxa.
699 397 779 457 doce
794 412 856 457 ιιοιι
870 411 942 455 esse
957 395 1090 470 positum
1104 396 1159 456 bo-

182 505 253 549 num
271 489 350 546 vilae
370 487 399 544 in
415 485 517 560 spatio
534 485 614 555 eius,
639 481 695 542 sed
710 481 740 540 in
755 497 828 554 usu,
852 494 949 555 posse
964 479 1046 553 lieri,
1068 479 1159 542 immo

183 569 365 647 saepissime
379 570 460 642 lieri,
482 575 514 628 ut
529 566 582 642 qui
597 565 647 624 diu
659 566 748 638 vixit,
768 580 875 640 parum
887 562 1006 624 vixerit.
1028 563 1077 624 dic
1089 564 1160 626 milri

182 656 365 715 dormituro:
387 649 782 728 ,‚potesn0nexpe1gisci.“
804 649 1062 723 dicexpen·ecto;
1084 665 1160 724 „po-

181 745 228 799 tes
249 755 311 800 non
333 737 466 798 dormire
486 735 647 810 amplius.“
676 735 726 793 dic
746 732 884 793 exeunti:
903 738 1021 807 ,potes
1036 749 1098 793 non
1114 748 1159 793 re·

141 827 172 882 11
182 823 289 883 verti.“
312 823 360 882 dic
374 820 528 880 redeunti:
551 825 662 894 „potes
676 833 737 877 non
753 817 867 876 exire.‘⁴
901 817 1003 887 Erras,
1022 819 1049 877 si
1064 819 1093 878 in
1108 833 1160 877 na-

182 905 337 982 vigatione
350 912 463 966 tantum
480 903 636 965 existimas
652 901 806 963 minimum
822 917 909 974 esse,
930 917 991 976 quo
1007 907 1050 975 [a]
1062 909 1160 965 morte

181 989 245 1051 vitu
259 989 434 1050 deducitur=
456 989 485 1047 in
501 988 582 1049 omni
597 987 667 1047 loco
681 1001 778 1061 aequa
793 993 883 1046 tenue
899 986 1088 1047 intervallum
1103 995 1159 1046 est.

182 1091 242 1134 non
255 1073 369 1148 ubique
382 1089 416 1133 se
426 1088 510 1132 mors
521 1080 581 1131 tam
595 1085 691 1146 prope
701 1069 848 1131 ostendit:
864 1070 978 1145 ubique
987 1077 1048 1132 tam
1061 1087 1159 1146 prope

183 1167 237 1218 cst.
273 1159 337 1218 Has
350 1158 493 1217 tenebras
509 1156 642 1216 disculez
664 1161 694 1213 et
707 1155 827 1214 facilius
839 1170 876 1214 ea
886 1154 1005 1228 trades,
1025 1157 1159 1231 adquae

183 1249 383 1316 praeparatus
407 1257 483 1303 sum.
512 1238 628 1299 dociles
649 1247 756 1299 nutura
776 1255 833 1299 nos
855 1239 950 1298 edidit
965 1247 995 1299 cl
1011 1241 1157 1301 rationem

143 1325 266 1385 ltdedit
284 1325 498 1399 inperfectam,
528 1323 584 1383 scd
607 1338 685 1398 quae
708 1322 813 1398 perfici
834 1329 951 1398 posset.
986 1324 1032 1384 De
1047 1324 1159 1385 iustitia

182 1407 269 1483 milri,
289 1409 328 1468 de
343 1409 454 1487 pietate
466 1408 604 1482 disputa,
620 1407 659 1466 de
671 1408 855 1481 frugalitate,
872 1407 910 1466 de
924 1406 1068 1482 pudicitia
1081 1416 1157 1470 utra·

183 1507 258 1568 que,
280 1500 311 1553 et
331 1493 396 1567 illa,
418 1493 467 1553 eui
489 1491 577 1552 alieni
599 1491 738 1566 corporis
759 1491 941 1552 abstinentia
961 1499 1022 1565 est,
1045 1500 1075 1552 et
1093 1493 1157 1565 hac,

182 1577 231 1636 cui
254 1578 301 1637 sui
323 1591 405 1636 cura.
446 1575 478 1636 Si
499 1590 547 1635 me
562 1576 698 1635 nolueris
716 1591 773 1650 per
786 1574 876 1635 devia
890 1576 1018 1648 ducere,
1038 1578 1157 1637 facilius

182 1660 287 1734 adid,
311 1676 372 1736 quo
393 1661 501 1733 tendo,
525 1660 709 1733 perveniam.
740 1675 825 1733 nam,
849 1668 881 1720 ut
895 1661 937 1721 ait
950 1660 1000 1720 ille
1015 1660 1157 1736 tragicus,

180 1748 311 1806 verltatis
330 1747 458 1821 sintplcx
476 1746 571 1804 oratio
591 1750 641 1804 cst.
675 1744 808 1819 ideoque
828 1744 908 1804 illam
927 1745 1076 1819 inplicare
1097 1762 1156 1806 non

182 1836 318 1903 oportet:
347 1845 405 1888 nec
426 1827 505 1887 enim
522 1828 684 1903 quicquam
706 1828 804 1887 minus
821 1827 963 1889 convenit
979 1846 1070 1904 quam
1086 1830 1157 1891 sub·

182 1912 253 1972 dolu
268 1913 326 1973 ista
341 1913 489 1973 calliditas
505 1911 612 1972 animis
628 1927 737 1987 magna
753 1913 945 1973 conantibus.
979 1915 1067 1974 Vale.

477 2049 701 2128 EPISTULA
721 2051 757 2106 lt
778 2052 848 2120 (50.)

432 2143 542 2196 Sennea
558 2147 670 2199 Lucum
689 2157 740 2198 suo
762 2157 899 2198 saturnu.

153 2258 167 2308 1
241 2246 409 2321 Epistulam
423 2254 504 2307 luam
518 2250 623 2324 accepi
639 2257 709 2324 post
726 2250 836 2309 mullos
851 2263 975 2310 menses
992 2265 1084 2324 quam
1102 2250 1153 2308 mi·

181 2345 277 2391 seras.
312 2346 536 2406 supervacuum
557 2333 659 2408 itaque
676 2334 778 2409 putavi
793 2333 831 2394 ab
846 2349 900 2407 eo,
923 2333 975 2409 qui
990 2333 1155 2407 adimebat,

181 2415 253 2490 quid
280 2431 389 2490 ageres
405 2431 563 2493 quaerere.
598 2418 687 2477 valde
707 2418 786 2478 enim
805 2418 904 2478 bonae
920 2419 1086 2479 memoriae
1101 2425 1155 2490 est,

180 2499 207 2559 si
222 2500 369 2561 meminit=
393 2508 423 2561 et
435 2508 532 2560 tamen
549 2516 641 2576 spero
657 2501 703 2562 sic
715 2509 746 2562 te
760 2500 818 2560 iam
832 2500 952 2575 vivere,
973 2509 1008 2562 ut
1022 2501 1155 2562 ubicum-

180 2600 240 2658 que
262 2583 339 2659 eris,
370 2586 463 2644 sciam
480 2584 553 2660 quid
574 2601 659 2659 agas.
692 2585 766 2660 quid
782 2585 860 2644 enim
875 2586 958 2647 aliud
972 2601 1047 2661 agas
1065 2602 1153 2662 quum

178 2675 212 2727 ut
226 2668 381 2728 meliorem
396 2675 426 2728 te
441 2669 508 2742 ipse
525 2669 634 2729 cotidie
648 2670 758 2744 iacias,
778 2676 811 2729 ut
822 2669 937 2746 aliquid
947 2685 988 2729 cx
1000 2672 1154 2731 erroribus

180 2767 293 2826 ponas,
316 2759 348 2811 ut
364 2752 574 2826 intellegas
596 2759 658 2814 tua
679 2754 775 2814 vitia
794 2769 897 2826 esse,
922 2769 1020 2829 qrrue
1044 2763 1155 2830 putas

179 2840 328 2895 rerum?
350 2835 499 2909 quaedam
515 2837 594 2896 enlm
610 2837 685 2899 locis
699 2844 728 2897 et
741 2839 929 2913 temporibus
941 2839 1155 2899 adscribimus.
1190 2849 1195 2856 '

151 2924 209 2980 tut
233 2918 297 2990 illa,
332 2933 526 2995 quocumque
552 2922 776 2994 transierimus,
805 2930 946 2983 secutura
963 2931 1043 2982 sunt.
1081 2925 1156 2984 Har-

180 3006 302 3075 pasten,
330 3001 435 3062 uxoris
457 3019 542 3063 meae
564 3005 690 3081 fatuam,
719 3007 780 3067 scis
798 3005 1014 3068 hereditarium
1029 3023 1110 3068 onus
1126 3008 1155 3067 in

180 3085 271 3144 domo
297 3100 366 3145 mea
389 3089 583 3149 remansisse.
615 3090 683 3166 ipse
707 3091 786 3152 enim
813 3091 1012 3153 avarissimus
1033 3093 1156 3152 abistis

179 3168 326 3242 prodigiis
348 3186 430 3231 sum=
459 3174 485 3232 si
507 3175 630 3248 quando
652 3176 733 3236 latuo
755 3175 899 3235 delectari
920 3176 1008 3250 volo,
1030 3183 1157 3238 nonest

178 3250 250 3311 mibi
264 3253 354 3329 longe
370 3258 580 3332 ctunerendum
603 3274 650 3318 me
665 3259 760 3321 rideo.
796 3260 881 3320 Haec
895 3261 978 3322 latua
989 3261 1092 3322 subito
1103 3260 1155 3320 de·

178 3336 228 3396 siit
242 3337 355 3398 videre.
387 3340 595 3403 incredibilem
610 3359 673 3402 rem
689 3343 741 3403 tibi
758 3360 863 3418 narro,
886 3345 943 3405 sed
959 3360 1079 3405 veram=
1102 3361 1155 3404 ne-

177 3421 234 3481 scit
246 3436 317 3482 esse
333 3439 367 3484 se
383 3440 514 3485 caecam.
544 3426 674 3490 subinde
690 3429 902 3504 paedagogum
918 3446 1008 3490 suum
1022 3435 1110 3505 rugat
1123 3436 1156 3490 ιιι

128 3503 278 3606 arrigunt,
303 3508 345 3570 ait
366 3511 492 3574 domum
517 3513 748 3576 tenebricosam
765 3528 849 3574 esse.
878 3514 1160 3588 ilocuuodinilln
