2422 3862
206 202 348 262 SENECA
364 203 410 259 DE
425 199 599 260 FORMULA
614 201 806 261 HONESTAE
822 203 943 264 VITAE.
1000 200 1063 267 469

158 355 281 425 Quatuor
295 356 427 411 virtutum
445 357 555 427 species
573 357 722 412 multorum
736 357 904 427 sapientium
919 358 1062 416 sententiis

96 440 227 496 delinitae
246 444 324 506 sunt,
342 439 440 510 quibus
456 439 565 495 animus
580 437 719 496 humanus
733 446 862 512 comptus
881 441 918 496 ad
932 441 1063 498 honesta·

96 530 150 579 tem
166 525 239 580 vitae
258 522 348 594 possit
368 522 521 584 accedere:
546 520 645 578 harum
666 525 757 595 prima
776 529 819 579 est
833 525 995 596 prudentia,
1017 540 1061 581 se·

96 606 188 664 cunda
200 605 523 678 magnanimitas,.tertia
534 608 718 674 continentia,
743 613 840 678 quarta
857 607 968 664 iustitia.
1001 607 1063 665 Sin·

96 692 178 763 gulae
198 691 282 760 igitur
295 689 340 745 his
354 689 469 758 ciliciis,
491 706 562 761 quae
584 691 678 746 subter
696 707 806 746 annexa
822 697 898 761 suut,
914 691 1063 748 honestum

95 790 128 829 ac
141 776 212 830 bene
227 779 362 830 moratum
376 773 467 828 virum
481 773 615 830 efficiunt.

130 902 133 906 ,
178 855 212 911 ll.
233 856 273 911 De
287 856 444 928 prudentia.

158 939 289 1012 Quisquis
305 941 388 1012 igitur
402 939 578 1011 prudentiam
593 941 673 1011 sequi
687 940 850 1010 desideras,
870 946 935 996 tunc
953 957 1004 1012 per
1018 957 1062 996 ra·
1074 950 1089 1004 1

95 1026 198 1079 tionem
211 1029 287 1080 recte
305 1025 404 1092 vives,
431 1025 454 1078 si
471 1025 565 1079 omnia
579 1023 656 1094 prius
673 1027 806 1082 aestimes
824 1030 851 1080 el
865 1041 1020 1096 perpenses
1037 1031 1064 1080 et

94 1108 255 1180 dignitatem
271 1110 355 1163 rebus
369 1123 425 1162 oon
440 1123 476 1162 ex
490 1107 621 1179 opinione
630 1109 776 1163 multorum
790 1107 843 1164 sed
855 1125 890 1163 ex
905 1124 1001 1164 earum
1013 1124 1061 1162 na·

94 1197 156 1246 tura
169 1193 330 1247 constituas.
353 1207 418 1245 uam
432 1191 505 1246 scire
520 1190 616 1261 debes,
632 1191 708 1262 quod
723 1192 861 1263 quaedam
878 1208 935 1247 non
946 1192 1062 1248 videanss

94 1282 137 1331 tur
151 1276 224 1330 bona
237 1292 300 1331 esse
316 1279 343 1330 et
356 1281 428 1343 sunt,
447 1273 584 1346 quaedam
599 1274 746 1331 videantur
760 1281 787 1329 et
799 1291 856 1329 non
871 1280 943 1331 sunt.
972 1274 1090 1344 Quae-a

95 1374 203 1429 cunque
222 1363 315 1413 autem
331 1374 366 1412 ex
381 1359 465 1414 rebus
481 1357 646 1414 transitoriis
662 1358 803 1429 possides,
818 1373 874 1413 non
888 1359 997 1414 mireris
1009 1375 1062 1414 nee

95 1442 188 1514 magni
204 1442 335 1497 aestimes
349 1442 471 1512 [precii],
485 1440 562 1511 quod
573 1440 711 1497 caducum
726 1447 777 1510 est,
796 1456 848 1497 nec
863 1441 939 1512 apud
950 1447 980 1496 te
989 1458 1061 1513 quae

93 1524 192 1597 habes,
208 1530 348 1596 tamquam
364 1526 458 1580 aliena
473 1525 615 1593 servabis,
638 1525 689 1580 sed
704 1541 757 1596 pro
775 1529 801 1578 te
820 1530 958 1595 tamquam
973 1530 1021 1580 tua
1035 1529 1063 1579 et

95 1607 243 1679 dispenses
258 1614 285 1664 et
298 1609 392 1664 utaris.
423 1607 454 1666 Si
470 1607 647 1680 prudentiam
661 1607 853 1679 amplecteris,
868 1609 970 1679 ubique
986 1607 1089 1671 idema

94 1692 159 1760 eris,
178 1699 205 1747 et
222 1697 305 1762 prout
318 1708 410 1748 rerum
427 1691 584 1764 [temporis]
601 1693 723 1748 varietas
738 1691 839 1763 exigit,
853 1691 892 1746 ita
909 1697 936 1746 te
952 1707 1062 1748 accom-

93 1775 192 1832 modes
207 1777 324 1847 tempori
344 1791 397 1833 nec
417 1781 444 1830 te
466 1778 494 1831 in
515 1775 653 1847 aliquibus
675 1781 764 1832 mutes
783 1774 847 1831 sed.
859 1775 952 1846 potius
972 1780 1061 1846 aptes,

94 1859 166 1915 sicut
179 1874 288 1929 manus,
307 1874 378 1929 quae
395 1861 530 1931 [semper]
547 1858 647 1914 eadem
658 1865 701 1915 est
716 1865 742 1914 et
756 1875 819 1914 cum
834 1859 863 1914 in
877 1860 999 1929 palmam
1015 1874 1062 1913 ex-

93 1941 216 1998 tenditur
239 1948 267 1997 et
287 1959 350 1998 cum
370 1944 398 1997 in
412 1959 538 2016 pugnum
555 1943 724 2015 astringitur.
755 1941 902 1999 Prudentis
919 1942 1089 2013 proprium4

93 2032 137 2083 est
153 2028 313 2083 examinare
327 2028 444 2083 consilia
465 2033 563 2083 elnon
578 2028 631 2082 cito
653 2027 727 2082 facili
748 2026 910 2082 credulitate
934 2025 972 2081 ad
990 2025 1062 2081 laisa

93 2111 212 2184 prolabi.
241 2109 281 2166 De
296 2108 389 2167 dubiis
409 2127 467 2166 non
483 2111 602 2167 definias
617 2111 671 2166 sed
686 2126 854 2182 suspensam
869 2115 932 2165 terre
951 2114 1061 2165 senten·

93 2197 168 2252 tiam.
199 2194 268 2250 nihil
287 2192 485 2269 [inexpertum]
500 2194 639 2264 affirmes,
660 2196 796 2266 quianon
811 2210 909 2264 omne,
926 2193 1002 2264 quod
1013 2209 1062 2251 ve·

94 2278 209 2334 risimile
224 2282 281 2345 est,
303 2281 395 2334 statim
411 2284 438 2333 et
451 2295 551 2336 verum
574 2284 631 2347 est,
653 2281 724 2334 sicut
738 2285 766 2333 et
783 2279 897 2349 saepius
914 2277 990 2348 quod
1005 2277 1061 2348 pri·

94 2376 169 2416 mum
192 2360 355 2417 incredibile
376 2360 501 2432 videtur,
527 2377 583 2416 non
605 2364 737 2419 continuo
757 2361 859 2417 falsum
883 2367 934 2416 est.
964 2361 1062 2414 crebro

94 2441 232 2513 siquidem
246 2444 346 2499 lactem
364 2444 502 2500 mendacii
516 2445 622 2500 veritas
636 2448 750 2514 retinet,
765 2445 816 2512 [et]
833 2445 930 2499 crebro
945 2441 1062 2496 menda-

95 2527 168 2582 cium
184 2527 279 2598 specio
295 2527 420 2582 veritatis
440 2527 600 2583 occultatur.
627 2543 691 2581 nam
707 2529 778 2582 sicut
790 2525 942 2597 aliquando
956 2525 1062 2580 tristem

95 2612 213 2664 frontem
240 2610 347 2666 amicus
374 2617 402 2665 et
425 2607 558 2664 blandam
581 2608 708 2664 adulator
731 2607 869 2677 ostendit,
896 2607 937 2662 sic
963 2607 1062 2663 verisi-

95 2693 275 2762 mil[itudin]e
291 2695 430 2750 coloratur
445 2692 572 2762 [veritas]
592 2698 624 2748 ,et
643 2698 673 2747 ut
689 2692 765 2747 lallat
781 2693 828 2746 vel
842 2689 973 2762 surripiat
988 2707 1062 2746 conr-

93 2779 216 2849 ponitur.
239 2776 270 2835 Si
280 2778 406 2850 prudens
418 2792 483 2833 esse
498 2775 589 2846 cupis,
604 2775 632 2830 in
648 2776 740 2831 lutura
752 2779 932 2848 prospectum
949 2772 1089 2834 intended

69 2873 72 2878 ’
95 2868 122 2917 et
137 2878 208 2933 quae
222 2868 343 2935 possunt
358 2862 529 2934 contingere,
544 2860 637 2915 animo
651 2864 698 2915 tuo
713 2864 813 2916 cuncta
827 2874 964 2930 propone.
994 2857 1062 2914 nihil

94 2947 142 3002 tibi
160 2947 283 3003 subitum
300 2948 337 3002 sit
352 2946 405 3003 sed
420 2952 507 3001 totum
521 2949 585 2999 ante
600 2945 766 3016 prospicias.
793 2959 858 2999 nam
875 2943 922 3014 qui
936 2941 1061 3014 prudens

96 3037 152 3100 est,
169 3046 225 3086 non
240 3031 324 3087 dicit:
350 3047 425 3101 „non
440 3027 536 3102 putavi
549 3027 603 3084 hoc
618 3027 716 3096 fieri,“
739 3027 805 3099 quia
818 3043 875 3082 non
890 3025 996 3082 dubitat
1011 3027 1062 3082 sed

96 3120 253 3212 exspectat,
269 3131 326 3170 non
340 3116 499 3187 suspicatur
514 3112 566 3168 sed
580 3117 668 3168 cavet
699 3112 901 3181 Cuiuscumque
917 3111 982 3166 iacti
997 3125 1061 3165 cau·
1070 3114 1090 3192 ,⁶

96 3215 156 3255 sam
171 3199 297 3270 require:
314 3215 378 3255 cum
392 3197 491 3253 initia
484 3196 636 3264 inveneris,
653 3195 744 3252 exitus
760 3195 906 3267 cogitabis.
938 3191 1041 3249 Scito'
1034 3207 1062 3246 ιιι

96 3282 263 3352 quibusdam
283 3288 309 3338 ts
330 3282 434 3339 debere
456 3295 658 3354 perseverare,
681 3279 746 3351 quia
768 3278 900 3350 coepisti:
924 3275 1061 3348 quaedam

96 3380 166 3421 vero
187 3382 240 3423 nec
260 3367 398 3438 incipere,
421 3367 449 3420 in
470 3365 570 3436 quibus
588 3380 772 3436 perseverare
794 3363 830 3418 sit
843 3361 973 3417 noxium.
996 3358 1068 3409 eeu

97 3446 169 3504 dens
184 3449 279 3506 tallere
303 3466 360 3505 non
374 3451 442 3520 vult,
465 3449 523 3506 tolli
539 3465 598 3506 non
612 3448 731 3524 poterit.
757 3444 854 3516 litorii
866 3446 915 3496 est
926 3437 992 3490 *tm
1005 3432 1104 3482 ezram.
