2422 3862
413 213 459 267 nn
472 211 718 291 enarrarem.
994 208 1054 272 461

141 365 313 424 Abstrahunt
328 370 432 420 arecto
444 365 573 433 divitiae,
588 363 726 435 honores,
741 366 897 438 polentiae,
916 369 942 420 et
954 370 1141 438 aetermam

78 467 151 522 quae
164 450 295 522 opinione
306 448 450 504 hominum
465 464 531 504 cara
547 455 625 519 sunt,
640 450 730 521 prelio
744 466 795 504 suo
809 450 883 506 vilia.
909 448 1055 504 Nescimus

79 536 228 591 aestimare
240 550 299 599 res,
322 534 357 588 de
376 533 475 604 quibus
492 547 548 586 non
563 549 626 588 eum
641 535 727 599 lama,
751 532 803 588 sed
821 548 883 588 eum
898 548 991 587 rerum
1005 548 1054 586 na-

79 625 141 674 tura
162 617 372 673 deliberandum
395 608 446 672 est.
477 614 549 670 Nihil
571 615 675 672 habent
696 618 749 672 ista
765 615 958 688 magnifieum,
982 615 1057 686 quod

79 708 187 758 mentes
209 706 318 757 nostras
340 702 369 755 in
390 717 421 756 se
442 699 546 768 trahat,
571 706 683 772 praeter
704 701 775 769 hoe,
803 700 879 771 quod
899 698 992 754 mirari
1011 699 1057 753 illa

79 785 286 842 consuevimus.
322 800 379 839 non
403 784 478 839 enim
498 784 563 855 quia
584 783 808 858 concupiscenda
829 789 911 852 sunt,
940 782 1056 838 laudan·

79 877 141 938 tur,
175 869 226 923 sed
254 869 318 939 quia
344 869 584 940 concupiscuntur.

141 953 218 1008 Hanc
235 952 452 1024 praecedentem
467 968 595 1007 caussam
608 952 712 1010 habent
728 953 855 1010 divitiae:
879 957 984 1006 mutant
997 951 1139 1025 ani-8731

78 1055 155 1105 mos,
175 1037 335 1107 superbiam
349 1042 376 1092 et
390 1037 578 1107 arrogantiam
593 1038 718 1108 pariunt,
737 1036 870 1095 invidiam
882 1034 1005 1102 trahunt,
1022 1051 1055 1089 eo

79 1137 169 1192 usque
185 1125 306 1175 mentem
324 1120 458 1190 alienant,
479 1127 509 1174 ut
523 1122 596 1175 tama
611 1123 747 1193 pecuniae
764 1139 816 1177 nos
834 1121 917 1175 eliam
931 1120 1057 1175 nocitura

80 1205 208 1260 delectet.
230 1203 309 1259 Bona
326 1205 400 1259 omni
416 1204 498 1276 eulpa
512 1220 609 1260 carere
625 1205 720 1261 decet:
742 1221 814 1277 pura
827 1209 905 1274 sunt,
927 1220 983 1259 non
995 1218 1055 1258 eor-

80 1294 210 1360 rumpunt
230 1289 351 1357 animos,
371 1305 426 1343 non
444 1289 604 1344 sollicitant:
628 1290 760 1345 extollunt
776 1290 889 1360 quidem
904 1289 1012 1343 animos
1031 1293 1058 1342 et

80 1372 230 1438 delectant,
255 1372 307 1427 sed
329 1372 389 1428 sine
411 1379 528 1427 tumore.
564 1373 641 1435 Ouae
655 1376 730 1430 bona
743 1380 820 1442 sunt,
842 1371 974 1428 fiduciam
988 1371 1056 1426 laei-

80 1461 141 1510 untz
166 1457 279 1513 divitiae
292 1456 447 1512 audaciam.
474 1473 546 1527 quae
560 1459 634 1513 bona
646 1464 722 1527 sunt,
741 1456 960 1530 magnitudinem
972 1454 1056 1509 animi

81 1539 160 1596 dant:
183 1540 296 1597 divitiae
313 1541 497 1597 insolentiam.
