2422 3862
129 217 195 281 404
347 285 358 298 ,
424 217 455 276 ι.
474 215 620 277 aunam
642 215 818 276 suuncio

130 369 283 443 cillantur,
308 368 338 426 in
366 383 427 442 qua
447 373 526 427 sunt.
570 365 674 426 Infans
694 364 761 426 sine
781 365 924 427 dentibus
945 375 1007 428 est:
1037 367 1110 429 huie

130 451 337 514 constitutioni
363 465 440 512 snae
464 449 651 511 conciliatur.
682 451 762 510 enati
784 458 855 510 sunt
880 450 1002 510 dentes=
1037 450 1109 512 huio

130 535 337 597 constitutioni
352 534 537 596 conciliatur.
569 550 639 593 nam
653 541 683 593 et
696 534 747 593 iiia
761 532 865 607 herba,
880 549 959 608 quae
974 532 1003 592 in
1019 550 1109 610 sege·

130 629 190 682 tem
210 620 391 694 frugemque
412 625 538 678 ventura
558 626 619 691 est,
640 617 728 677 aliam
751 617 997 679 constitutionem
1017 618 1111 680 habet

129 711 235 764 tenera
248 711 279 765 et
293 701 345 762 vix
360 703 496 763 eminens
511 703 609 776 sulco,
624 700 722 774 aliam,
738 717 808 763 oum
820 702 974 762 convaluit
984 709 1015 762 et
1026 704 1110 762 molli

131 787 254 863 quidem
270 787 379 860 culmo,
395 785 450 845 sed
468 801 529 860 quo
544 786 622 845 ierat
637 800 716 846 onus
731 800 830 858 suum,
849 785 992 859 constitit,
1008 788 1109 858 aliam,

130 886 200 931 eum
214 869 354 929 flavescit
372 876 403 928 et
422 869 462 928 ad
483 883 584 928 aream
598 875 718 944 spectat
732 877 761 930 et
776 870 864 944 spira
878 870 945 930 eius
960 868 1109 930 induruit:

129 953 160 1013 in
176 967 401 1028 quamcumque
417 951 663 1014 constitutionem
679 953 770 1027 venit,
788 968 855 1012 eam
872 960 982 1024 tuetur,
998 953 1028 1012 in
1041 969 1110 1012 eam

89 1040 122 1096 16
130 1034 322 1117 conponitur.
366 1034 435 1095 Alia
450 1046 497 1098 est
510 1044 596 1097 aetas
610 1037 748 1109 infantis,
769 1037 871 1112 pueri,
891 1037 1109 1108 adulescentis,

129 1118 229 1180 senis:
252 1134 310 1194 ego
333 1127 430 1179 tameo
452 1117 532 1180 idem
553 1137 636 1192 sum,
658 1121 709 1194 qui
725 1126 755 1179 et
768 1120 868 1180 inians
883 1121 926 1180 lui
944 1127 974 1180 et
989 1136 1065 1195 puer
1080 1128 1111 1179 et

129 1204 322 1264 adulescens.
344 1201 399 1278 sio,
412 1202 551 1276 quamvis
564 1204 623 1265 alia
636 1210 728 1278 atque
739 1203 798 1263 alia
809 1203 921 1278 ruique
933 1204 1109 1264 constitutio

130 1287 184 1360 sit,
210 1285 381 1347 ooooiliatio
403 1287 627 1348 constitutionis
648 1303 723 1347 suae
738 1287 845 1347 eadem
861 1295 918 1348 est.
950 1288 1108 1347 nonenim

131 1386 256 1446 puerum
271 1371 342 1430 milri
359 1379 410 1432 eut
425 1371 565 1430 iuvenem
579 1378 632 1433 aut
647 1386 761 1445 senem,
777 1371 833 1431 sed
846 1386 893 1430 me
905 1377 1014 1431 natura
1026 1386 1108 1431 oom-

129 1455 261 1516 meodat.
284 1469 358 1529 ergo
371 1455 471 1514 inians
483 1452 513 1514 ei
524 1455 728 1516 constitutioni
741 1470 816 1515 suae
829 1455 1015 1526 conciliatur,
1029 1469 1110 1530 quae

130 1545 202 1599 tuno
217 1537 323 1598 inianli
337 1545 398 1612 est,
417 1555 477 1599 non
494 1554 573 1613 quae
589 1539 689 1600 lutura
703 1540 804 1598 iuveni
820 1546 877 1599 est.
904 1553 1004 1614 neque
1020 1538 1109 1611 enirn,

131 1623 157 1681 si
173 1622 288 1697 aliquid
304 1621 344 1681 illi
363 1620 475 1694 maius,
502 1622 532 1680 in
554 1623 637 1697 quod
658 1630 808 1695 transeat,
831 1630 940 1694 restat,
967 1639 1028 1683 non
1051 1621 1110 1682 hoo

48 1763 54 1773 ,
90 1711 262 1780 tinuoque,
278 1706 307 1763 io
325 1721 386 1780 quo
402 1704 546 1778 nascitur,
562 1706 731 1766 secundum
745 1714 883 1767 naturam
898 1713 953 1767 est.
978 1704 1109 1764 Primum

131 1788 189 1848 sibi
209 1789 310 1863 ipsum
331 1788 508 1849 conciliatur
528 1789 654 1849 auimal=
682 1789 773 1850 debet
792 1790 871 1848 enim
890 1789 1005 1865 aliquid
1028 1805 1109 1860 esse,

131 1873 169 1932 ad
192 1874 276 1947 quod
296 1873 354 1931 alia
374 1873 558 1933 referentum
593 1872 780 1946 voluptatem
806 1880 892 1948 peto,
919 1873 989 1932 cuit
1020 1872 1109 1931 mihi:

111 1971 204 2030 ergo
219 1957 278 2015 mei
295 1972 397 2016 curam
413 1972 482 2031 ago.
504 1956 641 2017 dolorem
655 1955 784 2030 refugio,
801 1973 855 2030 oro
872 1963 956 2030 quot
978 1972 1034 2031 pro
1046 1971 1109 2014 me:

19 2043 21 2048 ’
131 2054 204 2113 ergo
220 2038 279 2098 mei
295 2056 398 2099 curam
415 2055 483 2114 ago.
511 2041 536 2099 si
559 2041 659 2100 omnia
679 2047 804 2114 propter
825 2055 927 2099 euram
941 2039 1000 2099 mei
1019 2040 1109 2111 luein,

132 2128 201 2181 ante
222 2124 323 2183 omnia
344 2129 391 2182 est
411 2124 469 2182 mei
490 2139 572 2184 eura.
602 2123 678 2183 haee
700 2121 880 2182 animalibus
895 2123 976 2183 inest
992 2123 1109 2182 nunctis

92 2214 124 2268 18
132 2219 189 2265 nee
203 2206 353 2280 inseritur,
370 2206 424 2265 sed
443 2207 618 2268 innascitur.
647 2206 791 2266 Producit
806 2207 885 2266 letus
901 2222 976 2266 suos
992 2214 1110 2277 natura,

132 2303 192 2348 non
211 2287 311 2349 abicit.
334 2296 363 2348 et
380 2289 451 2364 quia
467 2292 560 2350 tutela
575 2289 744 2350 certissima
759 2305 798 2348 ex
814 2289 953 2363 proximo
972 2297 1034 2360 est,
1053 2288 1111 2351 sibi

132 2372 264 2448 quisque
278 2372 461 2433 conimissus
477 2382 534 2434 est·
556 2374 668 2449 ltaque,
683 2380 717 2433 ut
731 2371 761 2432 in
778 2372 931 2446 prioribus
946 2373 1111 2450 [epistulis]

132 2456 203 2530 dixi,
220 2464 325 2517 tenera
340 2470 464 2531 quoque
478 2457 619 2530 animalia
630 2463 660 2516 el
671 2464 807 2517 materno
822 2464 909 2516 utero
923 2458 970 2515 vel
983 2472 1111 2531 quoquo

131 2541 222 2601 modo
242 2539 357 2614 effusa,
380 2540 453 2615 quid
474 2541 513 2601 sit
527 2540 669 2601 infestum
685 2537 778 2614 ipsis,
803 2538 942 2614 protinus
957 2549 1069 2599 norunt
1084 2547 1114 2606 et

131 2625 286 2684 mortifera
307 2624 459 2684 devitant=
486 2624 624 2685 umbram
649 2638 774 2698 quoque
796 2620 1048 2684 transvolantium
1065 2640 1112 2682 re·

132 2707 295 2768 formidant
310 2702 444 2768 obnoxia
459 2707 567 2767 avibus
585 2713 671 2782 rapto
687 2706 869 2767 viventibus.
913 2707 1035 2766 Nullum
1049 2708 1112 2766 ani-

91 2788 124 2842 19
132 2789 192 2848 nial
207 2789 246 2848 ad
263 2791 353 2851 vitam
369 2791 471 2866 prodit
486 2791 553 2850 sine
567 2799 649 2851 metu
664 2790 779 2851 mortis.
817 2790 1111 2864 „Quemadmodum

132 2870 237 2946 inquit,
253 2873 365 2933 editum
381 2873 491 2933 animal
506 2873 689 2934 intellectum
704 2873 818 2933 habere
835 2882 887 2934 aut
900 2874 1045 2934 salutaris
1062 2881 1115 2934 aut

132 2954 304 3015 mortiferae
317 2956 361 3015 rei
380 2962 526 3030 ροιεειιιι
569 2956 699 3018 Primum
715 2956 931 3031 quaeritarem
948 2958 1112 3032 intellegat,

132 3052 192 3096 non
215 3038 470 3114 quemadmodum
496 3041 658 3116 intellegat.
691 3056 762 3101 esse
786 3049 886 3101 autem
912 3041 972 3100 iilis
995 3042 1112 3101 intelle-

132 3129 227 3196 ctum,
242 3138 282 3182 ex
296 3139 334 3184 eo
350 3123 492 3198 adparet,
510 3124 594 3199 quod
610 3124 682 3184 nihil
699 3125 840 3199 amplius,
857 3125 883 3184 si
898 3123 1113 3197 intellexerint,

123 3204 249 3286 'lanient
274 3207 347 3282 quid
365 3214 421 3278 est,
439 3223 535 3281 quare
551 3224 717 3282 pavonem,
735 3223 829 3282 quare
844 3224 984 3267 anserem
1000 3208 1114 3283 gallina

131 3303 168 3347 ne
186 3289 294 3365 rugiat,
317 3298 348 3351 at
363 3296 445 3350 tauto
462 3291 609 3351 minorem
629 3299 659 3352 et
672 3308 711 3352 ne
726 3299 829 3352 notum
847 3291 969 3366 quidem
988 3291 1048 3351 sibi
1064 3309 1114 3352 ao·

130 3372 289 3447 oipitremt
310 3387 406 3448 quare
417 3374 490 3447 pulli
503 3375 610 3435 laelem
622 3375 754 3450 timeant,
772 3391 877 3435 canem
890 3390 952 3434 non
966 3376 1115 3436 timeant?

121 3456 253 3533 adparet
274 3456 338 3522 iilis
361 3459 467 3522 inesse
489 3457 622 3522 nocituri
641 3459 798 3521 seientiam
822 3475 881 3518 non
901 3460 1114 3534 experimento
